unique_id|competitor_name|store_name|store_addressline1|store_addressline2|store_suburb|store_state|store_postcode|store_addressid|extraction_date|product_name|brand|brand_type|grammage_quantity|grammage_unit|producthierarchy_level1|producthierarchy_level2|producthierarchy_level3|producthierarchy_level4|producthierarchy_level5|producthierarchy_level6|producthierarchy_level7|regular_price|selling_price|price_was|promotion_price|promotion_valid_from|promotion_valid_upto|promotion_type|percentage_discount|promotion_description|package_sizeof_sellingprice|per_unit_sizedescription|price_valid_from|price_per_unit|multi_buy_item_count|multi_buy_items_price_total|currency|breadcrumb|pdp_url|variants|product_description|instructions|storage_instructions|preparationinstructions|instructionforuse|country_of_origin|allergens|age_of_the_product|age_recommendations|flavour|nutritions|nutritional_information|vitamins|labelling|grade|region|packaging|receipies|processed_food|barcode|frozen|chilled|organictype|cooking_part|handmade|max_heating_temperature|special_information|label_information|dimensions|special_nutrition_purpose|feeding_recommendation|warranty|color|model_number|material|usp|dosage_recommendation|tasting_note|food_preservation|size|rating|review|file_name_1|image_url_1|file_name_2|image_url_2|file_name_3|image_url_3|file_name_4|image_url_4|file_name_5|image_url_5|file_name_6|image_url_6|competitor_product_key|fit_guide|occasion|material_composition|style|care_instructions|heel_type|heel_height|upc|features|dietary_lifestyle|manufacturer_address|importer_address|distributor_address|vinification_details|recycling_information|return_address|alchol_by_volume|beer_deg|netcontent|netweight|site_shown_uom|ingredients|random_weight_flag|instock|promo_limit|product_unique_key|multibuy_items_pricesingle|perfect_match|servings_per_pack|warning|suitable_for|standard_drinks|environmental|grape_variety|retail_limit
2890098|mueller||||||||2024-10-28|bondi sands Tanning Lotion Tinted Skin Perfector|BONDI SANDS||150|ml|Home|Parfümerie|Pflege|Sonnenpflege|Selbstbräuner|bondi sands Tanning Lotion Tinted Skin Perfector||19,95 €|19,95 €|||||||||||133,00 € / 1 l|||EUR|Home> Parfümerie> Pflege> Sonnenpflege> Selbstbräuner> bondi sands Tanning Lotion Tinted Skin Perfector|https://www.mueller.at/p/bondi-sands-tanning-lotion-tinted-skin-perfector-IPN2890098/|150 ml|"Sand, Meer und Sonne - das beneidenswerte Bild Australiens.
Genießen Sie das ganze Jahr über strahlende Haut und einen sofortigen, gebräunten Glanz mit der Bondi Sands Tinted Skin Perfector Gradual Tanning Lotion. Diese nährende Feuchtigkeitslotion für alle Hauttypen enthält Bräunungspigmente für eine sofortige makellose Haut und kann täglich verwendet werden, um eine allmähliche Bräune aufzubauen."||Unter 30° C lagern||||||||||||||||||||Non-Organic||||{'Lagerhinweis': 'Unter 30° C lagern', 'target_group': 'Damen', 'manufacturer': 'Primor International', 'Anwendungshinweis': 'Schritt 1 Für eine gleichmäßige, streifenfreie Bräune muss die Haut vor der Anwendung sauber und trocken sein.\nSchritt 2 Tragen Sie die Bondi Sands Tinted Skin Perfector Gradual Tanning Lotion gleichmäßig in kreisenden Bewegungen auf die Haut auf. Warten Sie, bis die Haut trocken ist, bevor Sie sich anziehen.\nSchritt 3 Verwenden Sie die Lotion täglich, um sofort eine makellose Haut zu erhalten und das ganze Jahr über eine natürlich aussehende Bräune aufzubauen. Nach der Anwendung die Hände waschen.', 'package_contents': 'aqua (water), coco-caprylate/caprate, dihydroxyacetone, ci 77891 (titanium dioxide), ci 77492 (iron oxides), undecane, glyceryl stearate, polyacrylamide, ethoxydiglycol, phenoxyethanol, ci 77491 (iron oxides), parfum (fragrance), polyglyceryl-6 polyricinoleate, polyhydroxystearic acid, ci 77499 (iron oxides), tridecane, c13-14 isoparaffin, benzyl alcohol, dilinoleic acid/butanediol copolymer, erythrulose, laureth-7, potassium cetyl phosphate, castor oil/ipdi copolymer, citric acid, theobroma cacao (cocoa) seed butter, sodium citrate, aloe barbadensis leaf, juice powder, caffeine, vitis vinifera (grape) seed oil, helianthus annuus (sunflower) seed oil, tocopherol, anisyl alcohol.', 'skin_type': 'alle Hauttypen', 'Inhalt': '150 ml', 'scope_of_application': 'Selbstbräuner', 'Produkttyp': 'Lotion'}||||||||||||||0|0|2890098_1.png|https://static.mueller.de/pdzoom/810020173208.webp||||||||||||||||||||||Primor International||||||||||150 ml|aqua (water), coco-caprylate/caprate, dihydroxyacetone, ci 77891 (titanium dioxide), ci 77492 (iron oxides), undecane, glyceryl stearate, polyacrylamide, ethoxydiglycol, phenoxyethanol, ci 77491 (iron oxides), parfum (fragrance), polyglyceryl-6 polyricinoleate, polyhydroxystearic acid, ci 77499 (iron oxides), tridecane, c13-14 isoparaffin, benzyl alcohol, dilinoleic acid/butanediol copolymer, erythrulose, laureth-7, potassium cetyl phosphate, castor oil/ipdi copolymer, citric acid, theobroma cacao (cocoa) seed butter, sodium citrate, aloe barbadensis leaf, juice powder, caffeine, vitis vinifera (grape) seed oil, helianthus annuus (sunflower) seed oil, tocopherol, anisyl alcohol.||True||2890098P|||||||||10
2747682|mueller||||||||2024-10-28|TRENDHAUS Color Change Monster-Ball 4fach sortiert|TRENDHAUS||1|Stk.|Home|Spielwaren|Buch & Schulbedarf|Schulranzen & Taschen|TRENDHAUS Color Change Monster-Ball 4fach sortiert|||4,49 €|4,49 €||||||||||||||EUR|Home> Spielwaren> Buch & Schulbedarf> Schulranzen & Taschen> TRENDHAUS Color Change Monster-Ball 4fach sortiert|https://www.mueller.at/p/trendhaus-color-change-monster-ball-4fach-sortiert-2747682/|1 Stk.|Squeeze it! Dieser superweiche Colour Change Monster-Ball mit tollem Farbwechseleffekt zum Drücken, Quetschen und Spaß haben, sorgt einfach für gute Laune! So hat Stress keine Chance! Ca. 6,4cm.||||||||||||||||||||||Non-Organic||||{'manufacturer': 'TRENDHAUS Handelsgesellschaft mbH', 'Herstelleradresse': 'Mühlweg 15 ,92369 Reichertshofen', 'Inhalt': '1 Stk.', 'Produkttyp': 'Sonstiger Schulbedarf'}||||||||||||||0|0|2747682_1.png|https://static.mueller.de/6956295605-PV-0/pdzoom/trendhaus-color-change-monster-ball-4fach-sortiert.webp|2747682_2.png|https://static.mueller.de/6956295605-PB-1/pdzoom/trendhaus-color-change-monster-ball-4fach-sortiert.webp|2747682_3.png|https://static.mueller.de/6956295605-PB-2/pdzoom/trendhaus-color-change-monster-ball-4fach-sortiert.webp|2747682_4.png|https://static.mueller.de/6956295605-PB-3/pdzoom/trendhaus-color-change-monster-ball-4fach-sortiert.webp|2747682_5.png|https://static.mueller.de/6956295605-PB-4/pdzoom/trendhaus-color-change-monster-ball-4fach-sortiert.webp|2747682_6.png|https://static.mueller.de/6956295605-PB-5/pdzoom/trendhaus-color-change-monster-ball-4fach-sortiert.webp||||||||||||TRENDHAUS Handelsgesellschaft mbH||||||||||1 Stk.|||True||2747682P|||||||||10
535147|mueller||||||||2024-10-28|Metropolis Part 2-Scenes From|||1|Stk.|Home|Multi-Media|Musik|Rock|Metropolis Part 2-Scenes From|||5,99 €|5,99 €||||||||||||||EUR|Home> Multi-Media> Musik> Rock> Metropolis Part 2-Scenes From|https://www.mueller.at/p/metropolis-part-2-scenes-from-535147/|1 Stk.|||||||||||||||||||||||Non-Organic||||{'medium': 'CD', 'Künstler': 'Dream Theater', 'Inhalt': '1 Stk.', 'Anzahl Medien im Artikel': '1', 'genre': 'Rock international', 'Label': 'Elektra'}||||||||||||||0|0|535147_1.png|https://static.mueller.de/pdzoom/phononet_0075596244824_pv_0075596244824-0600px-001.webp||||||||||||||||||||||||||||||||1 Stk.|||True||535147P|||||||||5
2747680|mueller||||||||2024-10-28|Cruella|||1|Stk.|Home|Multi-Media|Filme & TV|Komödie & Comedy|Cruella|||9,99 €|9,99 €||||||||||||||EUR|Home> Multi-Media> Filme & TV> Komödie & Comedy> Cruella|https://www.mueller.at/p/cruella-2747680/|1 Stk.|"Die clevere Trickbetrügerin Estella (Stone) ist fest entschlossen, eine erfolgreiche Modedesignerin zu werden. Als ihr Gespür für Mode das Interesse der legendären Designerin Baroness von Hellman (Emma Thompson) weckt, verwandelt sich Estella in die gefürchtete „Cruella“, der im Konkurrenzkampf um das perfekte Design alle Mittel recht sind ...

Presse:
- ""Wild. Laut. Punkig!"" - (MoviePilot.de)"|||||||||||||||"Nord- und Südamerika, Korea, Hongkong, Taiwan|Europa, Vorderasien, Afrika, Australien|Indien, China, Russland, Zentral- und Südasien"|||||||Non-Organic||||"{'medium': 'Blu-ray Disc', 'Untertitel': 'Deutsch,Dänisch,Holländisch,Finnisch,Norwegisch,Schwedisch,Französisch', 'manufacturer': 'LEONINE', 'Bildformat': '16:9|HD', 'Zusatzinfos / Bonusmaterial beim Film dabei': 'Die zwei Emmas;\nDie beiden Sidekicks;\nCruella Couture;\nDie Welt von Cruella;\nNeue Hunde ... Alte Tricks;\nCruella 101;\nPannen vom Dreh;\nZusätzliche Szenen;', 'Inhalt': '1 Stk.', 'Laufzeit in min (gesamt)': '134', 'Produktionsjahr': '2021', 'Produktionsland': 'USA', 'Regionalcode': 'Nord- und Südamerika, Korea, Hongkong, Taiwan|Europa, Vorderasien, Afrika, Australien|Indien, China, Russland, Zentral- und Südasien', 'Regisseur': 'Craig Gillespie', 'Schauspieler': 'Emma Stone,Emma Thompson,Paul Walter Hauser,Joel Fry,Emily Beecham,Kirby Howell-Baptiste,Mark Strong', 'Special Edition': 'Nein', 'Tonformat-Sprache': 'Deutsch,Französisch,Englisch', 'Untertitel für Gehörlose': 'Englisch', 'packaging_type': 'Softbox', 'Hauptgenre': 'Komödie'}"||||||||||||||0|0|2747680_1.png|https://static.mueller.de/videojakob_8717418591618_pv_618435/pdzoom/cruella.webp|2747680_2.png|https://static.mueller.de/pdzoom/videojakob_8717418591618_pr_618435-back.webp|2747680_3.png|https://static.mueller.de/videojakob_8717418591618_pd_66644743/pdzoom/cruella.webp|2747680_4.png|https://static.mueller.de/videojakob_8717418591618_pd_66645546/pdzoom/cruella.webp|2747680_5.png|https://static.mueller.de/videojakob_8717418591618_pd_66646249/pdzoom/cruella.webp|2747680_6.png|https://static.mueller.de/videojakob_8717418591618_pd_66646983/pdzoom/cruella.webp||||||||||||LEONINE||||||||||1 Stk.|||True||2747680P|||||||||5
2483461|mueller||||||||2024-10-28|ESTEE LAUDER Pc Envy Sugar Scrub|ESTÉE LAUDER||12|g|Home|Parfümerie|Pflege|Gesichtspflege|Lippenpflege|ESTEE LAUDER Pc Envy Sugar Scrub||45,95 €|45,95 €|||||||||||3 829,17 € / 1 kg|||EUR|Home> Parfümerie> Pflege> Gesichtspflege> Lippenpflege> ESTEE LAUDER Pc Envy Sugar Scrub|https://www.mueller.at/p/estee-lauder-pc-envy-sugar-scrub-2483461/|12 g|Pflegen Sie Ihre Lippen babyweich.Machen Sie sich bereit für einen geschmeidigen, weichen und perfekt gepflegten Schmollmund. Dieses speziell entwickelte Peeling wirkt wie ein Gesichtspeeling für die Lippen.Mit der Präzisionsspitze sanft einmassieren. Raue und trockende Stellen werden von den sanften Zuckerkristallen entfernt und Sie erstrahlen mit einem süßen, geschmeidigeren Lächeln.||||||||||||||||||||||Non-Organic||||"{'target_group': 'Damen', 'manufacturer': 'Estée Lauder Companies', 'Herstelleradresse': 'Domagkstr. 10, 80807 München', 'Anwendungshinweis': 'Verwenden Sie die Präzisionsspitze, um das Peeling direkt auf den gereinigten Lippen einzumassieren. Lassen Sie die Kristalle auf den Lippen schmelzen oder nehmen Sie Überschüssiges mit einem Tuch ab.', 'package_contents': 'Octyldodecanol, Pentaerythrityl Adipate/Caprate/Caprylate/Heptanoate, Sucrose, Bis-Diglyceryl Polyacyladipate-2, Hydrogenated Dilinoleyl Alcohol, Polyethylene, Stearoxymethicone/Dimethicone Copolymer, Cellulose, Silica, Polybutene, Microcrystalline Wax\\Cera Microcristallina\\Cire Microcristalline, Hydroxyethylcellulose, Ethylhexyl Palmitate, Triticum Vulgare (Wheat Bran) Extract, Macrocystis Pyrifera (Kelp) Extract, Butyrospermum Parkii (Shea Butter), Olea Europaea (Olive) Fruit Extract, Theobroma Grandiflorum Seed Butter, Astrocaryum Murumuru Seed Butter, Cholesterol, Oleic Acid, Saccharin, Polydecene, Butylene Glycol, Polyglyceryl-4 Isostearate, Cetyl Peg/Ppg-10/1 Dimethicone, Lauryl Pca, Ethylhexylglycerin, C20-40 Pareth-10, Methyl Glucose Sesquistearate, Sodium Hyaluronate, Lauryl Methacrylate/Glycol Dimethacrylate Crosspolymer, Tocopheryl Acetate, Hexyl Laurate, Tetrahexyldecyl Ascorbate, Silica Dimethyl Silylate, Glyceryl Stearate, Ethylcellulose, Palmitic Acid, Water\\Aqua\\Eau, Po', 'skin_type': 'alle Hauttypen', 'product_property': 'glättend|geschmeidig|pflegend', 'Inhalt': '12 g', 'scope_of_application': 'Lippenpflege', 'Produkttyp': 'Balm'}"||||||||||||||0|0|2483461_1.png|https://static.mueller.de/6723220174-PV-0/pdzoom/estee-lauder-pc-envy-sugar-scrub.webp||||||||||||||||||||||Estée Lauder Companies||||||||||12 g|Octyldodecanol, Pentaerythrityl Adipate/Caprate/Caprylate/Heptanoate, Sucrose, Bis-Diglyceryl Polyacyladipate-2, Hydrogenated Dilinoleyl Alcohol, Polyethylene, Stearoxymethicone/Dimethicone Copolymer, Cellulose, Silica, Polybutene, Microcrystalline Wax\Cera Microcristallina\Cire Microcristalline, Hydroxyethylcellulose, Ethylhexyl Palmitate, Triticum Vulgare (Wheat Bran) Extract, Macrocystis Pyrifera (Kelp) Extract, Butyrospermum Parkii (Shea Butter), Olea Europaea (Olive) Fruit Extract, Theobroma Grandiflorum Seed Butter, Astrocaryum Murumuru Seed Butter, Cholesterol, Oleic Acid, Saccharin, Polydecene, Butylene Glycol, Polyglyceryl-4 Isostearate, Cetyl Peg/Ppg-10/1 Dimethicone, Lauryl Pca, Ethylhexylglycerin, C20-40 Pareth-10, Methyl Glucose Sesquistearate, Sodium Hyaluronate, Lauryl Methacrylate/Glycol Dimethacrylate Crosspolymer, Tocopheryl Acetate, Hexyl Laurate, Tetrahexyldecyl Ascorbate, Silica Dimethyl Silylate, Glyceryl Stearate, Ethylcellulose, Palmitic Acid, Water\Aqua\Eau, Po||True||2483461P|||||||||1
2483464|mueller||||||||2024-10-28|ESTEE LAUDER Color Envy Lip Repair Elixir|ESTÉE LAUDER||6|ml|Home|Parfümerie|Pflege|Gesichtspflege|Lippenpflege|ESTEE LAUDER Color Envy Lip Repair Elixir||45,95 €|45,95 €||||||||||||||EUR|Home> Parfümerie> Pflege> Gesichtspflege> Lippenpflege> ESTEE LAUDER Color Envy Lip Repair Elixir|https://www.mueller.at/p/estee-lauder-color-envy-lip-repair-elixir-2483464/|6 ml|"Ihre All-in-One Lippenreparaturformel: Wirkt wiederbelebend, erneuert und macht Ihre Lippen geschmeidig.
Ideal für Ihre Nachtroutine als Pflege während des Schlafes oder für ein beneidenswertes Lächeln zu jeder Zeit.
Einfacher Auftrag mit dem Applikator."||||||||||||||||||||||Non-Organic||||"{'target_group': 'Damen', 'manufacturer': 'Estée Lauder Companies', 'Herstelleradresse': 'Domagkstr. 10, 80807 München', 'Anwendungshinweis': 'Nach Bedarf direkt auf die gereinigten Lippen auftragen. Ideal für die Nacht.', 'package_contents': ""Petrolatum , Pentaerythrityl Tetraisostearate , Bis-Diglyceryl Polyacyladipate-2 , Caprylic/Capric Triglyceride , Peg-8 Beeswax , Methyl Methacrylate Crosspolymer , Silica , Macrocystis Pyrifera (Kelp) Extract , Triticum Vulgare (Wheat Bran) Extract , Triticum Vulgare (Wheat) Germ Extract , Hordeum Vulgare (Barley) Extract\\Extrait D'Orge , Palmitoyl Tripeptide-1 , Olea Europaea (Olive) Fruit Extract , Polybutene , Salicornia Herbacea Extract , Oleic Acid , Phoenix Dactylifera (Date) Fruit Extract , Squalane , Moringa Oil/Hydrogenated Moringa Oil Esters , Brassica Campestris (Rapeseed) Sterols , Crithmum Maritimum Extract , Cholesterol , Olea Europaea (Olive) Fruit Oil , Tetrahexyldecyl Ascorbate , Sodium Hyaluronate , Acetyl Glucosamine , Ethylhexyl Palmitate , Ricinus Communis (Castor) Seed Oil , Glyceryl Stearate , Polydecene , Dimethicone , Tocopheryl Acetate , Hydrogenated Castor Oil , Acrylates Copolymer , Palmitic Acid , Tribehenin , Butylene Glycol , Hydrogenated Vegetable Oil ,"", 'skin_type': 'alle Hauttypen', 'product_property': 'feuchtigkeitsspendend|schützend|glättend|regenerierend|reichhaltig|geschmeidig|pflegend', 'Inhalt': '6 ml', 'scope_of_application': 'Lippenpflege', 'Produkttyp': 'Balm'}"||||||||||||||0|0|2483464_1.png|https://static.mueller.de/pdzoom/887167443495.webp||||||||||||||||||||||Estée Lauder Companies||||||||||6 ml|Petrolatum , Pentaerythrityl Tetraisostearate , Bis-Diglyceryl Polyacyladipate-2 , Caprylic/Capric Triglyceride , Peg-8 Beeswax , Methyl Methacrylate Crosspolymer , Silica , Macrocystis Pyrifera (Kelp) Extract , Triticum Vulgare (Wheat Bran) Extract , Triticum Vulgare (Wheat) Germ Extract , Hordeum Vulgare (Barley) Extract\Extrait D'Orge , Palmitoyl Tripeptide-1 , Olea Europaea (Olive) Fruit Extract , Polybutene , Salicornia Herbacea Extract , Oleic Acid , Phoenix Dactylifera (Date) Fruit Extract , Squalane , Moringa Oil/Hydrogenated Moringa Oil Esters , Brassica Campestris (Rapeseed) Sterols , Crithmum Maritimum Extract , Cholesterol , Olea Europaea (Olive) Fruit Oil , Tetrahexyldecyl Ascorbate , Sodium Hyaluronate , Acetyl Glucosamine , Ethylhexyl Palmitate , Ricinus Communis (Castor) Seed Oil , Glyceryl Stearate , Polydecene , Dimethicone , Tocopheryl Acetate , Hydrogenated Castor Oil , Acrylates Copolymer , Palmitic Acid , Tribehenin , Butylene Glycol , Hydrogenated Vegetable Oil ,||True||2483464P|||||||||7
2890084|mueller||||||||2024-10-28|Philips Avent Natural Response Flasche Babyflasche mit Airfree Ventil|||1|Stk.|Home|Drogerie|Kind & Mama|Flaschen & Sauger|Fläschchen|Philips Avent Natural Response Flasche Babyflasche mit Airfree Ventil||10,99 €|10,99 €||||||||||||||EUR|Home> Drogerie> Kind & Mama> Flaschen & Sauger> Fläschchen> Philips Avent Natural Response Flasche Babyflasche mit Airfree Ventil|https://www.mueller.at/p/philips-avent-natural-response-flasche-babyflasche-mit-airfree-ventil-IPN2890084/|1 Stk.|"Für ruhiges und bequemes Füttern. Der Natural Response Sauger unterstützt den einzigartigen Rhythmus deines Babys beim Saugen, Schlucken und Atmen, während das AirFree Ventil dafür sorgt, dass keine Luft in seinen Magen gelangt. Dies gewährleistet einen besonderen Schutz vor Koliken, Blähungen und Reflux.

2 Flaschen
125 ml
Saugerstufe 2 (0M+)
ab 0 Monaten
"||||||||0 Jahre||||||||||||||Non-Organic||||{'Fassungsvermögen': '125 ml', 'target_group': 'Baby & Kleinkind', 'manufacturer': 'Philips GmbH Market DACH', 'Herstelleradresse': 'Röntgenstrasse 22, DE-22335 Hamburg', 'Kontaktmöglichkeit': 'www.philips.de', 'Altersempfehlung ab': '0 Jahre', 'Inhalt': '1 Stk.', 'Produkttyp': 'Fläschchen'}||||||||||||||4.9091|33|2890084_1.png|https://static.mueller.de/pdzoom/8710103990345-VS.webp|2890084_2.png|https://static.mueller.de/pdzoom/8710103990345-PD.webp||||||||||||||||||||Philips GmbH Market DACH||||||||||1 Stk.|||True||2890084P|||||||||10
2890087|mueller||||||||2024-10-28|Philips Avent Trinksauger Natural Response ab 1 Monat|PHILIPS AVENT||2|Stk.|Home|Drogerie|Kind & Mama|Flaschen & Sauger|Trinksauger|Philips Avent Trinksauger Natural Response ab 1 Monat||7,99 €|7,99 €|||||||||||39,95 € / 10 Stk.|||EUR|Home> Drogerie> Kind & Mama> Flaschen & Sauger> Trinksauger> Philips Avent Trinksauger Natural Response ab 1 Monat|https://www.mueller.at/p/philips-avent-trinksauger-natural-response-ab-1-monat-IPN2890087/|2 Stk.|"Der Natural Response Sauger gibt nur dann Milch ab, wenn dein Baby aktiv trinkt. So kann dein Baby in seinem natürlichen Rhythmus saugen, schlucken und atmen – ähnlich wie beim Stillen. Dadurch lassen sich Stillen und Flaschenernährung einfach kombinieren.

Saugerstufe 3
ab dem 1. Monat
260ml Fassungsvermögen
"||||||||||||||||||||||Non-Organic||||{'Fassungsvermögen': '260 ml', 'manufacturer': 'Philips GmbH Market DACH', 'Herstelleradresse': 'Röntgenstrasse 22, DE-22335 Hamburg', 'Kontaktmöglichkeit': 'www.philips.de', 'Anwendungshinweis': 'Unser neuer, tropffreier Natural Response Sauger gibt nur dann Milch ab, wenn dein Baby aktiv trinkt und ermöglicht so einen reibungslosen Wechsel zwischen Brust und Flasche.', 'Inhalt': '2 Stk.'}||||||||||||||0|0|2890087_1.png|https://static.mueller.de/pdzoom/8710103985129_3921552.webp|2890087_2.png|https://static.mueller.de/pdzoom/8710103985129_3921488.webp|2890087_3.png|https://static.mueller.de/pdzoom/8710103985129_3921537.webp|2890087_4.png|https://static.mueller.de/pdzoom/8710103985129_3921581.webp|2890087_5.png|https://static.mueller.de/pdzoom/8710103985129_3921553.webp|2890087_6.png|https://static.mueller.de/pdzoom/8710103985129_3921491.webp||||||||||||Philips GmbH Market DACH||||||||||2 Stk.|||True||2890087P|||||||||10
2733088|mueller||||||||2024-10-28|A Better Dystopia|||1|Stk.|Home|Multi-Media|Musik|Heavy Metal|A Better Dystopia|||9,99 €|9,99 €||||||||||||||EUR|Home> Multi-Media> Musik> Heavy Metal> A Better Dystopia|https://www.mueller.at/p/a-better-dystopia-2733088/|1 Stk.|||||||||||||||||||||||Non-Organic||||{'medium': 'CD', 'Künstler': 'Monster Magnet', 'Inhalt': '1 Stk.', 'Anzahl Medien im Artikel': '1', 'genre': 'Metal', 'Label': 'Napalm Rec'}||||||||||||||0|0|2733088_1.png|https://static.mueller.de/pdzoom/phononet_0840588143405_pv_0840588143405-0600px-001.webp|2733088_2.png|https://static.mueller.de/pdzoom/phononet_0840588143405_pr_0840588143405-0600px-002.webp|2733088_3.png|https://static.mueller.de/6934986130-PR-1/pdzoom/a-better-dystopia.webp||||||||||||||||||||||||||||1 Stk.|||True||2733088P|||||||||5
574716|mueller||||||||2024-10-28|Revell 04781 - Vought F4U-1D Corsair|REVELL||1|Stk.|Home|Spielwaren|Modellbau & Modelleisenbahn|Modellbau|Flugzeuge|Revell 04781 - Vought F4U-1D Corsair||29,99 €|29,99 €||||||||||||||EUR|Home> Spielwaren> Modellbau & Modelleisenbahn> Modellbau> Flugzeuge> Revell 04781 - Vought F4U-1D Corsair|https://www.mueller.at/p/revell-04781-vought-f4u-1d-corsair-574716/|1 Stk.|"Vought F4U-1D CorsairDie Vought Corsair war eines der ungewöhnlichsten aber auch erfolgreichsten Navy-Flugzeuge des 2. Weltkriegs. Gefürchtet vom japanischen Gegner der ihr den Spitznamen ""Flüsternder Tod "" gab kämpfte sie sich von 1943 bis 1945 durch den pazifischen Himmelund erzielte dabei rekordverdächtige Erfolge: 2140 gegenerische Flugzeuge wurden zerstört bei 189 eigenen Verlusten. Die geballte Feuerkraft der Corsair bestand aus sechs 12.7 mm Browning MGs. Ihre charakteristisch abgeknickten Tragflächen verliehen ihreine hohe Wiedererkennbarkeit bei den Bodentruppen die sie ""Sweetheart of Okinawa"" nannten. Die F4U-1A bildete das erste Baulos mit  größeren Änderungen, Höchstgeschwindigkeit 671km/h.Zum Modell: - strukturierte Oberflächen- Tragflächen wahlweise einzuklappen- detaillierter R 2800 Doppelsternmotor- detailliertes Cockpit mit Instrumentenbord- Pilotenfigur- beweglicher Propeller- detailliertes Fahrwerk- Abziehbilder für 2 US Navy Versionen:- Vought F4U-1A Corsair, VF-17 Squadron, US Navy, Ondonga, Solomon Islands, November 1943- Vought F4U-1A Corsair, VF-17 Squadron, US Navy, Bougainville, Solomon Islands, February 1944Benötigte Farben: 5; 56; 57; 360; 88; 83Zusatzfarben: 9; 90; 302; 77; 15; 35; 84; 91; 55; 75; 364; 330; 99"||||||||10 Jahre||||||||||||||Non-Organic||||{'target_group': 'Jugendliche', 'Artikelnummer des Herstellers': '04781', 'license': 'Revell Modellbau Flugzeuge', 'Altersempfehlung ab': '10 Jahre', 'Altersempfehlung bis': '99 Jahre', 'Materialdetails': 'Kunststoff', 'Inhalt': '1 Stk.', 'Anzahl Teile': '68', 'Maßstab': 'ca. 1:32', 'Produkttyp': 'Flugzeuge'}||||||||Kunststoff||||||0|0|574716_1.png|https://static.mueller.de/246790648-PB-0/pdzoom/revell-04781-vought-f4u-1d-corsair.webp|574716_2.png|https://static.mueller.de/246790648-PB-1/pdzoom/revell-04781-vought-f4u-1d-corsair.webp|574716_3.png|https://static.mueller.de/246790648-PB-2/pdzoom/revell-04781-vought-f4u-1d-corsair.webp|574716_4.png|https://static.mueller.de/246790648-PB-3/pdzoom/revell-04781-vought-f4u-1d-corsair.webp|574716_5.png|https://static.mueller.de/246790648-PB-4/pdzoom/revell-04781-vought-f4u-1d-corsair.webp|574716_6.png|https://static.mueller.de/246790648-PB-5/pdzoom/revell-04781-vought-f4u-1d-corsair.webp||||||||||||04781||||||||||1 Stk.|||True||574716P|||||||||6
2312008|mueller||||||||2024-10-28|Drachenzähmen leicht gemacht|||1|Stk.|Home|Multi-Media|Filme & TV|Kinderfilme|Drachenzähmen leicht gemacht|||7,99 €|7,99 €||||||||||||||EUR|Home> Multi-Media> Filme & TV> Kinderfilme> Drachenzähmen leicht gemacht|https://www.mueller.at/p/drachenzaehmen-leicht-gemacht-2312008/|1 Stk.|Hicks, der kleine Wikinger lebt auf der Insel Berk, auf dieser wird tagein tagaus gegen Drachen gekämpft. Jedoch eines Tages kommt es dazu, dass er einem Drachen das Leben rettet. Die beiden freunden sich an, was Hicks Vater, das Stammesoberhaupt der Gemeinschaft, gar nicht erfreut. Sein Sohn verstößt damit gegen die Wikingerehre. Diese sieht ausschließlich das Bekämpfen von Drachen vor. Doch Hicks lässt sich davon nicht beirren und nimmt den Kampf gegen die Ausrottung der Drachen auf.||||||||||||||||||||||Non-Organic||||"{'medium': 'DVD', 'Untertitel': 'Deutsch,Englisch,Türkisch', 'manufacturer': 'Universal Pictures Germany GmbH', 'Bildformat': 'Widescreen', 'Zusatzinfos / Bonusmaterial beim Film dabei': 'Audiokommentar der Regisseure;\nKoautoren und der Produzentin;\nEine riesige Besetzung: Die Wikinger;\nDie Technik hinter Drachenzähmen leicht gemacht;', 'Inhalt': '1 Stk.', 'Laufzeit in min (gesamt)': '94', 'Produktionsjahr': '2010', 'Produktionsland': 'USA', 'Regisseur': 'Dean Deblois,Christopher Sanders', 'Special Edition': 'Nein', 'Tonformat-Sprache': 'Deutsch,Englisch,Türkisch', 'Hauptgenre': 'Fantasy|Kinder|Animationsfilm'}"||||||||||||||0|0|2312008_1.png|https://static.mueller.de/videojakob_5053083147297_pv_535816/pdzoom/drachenzaehmen-leicht-gemacht.webp|2312008_2.png|https://static.mueller.de/videojakob_5053083147297_pd_66635789/pdzoom/drachenzaehmen-leicht-gemacht.webp|2312008_3.png|https://static.mueller.de/videojakob_5053083147297_pd_66636219/pdzoom/drachenzaehmen-leicht-gemacht.webp|2312008_4.png|https://static.mueller.de/videojakob_5053083147297_pd_66636620/pdzoom/drachenzaehmen-leicht-gemacht.webp|2312008_5.png|https://static.mueller.de/videojakob_5053083147297_pd_66637003/pdzoom/drachenzaehmen-leicht-gemacht.webp|2312008_6.png|https://static.mueller.de/videojakob_5053083147297_pd_66637442/pdzoom/drachenzaehmen-leicht-gemacht.webp||||||||||||Universal Pictures Germany GmbH||||||||||1 Stk.|||True||2312008P|||||||||5
2772682|mueller||||||||2024-10-28|NADURIA Bio Vegan Shake Bourbon Vanille|NADURIA||300|g|Home|Drogerie|Lebensmittel|Nahrung|Nüsse & Trockenfrüchte|NADURIA Bio Vegan Shake Bourbon Vanille||11,99 €|11,99 €|||||||||||39,97 € / 1 kg|||EUR|Home> Drogerie> Lebensmittel> Nahrung> Nüsse & Trockenfrüchte> NADURIA Bio Vegan Shake Bourbon Vanille|https://www.mueller.at/p/naduria-bio-vegan-shake-bourbon-vanille-2772682/|300 g|Sehr guter Geschmack,Minimalistische Rezeptur,Perfekt cremig,Mit echter Bourbon Vanille Bioqualität,Veganer Proteinshake,Hoher Eiweißgehalt von 60%,Zur Zubereitung eines veganen Protein Shakes,Mit natürlicher Süße aus Datteln,Dose kann in der Papiertonne entsorgt werden,Nutriscore A||Das Vor Wärme geschützt sowie trocken lagern|||||||||{'Nährwerte je': '100  g', 'Brennwert': '1630 kj / 385 kcal', 'Fett in g': '4.9 g', '- davon gesättigte Fettsäuren in g': '1.3 g', 'Kohlenhydrate in g': '24.0 g', '- davon Zucker in g': '16.0 g', 'Ballaststoffe in g': '2.6 g', 'Eiweiß in g': '60.0 g', 'Salz in g': '1.4 g'}|||||||||||Organic||||{'Lagerhinweis': 'Das Vor Wärme geschützt sowie trocken lagern', 'target_group': 'Unisex', 'manufacturer': 'Duria Global GmbH & Co. KG', 'Herstelleradresse': 'Hämmerchensgäßchen 2a, 52349 Düren', 'Kontaktmöglichkeit': 'info@naduria.de', 'Öko-Kontrollstelle': 'DE-ÖKO-003', 'Anwendungshinweis': 'Gleich nach der Zubereitung verzehren', 'Inhalt': '300 g', 'Bio': 'Ja', 'Zutaten': '53% Erbsenproteinisolat*, 20% SOJAproteinisolat*, 20% Dattelpulver*, 7% Bourbon Vanille Extrakt*. *aus biologischer Landwirtschaft', 'Nutriscore': 'A', 'Produkttyp': 'Nüsse, Saaten & Trockenfrüchte', 'warning_notice': 'Die angegebene empfohlene tägliche Verzehrsmenge darf nicht überschritten werden. Nahrungsergänzungsmittel sollten nicht als Ersatz für eine ausgewogene und abwechslungsreiche Ernährung dienen. Achten Sie auf eine gesunde Lebensweise. Außerhalb der Reichweite von kleinen Kindern aufbewahren.', 'Zubereitungshinweis': 'Mix dir 30 g oder 4 Esslöffel deines Proteinshakes mit 200 ml Haferdrink zu einem Shake.'}||||||||||||||4.0|8|2772682_1.png|https://static.mueller.de/markant_04260390244477_pv_3645170/pdzoom/naduria-bio-vegan-shake-bourbon-vanille.webp|2772682_2.png|https://static.mueller.de/markant_04260390244477_pv_3095152/pdzoom/naduria-bio-vegan-shake-bourbon-vanille.webp|2772682_3.png|https://static.mueller.de/markant_04260390244477_pr_3095150/pdzoom/naduria-bio-vegan-shake-bourbon-vanille.webp|2772682_4.png|https://static.mueller.de/markant_04260390244477_pr_3095151/pdzoom/naduria-bio-vegan-shake-bourbon-vanille.webp|2772682_5.png|https://static.mueller.de/7023956046-VR-1/pdzoom/naduria-bio-vegan-shake-bourbon-vanille.webp|2772682_6.png|https://static.mueller.de/7023956046-VR-2/pdzoom/naduria-bio-vegan-shake-bourbon-vanille.webp||||||||||||Duria Global GmbH & Co. KG||||||||||300 g|||True||2772682P|||||||||10
3646|mueller||||||||2024-10-28|Melitta Filtertüten 100/40 naturbraun|MELITTA||40|Stk.|Home|Drogerie|Haushalt|Haushaltsartikel|Kaffee- & Teefilter|Melitta Filtertüten 100/40 naturbraun||1,99 €|1,99 €|||||||||||0,50 € / 10 Stk.|||EUR|Home> Drogerie> Haushalt> Haushaltsartikel> Kaffee- & Teefilter> Melitta Filtertüten 100/40 naturbraun|https://www.mueller.at/p/melitta-filtertueten-100-40-naturbraun-3646/|40 Stk.|Entdecken Sie mit den Melitta® Original Aromafiltern ein ausgewogenes und noch aromatischeres Geschmackserlebnis Ihres Filterkaffees. Die Aromaporen sind jetzt in 3 Aromazonen unterteilt und sorgen so für eine optimale Genussentfaltung. Weitere Vorteile im Überblick: •Höchste Qualität an Reinheit, Reißfestigkeit und Filtrationsleistung •mit extrastabiler Doppelnaht  •40 Kaffeefilter in der Größe 100||||||||||||||||||||||Non-Organic||||{'scope_of_delivery': 'siehe Inhalt', 'manufacturer': 'Melitta Europa GmbH & Co. KG', 'Herstelleradresse': 'Ringstrasse 99, 32427 Minden', 'Kontaktmöglichkeit': 'verbraucherservice.me-h@melitta.de', 'Material': 'Papier', 'Inhalt': '40 Stk.', 'Produkttyp': 'Kaffee- & Teefilter'}||||||||||||||5.0|1|3646_1.png|https://static.mueller.de/markant_04006508126033_pv_3794188/pdzoom/melitta-filtertueten-100-40-naturbraun.webp||||||||||||||||||||||Melitta Europa GmbH & Co. KG||||||||||40 Stk.|||False||3646P|||||||||1
3647|mueller||||||||2024-10-28|Filtertüten 101/40 naturbraun|MELITTA||40|Stk.|Home|Drogerie|Haushalt|Haushaltsartikel|Kaffee- & Teefilter|Filtertüten 101/40 naturbraun||1,99 €|1,99 €|||||||||||0,50 € / 10 Stk.|||EUR|Home> Drogerie> Haushalt> Haushaltsartikel> Kaffee- & Teefilter> Filtertüten 101/40 naturbraun|https://www.mueller.at/p/filtertueten-101-40-naturbraun-3647/|40 Stk.|Entdecken Sie mit den Melitta® Original Aromafiltern ein ausgewogenes und noch aromatischeres Geschmackserlebnis Ihres Filterkaffees. Die Aromaporen sind jetzt in 3 Aromazonen unterteilt und sorgen so für eine optimale Genussentfaltung. Weitere Vorteile im Überblick: •Höchste Qualität an Reinheit, Reißfestigkeit und Filtrationsleistung •mit extrastabiler Doppelnaht •40 Kaffeefilter in der Größe 101||||||||||||||||||||||Non-Organic||||{'scope_of_delivery': 'siehe Inhalt', 'manufacturer': 'Melitta Europa GmbH & Co. KG', 'Herstelleradresse': 'Ringstrasse 99, 32427 Minden', 'Kontaktmöglichkeit': 'verbraucherservice.me-h@melitta.de', 'Material': 'Papier', 'Inhalt': '40 Stk.', 'Produkttyp': 'Kaffee- & Teefilter'}||||||||||||||5.0|1|3647_1.png|https://static.mueller.de/markant_04006508125999_pv_2939354/pdzoom/filtertueten-101-40-naturbraun.webp||||||||||||||||||||||Melitta Europa GmbH & Co. KG||||||||||40 Stk.|||True||3647P|||||||||10
2772677|mueller||||||||2024-10-28|NADURIA Bio Vegan Proteinshake Schokolade|NADURIA||300|g|Home|Drogerie|Lebensmittel|Nahrung|Sportlernahrung|NADURIA Bio Vegan Proteinshake Schokolade||11,99 €|11,99 €|||||||||||39,97 € / 1 kg|||EUR|Home> Drogerie> Lebensmittel> Nahrung> Sportlernahrung> NADURIA Bio Vegan Proteinshake Schokolade|https://www.mueller.at/p/naduria-bio-vegan-proteinshake-schokolade-2772677/|300 g|Mit echter veganer Schokolade,Sehr guter Geschmack,Minimalistische Rezeptur,Perfekt cremig Bioqualität,Bio veganer Proteinshake,Hoher Eiweißgehalt von 60%,Zur Zubereitung eines Veganen Protein Shakes,Mit natürlicher Süße aus Datteln,Dose kann in der Papiertonne entsorgt werden,Nutriscore A||Das Produkt geschlossen, trocken, lichtgeschützt und bei Raumtemperatur lagern.|||||||||{'Nährwerte je': '100  g', 'Brennwert': '1678 kj / 400 kcal', 'Fett in g': '7.4 g', '- davon gesättigte Fettsäuren in g': '2.8 g', 'Kohlenhydrate in g': '21.0 g', '- davon Zucker in g': '15.0 g', 'Eiweiß in g': '60.0 g', 'Salz in g': '1.3 g'}|||||||||||Organic||||"{'Lagerhinweis': 'Das Produkt geschlossen, trocken, lichtgeschützt und bei Raumtemperatur lagern.', 'target_group': 'Unisex|Damen|Herren', 'manufacturer': 'Duria Global GmbH & Co. KG', 'Herstelleradresse': 'Hämmerchensgäßchen 2a, 52349 Düren', 'Kontaktmöglichkeit': 'info@naduria.de', 'Öko-Kontrollstelle': 'DE-ÖKO-003', 'Anwendungshinweis': 'Gleich nach der Zubereitung verzehren', 'Inhalt': '300 g', 'Bio': 'Ja', 'Zutaten': '50 % Erbsenproteinisolat*, 20 % SOJAproteinisolat*, 20 % Dattelpulver*, 8 % Schokoladenpulver* (Kakaopulver*, Kakaomasse*, Rohrzucker*), 2 % Bourbon Vanille Extrakt*. *aus biologischer Landwirtschaft', 'Nutriscore': 'A', 'Produkttyp': 'Pulver & Shakes', 'warning_notice': 'Die angegebene empfohlene tägliche Verzehrsmenge darf nicht überschritten werden. Nahrungsergänzungsmittel sollten nicht als Ersatz für eine ausgewogene und abwechslungsreiche Ernährung dienen. Achten Sie auf eine gesunde Lebensweise. Außerhalb der Reichweite von kleinen Kindern aufbewahren.', 'Zubereitungshinweis': 'Mix dir 30 g oder 4 Esslöffel deines Proteinshakes mit 200 ml Haferdrink zu einem Shake.'}"||||||||||||||5.0|2|2772677_1.png|https://static.mueller.de/7023953485-PV-0/pdzoom/naduria-bio-vegan-proteinshake-schokolade.webp|2772677_2.png|https://static.mueller.de/7023953485-VR-1/pdzoom/naduria-bio-vegan-proteinshake-schokolade.webp|2772677_3.png|https://static.mueller.de/7023953485-VR-2/pdzoom/naduria-bio-vegan-proteinshake-schokolade.webp||||||||||||||||||Duria Global GmbH & Co. KG||||||||||300 g|||True||2772677P|||||||||10
2733096|mueller||||||||2024-10-28|Earth, Wind & Feiern (2LP)|||1|Stk.|Home|Multi-Media|Musik|Hip-Hop|Earth, Wind & Feiern (2LP)|||32,99 €|32,99 €||||||||||||||EUR|Home> Multi-Media> Musik> Hip-Hop> Earth, Wind & Feiern (2LP)|https://www.mueller.at/p/earth-wind-feiern-2lp-2733096/|1 Stk.|||||||||||||||||||||||Non-Organic||||{'medium': 'LP (analog)', 'Künstler': 'Delay,Jan', 'Inhalt': '1 Stk.', 'Anzahl Medien im Artikel': '2', 'genre': 'HipHop / Rap deutschsprachig', 'Label': 'Vertigo Be'}||||||||||||||0|0|2733096_1.png|https://static.mueller.de/pdzoom/phononet_0602507286606_pv_0602507286606-0600px-001.webp||||||||||||||||||||||||||||||||1 Stk.|||True||2733096P|||||||||5
2733099|mueller||||||||2024-10-28|Inacustico D.O.C.& More|||1|Stk.|Home|Multi-Media|Musik|Pop|Inacustico D.O.C.& More|||17,99 €|17,99 €||||||||||||||EUR|Home> Multi-Media> Musik> Pop> Inacustico D.O.C.& More|https://www.mueller.at/p/inacustico-d-o-c-more-2733099/|1 Stk.|||||||||||||||||||||||Non-Organic||||{'medium': 'CD', 'Künstler': 'Zucchero', 'Inhalt': '1 Stk.', 'Anzahl Medien im Artikel': '2', 'genre': 'Pop international', 'Label': 'Universal'}||||||||||||||0|0|2733099_1.png|https://static.mueller.de/pdzoom/phononet_0602438121212_pv_0602438121212-0600px-001.webp|2733099_2.png|https://static.mueller.de/pdzoom/phononet_0602438121212_pr_0602438121212-0600px-002.webp|2733099_3.png|https://static.mueller.de/6934255072-PR-1/pdzoom/inacustico-d-o-c-more.webp||||||||||||||||||||||||||||1 Stk.|||True||2733099P|||||||||5
2733090|mueller||||||||2024-10-28|Sampler 5|||1|Stk.|Home|Multi-Media|Musik|Hip-Hop|Sampler 5|||17,99 €|17,99 €||||||||||||||EUR|Home> Multi-Media> Musik> Hip-Hop> Sampler 5|https://www.mueller.at/p/sampler-5-2733090/|1 Stk.|||||||||||||||||||||||Non-Organic||||{'medium': 'CD', 'Künstler': '187 Strassenbande', 'Inhalt': '1 Stk.', 'Anzahl Medien im Artikel': '1', 'genre': 'HipHop / Rap deutschsprachig', 'Label': 'Sammel-Lab'}||||||||||||||0|0|2733090_1.png|https://static.mueller.de/pdzoom/phononet_602435878898_pv_0602435878898-0600px-001.webp|2733090_2.png|https://static.mueller.de/pdzoom/phononet_602435878898_pr_0602435878898-0600px-002.webp|2733090_3.png|https://static.mueller.de/6939451131-PR-1/pdzoom/sampler-5.webp||||||||||||||||||||||||||||1 Stk.|||True||2733090P|||||||||5
956196|mueller||||||||2024-10-28|MAKE UP FACTORY Volumizing Lash Primer|MAKE UP FACTORY||10|ml|Home|Parfümerie|Make-up|Augen|Wimpernpflege|MAKE UP FACTORY Volumizing Lash Primer||17,95 €|17,95 €|||||||||||1 795,00 € / 1 l|||EUR|Home> Parfümerie> Make-up> Augen> Wimpernpflege> MAKE UP FACTORY Volumizing Lash Primer|https://www.mueller.at/p/make-up-factory-volumizing-lash-primer-956196/|10 ml|Der Volumizing Lash Primer ist eine weiße Grundierung die unter jeder Mascara angewendet werden kann Die Textur ummantelt die Wimpern und sorgt so für mehr Volumen und optische Verlängerung. Verschiedene Algenextrakte wirken pflegend und stimulierend, spenden Feuchtigkeit und verleihen den Wimpern seidigen Glanz. Ein Extrakt aus der Rotalge hält die Wimpern flexibel und geschmeidig. Parfüm- und parabenfrei. Hautverträglichkeit dermatologisch bestätigt.||||||||||||||||||||||Non-Organic||||{'target_group': 'Damen', 'manufacturer': 'ICB innovative cosmetic brands GmbH', 'Herstelleradresse': 'Gaußstr. 13, 85757 Karlsfeld', 'Kontaktmöglichkeit': 'produktdaten@artdeco.com', 'Anwendungshinweis': 'Vor dem Auftragen von schwarzer oder farbiger Mascara die Wimpern mit der Bürste vom Ansatz bis zu den Spitzen tuschen.', 'package_contents': 'AQUA (WATER), ORYZA SATIVA BRAN CERA (ORYZA SATIVA (RICE) BRAN WAX), SUCROSE STEARATE, SYNTHETIC BEESWAX, COPERNICIA CERIFERA (CARNAUBA) WAX, CETEARYL ALCOHOL, PEG-120 METHYL GLUCOSE DIOLEATE, BUTYLENE GLYCOL, HYDROXYETHYLCELLULOSE, HYDROGENATED POLYISOBUTENE, CAPRYLYL GLYCOL, TRIISOSTEARIN, PHENOXYETHANOL, OCTYLDODECANOL, CETEARYL ETHYLHEXANOATE, DIISOSTEARYL MALATE, POTASSIUM SORBATE, HEXYLENE GLYCOL, CORALLINA OFFICINALIS EXTRACT, HYDROLYZED RHODOPHYCEA EXTRACT, PELVETIA CANALICULATA EXTRACT, PROPYLENE GLYCOL, LAMINARIA DIGITATA EXTRACT, PPG-26-BUTETH-26, PEG-40 HYDROGENATED CASTOR OIL, APIGENIN, BIOTINOYL TRIPEPTIDE-1, OLEANOLIC ACID, CI 77891 (TITANIUM DIOXIDE)', 'Farbnummer': '1', 'Farbe': 'transparent', 'Inhalt': '10 ml', 'scope_of_application': 'Augen', 'Produkttyp': 'Wimpernpflege'}||||||transparent||||||||0|0|956196_1.png|https://static.mueller.de/117901650-PV-0/pdzoom/make-up-factory-volumizing-lash-primer.webp||||||||||||||||||||||ICB innovative cosmetic brands GmbH||||||||||10 ml|AQUA (WATER), ORYZA SATIVA BRAN CERA (ORYZA SATIVA (RICE) BRAN WAX), SUCROSE STEARATE, SYNTHETIC BEESWAX, COPERNICIA CERIFERA (CARNAUBA) WAX, CETEARYL ALCOHOL, PEG-120 METHYL GLUCOSE DIOLEATE, BUTYLENE GLYCOL, HYDROXYETHYLCELLULOSE, HYDROGENATED POLYISOBUTENE, CAPRYLYL GLYCOL, TRIISOSTEARIN, PHENOXYETHANOL, OCTYLDODECANOL, CETEARYL ETHYLHEXANOATE, DIISOSTEARYL MALATE, POTASSIUM SORBATE, HEXYLENE GLYCOL, CORALLINA OFFICINALIS EXTRACT, HYDROLYZED RHODOPHYCEA EXTRACT, PELVETIA CANALICULATA EXTRACT, PROPYLENE GLYCOL, LAMINARIA DIGITATA EXTRACT, PPG-26-BUTETH-26, PEG-40 HYDROGENATED CASTOR OIL, APIGENIN, BIOTINOYL TRIPEPTIDE-1, OLEANOLIC ACID, CI 77891 (TITANIUM DIOXIDE)||True||956196P|||||||||10
2733095|mueller||||||||2024-10-28|Earth, Wind & Feiern (Ltd. Digipack)|||1|Stk.|Home|Multi-Media|Musik|Hip-Hop|Earth, Wind & Feiern (Ltd. Digipack)|||15,99 €|15,99 €||||||||||||||EUR|Home> Multi-Media> Musik> Hip-Hop> Earth, Wind & Feiern (Ltd. Digipack)|https://www.mueller.at/p/earth-wind-feiern-ltd-digipack-2733095/|1 Stk.|||||||||||||||||||||||Non-Organic||||{'medium': 'CD', 'Künstler': 'Delay,Jan', 'Inhalt': '1 Stk.', 'Anzahl Medien im Artikel': '1', 'genre': 'HipHop / Rap deutschsprachig', 'Label': 'Vertigo Be'}||||||||||||||0|0|2733095_1.png|https://static.mueller.de/pdzoom/phononet_0602507286590_pv_0602507286590-0600px-001.webp|2733095_2.png|https://static.mueller.de/pdzoom/phononet_0602507286590_pr_0602507286590-0600px-002.webp|2733095_3.png|https://static.mueller.de/6936571591-PR-1/pdzoom/earth-wind-feiern-ltd-digipack.webp||||||||||||||||||||||||||||1 Stk.|||True||2733095P|||||||||5
2890071|mueller||||||||2024-10-28|bondi sands Gradual Tanning Lotion Skin Illuminator|BONDI SANDS||150|ml|Home|Parfümerie|Pflege|Sonnenpflege|Selbstbräuner|bondi sands Gradual Tanning Lotion Skin Illuminator||19,95 €|19,95 €|||||||||||133,00 € / 1 l|||EUR|Home> Parfümerie> Pflege> Sonnenpflege> Selbstbräuner> bondi sands Gradual Tanning Lotion Skin Illuminator|https://www.mueller.at/p/bondi-sands-gradual-tanning-lotion-skin-illuminator-IPN2890071/|150 ml|"Sand, Meer und Sonne - das beneidenswerte Bild Australiens.
Genießen Sie das ganze Jahr über strahlende und leuchtende Haut mit der Bondi Sands Skin Illuminator Gradual Tanning Lotion. Diese nährende Feuchtigkeitslotion für alle Hauttypen enthält Schimmerpigmente für sofortige Ausstrahlung und kann täglich verwendet werden, um eine allmähliche Bräune aufzubauen."||Unter 30° C lagern||||||||||||||||||||Non-Organic||||{'Lagerhinweis': 'Unter 30° C lagern', 'target_group': 'Damen', 'manufacturer': 'Primor International', 'Anwendungshinweis': 'Schritt 1 Für eine gleichmäßige, streifenfreie Bräune muss die Haut vor der Anwendung sauber und trocken sein.\nSchritt 2 Tragen Sie die Bondi Sands Skin Illuminator Gradual Tanning Lotion gleichmäßig in kreisenden Bewegungen auf die Haut auf. Warten Sie, bis die Haut trocken ist, bevor Sie sich anziehen.\nSchritt 3 Verwenden Sie die Lotion täglich, um eine strahlende Haut und eine natürlich aussehende Bräune das ganze Jahr über zu erhalten. Nach der Anwendung die Hände waschen.', 'package_contents': 'aqua (water), coco-caprylate/caprate, ci 77891 (titanium dioxide), dihydroxyacetone, mica, glyceryl stearate, polyacrylamide, phenoxyethanol, parfum (fragrance), c13-14 isoparaffin, benzyl alcohol, dimethyl isosorbide, erythrulose, laureth-7, potassium cetyl phosphate, tin oxide, butyrospermum parkii (shea) butter, aloe barbadensis leaf juice powder, tocopheryl acetate, citric acid, sodium citrate, isobutyl acetate, anisyl alcohol.', 'skin_type': 'alle Hauttypen', 'Inhalt': '150 ml', 'scope_of_application': 'Selbstbräuner', 'Produkttyp': 'Lotion'}||||||||||||||0|0|2890071_1.png|https://static.mueller.de/pdzoom/810020173239.webp||||||||||||||||||||||Primor International||||||||||150 ml|aqua (water), coco-caprylate/caprate, ci 77891 (titanium dioxide), dihydroxyacetone, mica, glyceryl stearate, polyacrylamide, phenoxyethanol, parfum (fragrance), c13-14 isoparaffin, benzyl alcohol, dimethyl isosorbide, erythrulose, laureth-7, potassium cetyl phosphate, tin oxide, butyrospermum parkii (shea) butter, aloe barbadensis leaf juice powder, tocopheryl acetate, citric acid, sodium citrate, isobutyl acetate, anisyl alcohol.||True||2890071P|||||||||10
2890074|mueller||||||||2024-10-28|Philips Avent Babyflasche Natural Response Giraffe|PHILIPS AVENT||1|Stk.|Home|Drogerie|Kind & Mama|Flaschen & Sauger|Trinkflaschen & -becher|Philips Avent Babyflasche Natural Response Giraffe||11,95 €|11,95 €||||||||||||||EUR|Home> Drogerie> Kind & Mama> Flaschen & Sauger> Trinkflaschen & -becher> Philips Avent Babyflasche Natural Response Giraffe|https://www.mueller.at/p/philips-avent-babyflasche-natural-response-giraffe-IPN2890074/|1 Stk.|"Unterstützt das individuelle Saugverhalten deines Babys
Der Natural Response Sauger gibt nur dann Milch ab, wenn dein Baby aktiv trinkt. So kann dein Baby in seinem natürlichen Rhythmus saugen, schlucken und atmen – ähnlich wie beim Stillen. Dadurch lassen sich Stillen und Flaschenernährung einfach kombinieren."||||||||1 Monate||||||||||||||Non-Organic||||{'Fassungsvermögen': '260 ml', 'manufacturer': 'Philips GmbH Market DACH', 'Herstelleradresse': 'Röntgenstrasse 22, DE-22335 Hamburg', 'Kontaktmöglichkeit': 'www.philips.de', 'Altersempfehlung ab': '1 Monate', 'Material': 'Silikon', 'Inhalt': '1 Stk.'}||||||||||||||4.7045|44|2890074_1.png|https://static.mueller.de/pdzoom/8710103989707_3921593.webp|2890074_2.png|https://static.mueller.de/pdzoom/8710103989707_3921565.webp|2890074_3.png|https://static.mueller.de/pdzoom/8710103989707_3921496.webp|2890074_4.png|https://static.mueller.de/pdzoom/8710103989707_3921594.webp|2890074_5.png|https://static.mueller.de/pdzoom/8710103989707_3921516.webp||||||||||||||Philips GmbH Market DACH||||||||||1 Stk.|||True||2890074P|||||||||10
995778|mueller||||||||2024-10-28|Wahnsinn|||1|Stk.|Home|Multi-Media|Musik|Pop|Wahnsinn|||5,99 €|5,99 €||||||||||||||EUR|Home> Multi-Media> Musik> Pop> Wahnsinn|https://www.mueller.at/p/wahnsinn-995778/|1 Stk.|||||||||||||||||||||||Non-Organic||||{'medium': 'CD', 'Künstler': 'Alfinito,Daniela', 'Inhalt': '1 Stk.', 'Anzahl Medien im Artikel': '1', 'genre': 'Schlager', 'Label': 'Electrola'}||||||||||||||0|0|995778_1.png|https://static.mueller.de/pdzoom/phononet_5099962871426_pv_5099962871426-0600px-001.webp|995778_2.png|https://static.mueller.de/pdzoom/phononet_5099962871426_pr_5099962871426-0600px-002.webp|995778_3.png|https://static.mueller.de/6762234074-PR-1/pdzoom/wahnsinn.webp||||||||||||||||||||||||||||1 Stk.|||False||995778P|||||||||1
2890063|mueller||||||||2024-10-28|bondi sands Gradual Tanning Face Lotion|BONDI SANDS||50|ml|Home|Parfümerie|Pflege|Sonnenpflege|Selbstbräuner|bondi sands Gradual Tanning Face Lotion||15,95 €|15,95 €|||||||||||319,00 € / 1 l|||EUR|Home> Parfümerie> Pflege> Sonnenpflege> Selbstbräuner> bondi sands Gradual Tanning Face Lotion|https://www.mueller.at/p/bondi-sands-gradual-tanning-face-lotion-IPN2890063/|50 ml|"Sand, Meer und Sonne - das beneidenswerte Bild Australiens. Genießen Sie das ganze Jahr über strahlende Haut mit der Bondi Sands Gradual Tanning Face Lotion. Diese nährende Gesichtslotion für alle Hauttypen ist mit Sheabutter angereichert, die der Haut Feuchtigkeit spendet, und kann täglich verwendet werden, um eine allmähliche Bräune aufzubauen. 

Dermatologisch getestet. Geeignet für empfindliche Haut. Nicht komedogen - verstopft die Poren nicht."||Unter 30° C lagern||||||||||||||||||||Non-Organic||||"{'Lagerhinweis': 'Unter 30° C lagern', 'target_group': 'Damen|Herren|Unisex', 'manufacturer': 'Primor International', 'Anwendungshinweis': 'Schritt 1 Um eine gleichmäßige, streifenfreie Bräune zu erzielen, stellen Sie sicher, dass Ihr Gesicht vor der Anwendung sauber und trocken ist.\n\nSchritt 2 Massieren Sie die Bondi Sands Gradual Tanning Face Lotion gleichmäßig auf Gesicht und Hals und vermeiden Sie dabei die Augen.\n\nSchritt 3 Täglich anwenden, um das ganze Jahr über eine goldene Bräune zu erhalten. Waschen Sie sich nach der Anwendung die Hände.', 'package_contents': 'aqua (water), bis-peg-18 methyl ether dimethyl silane, isopropyl palmitate, cocoglycerides, dihydroxyacetone, acrylamide/sodium acryloyldimethyltaurate copolymer, pentylene glycol, glyceryl stearate, theobroma cacao (cocoa) seed butter, butyrospermum parkii (shea) butter, dimethyl isosorbide, cetyl alcohol, stearyl alcohol, c13-14 isoparaffin, phenoxyethanol, chlorphenesin, erythrulose, tocopheryl acetate, laureth-7, cetyl phosphate, glycerin, sodium hydroxide, aloe barbadensis leaf juice, potassium sorbate, sodium benzoate.', 'skin_type': 'alle Hauttypen', 'Inhalt': '50 ml', 'scope_of_application': 'Selbstbräuner', 'Produkttyp': 'Lotion'}"||||||||||||||0|0|2890063_1.png|https://static.mueller.de/pdzoom/810020173222.webp||||||||||||||||||||||Primor International||||||||||50 ml|aqua (water), bis-peg-18 methyl ether dimethyl silane, isopropyl palmitate, cocoglycerides, dihydroxyacetone, acrylamide/sodium acryloyldimethyltaurate copolymer, pentylene glycol, glyceryl stearate, theobroma cacao (cocoa) seed butter, butyrospermum parkii (shea) butter, dimethyl isosorbide, cetyl alcohol, stearyl alcohol, c13-14 isoparaffin, phenoxyethanol, chlorphenesin, erythrulose, tocopheryl acetate, laureth-7, cetyl phosphate, glycerin, sodium hydroxide, aloe barbadensis leaf juice, potassium sorbate, sodium benzoate.||True||2890063P|||||||||10
2890067|mueller||||||||2024-10-28|Philips Avent Babyflasche Natural Response ab 0 Monate|PHILIPS AVENT||1|Stk.|Home|Drogerie|Kind & Mama|Flaschen & Sauger|Trinkflaschen & -becher|Philips Avent Babyflasche Natural Response ab 0 Monate||9,99 €|9,99 €||||||||||||||EUR|Home> Drogerie> Kind & Mama> Flaschen & Sauger> Trinkflaschen & -becher> Philips Avent Babyflasche Natural Response ab 0 Monate|https://www.mueller.at/p/philips-avent-babyflasche-natural-response-ab-0-monate-IPN2890067/|1 Stk.|"Der Natural Response Sauger gibt nur dann Milch ab, wenn dein Baby aktiv trinkt. So kann dein Baby in seinem natürlichen Rhythmus saugen, schlucken und atmen – genau wie beim Stillen. Dadurch lassen sich Stillen und Flaschenernährung einfacher kombinieren. 

Saugstärke 2
ab 0 Monate
125ml Fassungsvermögen
"||||||||||||||||||||||Non-Organic||||{'Fassungsvermögen': '125 ml', 'manufacturer': 'Philips GmbH Market DACH', 'Herstelleradresse': 'Röntgenstrasse 22, DE-22335 Hamburg', 'Kontaktmöglichkeit': 'www.philips.de', 'Inhalt': '1 Stk.'}||||||||||||||4.8824|34|2890067_1.png|https://static.mueller.de/pdzoom/8710103989615_3921560.webp|2890067_2.png|https://static.mueller.de/pdzoom/8710103989615_3921588.webp|2890067_3.png|https://static.mueller.de/pdzoom/8710103989615_3921589.webp|2890067_4.png|https://static.mueller.de/pdzoom/8710103989615_3921508.webp|2890067_5.png|https://static.mueller.de/pdzoom/8710103989615_3921507.webp|2890067_6.png|https://static.mueller.de/pdzoom/8710103989615_3921506.webp||||||||||||Philips GmbH Market DACH||||||||||1 Stk.|||False||2890067P|||||||||1
2747671|mueller||||||||2024-10-28|Waffelschnitte mit Haselnuss-Crisp-Kakao-Füllung (83%)|FRANKONIA||175|g|Home|Drogerie|Lebensmittel|Süßigkeiten|Gebäck|Waffelschnitte mit Haselnuss-Crisp-Kakao-Füllung (83%)||3,59 €|3,59 €|||||||||||20,51 € / 1 kg|||EUR|Home> Drogerie> Lebensmittel> Süßigkeiten> Gebäck> Waffelschnitte mit Haselnuss-Crisp-Kakao-Füllung (83%)|https://www.mueller.at/p/waffelschnitte-mit-haselnuss-crisp-kakao-fuellung-83-2747671/|175 g|Low SugarVeganNo PalmHigh Fiber|||||||||||{'Nährwerte je': '100  g', 'Brennwert': '1613 kj / 389 kcal', 'Fett in g': '20.0 g', '- davon gesättigte Fettsäuren in g': '5.9 g', 'Kohlenhydrate in g': '42.0 g', '- davon Zucker in g': '1.2 g', 'Eiweiß in g': '10.0 g', 'Salz in g': '0.1 g'}|||||||||||Non-Organic||||{'manufacturer': 'Frankonia Schokoladenwerke GmbH', 'Herstelleradresse': 'Daimlerstraße 9, DE-97209 Veitshöchheim, Deutschland', 'Kontaktmöglichkeit': 'info@stollwerck.com', 'Inhalt': '175 g', 'Eigenschaften': 'Vegan', 'Zutaten': 'Polydextrose, WEIZENmehl, HASELNÜSSE (14,5%), Süßungsmittel: Maltit; MANDELPROTEIN (8,5%), Süßungsmittel: Erythritol; fettarmer Kakao* (5,7%), Kakaobutter*, Kakaomasse* (4,4%), Reis-Mais Crispies (4,1%) (Reismehl, Maiskleie), Emulgatoren: Lecithine (SOJA), Polyglycerin-Polyricinoleat; Aromen, WEIZENstärke, Kokosfett, Speisesalz, Backtriebmittel: Natriumcarbonate. \nKann Spuren von EIERN, KASCHUNÜSSEN, MILCH und SESAM enthalten. \nVerzehrempfehlung: 2 Waffelschnitten pro Tag.\nKann bei übermäßigem Verzehr abführend wirken. \nAchten Sie auf eine abwechslungsreiche und ausgewogene Ernährung, eine gesunde Lebensweise und viel Bewegung.\n* Rainforest Alliance Certified', 'Nutriscore': 'A', 'Produkttyp': 'Gebäck'}||||||||||||||4.875|8|2747671_1.png|https://static.mueller.de/markant_04000194910914_pd_3368515/pdzoom/waffelschnitte-mit-haselnuss-crisp-kakao-fuellung-83.webp||||||||||||||||||||||Frankonia Schokoladenwerke GmbH||||||||||175 g|||True||2747671P|||||||||5
2747678|mueller||||||||2024-10-28|Cruella|||1|Stk.|Home|Multi-Media|Filme & TV|Komödie & Comedy|Cruella|||7,99 €|7,99 €||||||||||||||EUR|Home> Multi-Media> Filme & TV> Komödie & Comedy> Cruella|https://www.mueller.at/p/cruella-2747678/|1 Stk.|"Die clevere Trickbetrügerin Estella (Stone) ist fest entschlossen, eine erfolgreiche Modedesignerin zu werden. Als ihr Gespür für Mode das Interesse der legendären Designerin Baroness von Hellman (Emma Thompson) weckt, verwandelt sich Estella in die gefürchtete „Cruella“, der im Konkurrenzkampf um das perfekte Design alle Mittel recht sind ...

Presse:
- ""Wild. Laut. Punkig!"" - (MoviePilot.de)"||||||||||||||||||||||Non-Organic||||{'medium': 'DVD', 'Untertitel': 'Deutsch,Italienisch', 'manufacturer': 'LEONINE', 'Bildformat': '16:9', 'Inhalt': '1 Stk.', 'Laufzeit in min (gesamt)': '129', 'Produktionsjahr': '2021', 'Produktionsland': 'USA', 'Regisseur': 'Craig Gillespie', 'Schauspieler': 'Paul Walter Hauser,Emma Thompson,Emma Stone,Mark Strong,Emily Beecham,Joel Fry,Kirby Howell-Baptiste', 'Special Edition': 'Nein', 'Tonformat-Sprache': 'Deutsch,Englisch,Italienisch', 'Untertitel für Gehörlose': 'Englisch', 'packaging_type': 'Softbox', 'Hauptgenre': 'Komödie'}||||||||||||||0|0|2747678_1.png|https://static.mueller.de/videojakob_8717418591717_pv_618434/pdzoom/cruella.webp|2747678_2.png|https://static.mueller.de/pdzoom/videojakob_8717418591717_pr_618434-back.webp|2747678_3.png|https://static.mueller.de/videojakob_8717418591717_pd_66644743/pdzoom/cruella.webp|2747678_4.png|https://static.mueller.de/videojakob_8717418591717_pd_66645546/pdzoom/cruella.webp|2747678_5.png|https://static.mueller.de/videojakob_8717418591717_pd_66646249/pdzoom/cruella.webp|2747678_6.png|https://static.mueller.de/videojakob_8717418591717_pd_66646983/pdzoom/cruella.webp||||||||||||LEONINE||||||||||1 Stk.|||True||2747678P|||||||||5
2747856|mueller||||||||2024-10-28|WENZEL Papier Teelichter LIGHT.ONE 6 Std.|WENZEL||12|Stk.|Home|Drogerie|Haushalt|Haushaltsartikel|Kerzen|Teelichter|WENZEL Papier Teelichter LIGHT.ONE 6 Std.|3,99 €|3,99 €|||||||||||3,33 € / 10 Stk.|||EUR|Home> Drogerie> Haushalt> Haushaltsartikel> Kerzen> Teelichter> WENZEL Papier Teelichter LIGHT.ONE 6 Std.|https://www.mueller.at/p/wenzel-papier-teelichter-light-one-6-std-IPN2747856/|12 Stk.|LIGHT.ONE-Papier-Teelicht  6 Std.||||||||||||||||||||||Non-Organic||||{'manufacturer': 'Richard Wenzel GmbH & Co. KG', 'Herstelleradresse': 'Benzstraße 5, 63741 Aschaffenburg', 'Kontaktmöglichkeit': 'sales@wenzel-kerzen.de', 'Materialdetails': 'Rapswachs', 'Farbe': 'weiß', 'Höhe': '9.3 cm', 'Breite': '8.6 cm', 'Tiefe': '11 cm', 'Inhalt': '12 Stk.'}||||||weiß||Rapswachs||||||5.0|1|2747856_1.png|https://static.mueller.de/pdzoom/4062828266699.webp|2747856_2.png|https://static.mueller.de/pdzoom/4062828266699_1.webp||||||||||||||||||||Richard Wenzel GmbH & Co. KG||||||||||12 Stk.|||True||2747856P|||||||||10
2890091|mueller||||||||2024-10-28|Philips Avent Trinksauger Natural Response ab 3 Monate|PHILIPS AVENT||2|Stk.|Home|Drogerie|Kind & Mama|Flaschen & Sauger|Trinksauger|Philips Avent Trinksauger Natural Response ab 3 Monate||7,99 €|7,99 €|||||||||||39,95 € / 10 Stk.|||EUR|Home> Drogerie> Kind & Mama> Flaschen & Sauger> Trinksauger> Philips Avent Trinksauger Natural Response ab 3 Monate|https://www.mueller.at/p/philips-avent-trinksauger-natural-response-ab-3-monate-IPN2890091/|2 Stk.|"Der Natural Response Sauger gibt nur dann Milch ab, wenn dein Baby aktiv trinkt. So kann dein Baby in seinem natürlichen Rhythmus saugen, schlucken und atmen – ähnlich wie beim Stillen. Dadurch lassen sich Stillen und Flaschenernährung einfach kombinieren.

Saugerstufe 4
ab dem 3. Monat
330ml Fassungsvermögen
"||||||||3 Monate||||||||||||||Non-Organic||||{'Fassungsvermögen': '330 ml', 'manufacturer': 'Philips GmbH Market DACH', 'Herstelleradresse': 'Röntgenstrasse 22, DE-22335 Hamburg', 'Kontaktmöglichkeit': 'www.philips.de', 'Altersempfehlung ab': '3 Monate', 'Anwendungshinweis': 'Der neuer, tropffreier Natural Response Sauger gibt nur dann Milch ab, wenn dein Baby aktiv trinkt und ermöglicht so einen reibungslosen Wechsel zwischen Brust und Flasche.', 'Inhalt': '2 Stk.'}||||||||||||||0|0|2890091_1.png|https://static.mueller.de/pdzoom/8710103985143_3921554.webp|2890091_2.png|https://static.mueller.de/pdzoom/8710103985143_3921583.webp|2890091_3.png|https://static.mueller.de/pdzoom/8710103985143_3921582.webp|2890091_4.png|https://static.mueller.de/pdzoom/8710103985143_3921493.webp|2890091_5.png|https://static.mueller.de/pdzoom/8710103985143_3921555.webp|2890091_6.png|https://static.mueller.de/pdzoom/8710103985143_3921495.webp||||||||||||Philips GmbH Market DACH||||||||||2 Stk.|||False||2890091P|||||||||1
995791|mueller||||||||2024-10-28|Buch - Carlsen - Conni Rätselblock für Kuscheltage|-||1|Stk.|Home|Spielwaren|Buch & Schulbedarf|Kinder- & Jugendbücher|Buch - Carlsen - Conni Rätselblock für Kuscheltage|||5,20 €|5,20 €||||||||||||||EUR|Home> Spielwaren> Buch & Schulbedarf> Kinder- & Jugendbücher> Buch - Carlsen - Conni Rätselblock für Kuscheltage|https://www.mueller.at/p/buch-carlsen-conni-raetselblock-fuer-kuscheltage-995791/|1 Stk.|Hier kommt ein neuer, dicker Conni-Block mit vielen SeitenSpiel-, Rätsel- und Ausmalspaß. Mit vielen guten,pädagogisch geprüfte Beschäftigungsideenfür die lehrreiche Stunden auf dem Lieblingssofaoder im Kuscnelbett.- prima Spiel- und Lernspaß- pädagogisch geprüfte Beschäftigung- über 1,5 Millionen Hefte Conni-Lernspiele||||||||4 Jahre||||||||||||||Non-Organic||||{'target_group': 'Kindergartenkinder', 'license': 'Conni', 'Altersempfehlung ab': '4 Jahre', 'genre': 'Malen', 'publishing_year': '2010', 'Höhe': '21.1 cm', 'Breite': '15 cm', 'Tiefe': '1.2 cm', 'Inhalt': '1 Stk.', 'Produkttyp': 'Kinder- & Jugendbücher', 'page_number': '96'}||||||||||||||0|0|995791_1.png|https://static.mueller.de/248406462-PB-0/pdzoom/buch-carlsen-conni-raetselblock-fuer-kuscheltage.webp||||||||||||||||||||||||||||||||1 Stk.|||True||995791P|||||||||10
3698|mueller||||||||2024-10-28|Melitta Filtertüten 1x6/40 naturbraun|MELITTA||40|Stk.|Home|Drogerie|Haushalt|Haushaltsartikel|Kaffee- & Teefilter|Melitta Filtertüten 1x6/40 naturbraun||2,49 €|2,49 €|||||||||||0,62 € / 10 Stk.|||EUR|Home> Drogerie> Haushalt> Haushaltsartikel> Kaffee- & Teefilter> Melitta Filtertüten 1x6/40 naturbraun|https://www.mueller.at/p/melitta-filtertueten-1x6-40-naturbraun-3698/|40 Stk.|"Entdecken Sie mit den Melitta® Original Aromafiltern ein ausgewogenes und noch aromatischeres Geschmackserlebnis Ihres Filterkaffees. Die Aromaporen sind jetzt in 3 Aromazonen unterteilt und sorgen so für eine optimale Genussentfaltung. Weitere Vorteile im Überblick: •Höchste Qualität an Reinheit, Reißfestigkeit und Filtrationsleistung •mit extrastabiler Doppelnaht •40 Kaffeefilter in der Größe 1 x 6

Entdecken Sie mit den Melitta® Original Aromafiltern ein ausgewogenes und noch aromatischeres Geschmackserlebnis Ihres Filterkaffees.
Die Aromaporen sind jetzt in 3 Aromazonen unterteilt und sorgen so für eine optimale Genussentfaltung.
Weitere Vorteile im Überblick: •Höchste Qualität an Reinheit, Reißfestigkeit und Filtrationsleistung •mit extrastabiler Doppelnaht  •40 Kaffeefilter in der Größe
x 6
Zetirfiziert durch MISSION eco & care (C095206)
"||||||||||||||||||||||Non-Organic||||{'scope_of_delivery': 'siehe Inhalt', 'manufacturer': 'Melitta Europa GmbH & Co. KG', 'Herstelleradresse': 'Ringstrasse 99, 32427 Minden', 'Kontaktmöglichkeit': 'verbraucherservice.me-h@melitta.de', 'Material': 'Papier', 'Inhalt': '40 Stk.', 'Produkttyp': 'Kaffee- & Teefilter'}||||||||||||||5.0|3|3698_1.png|https://static.mueller.de/markant_04006508123834_pv_4638146/pdzoom/melitta-filtertueten-1x6-40-naturbraun.webp|3698_2.png|https://static.mueller.de/markant_04006508123834_pr_4638145/pdzoom/melitta-filtertueten-1x6-40-naturbraun.webp||||||||||||||||||||Melitta Europa GmbH & Co. KG||||||||||40 Stk.|||True||3698P|||||||||1
2890098|mueller||||||||2024-10-28|bondi sands Tanning Lotion Tinted Skin Perfector|BONDI SANDS||150|ml|Home|Parfümerie|Pflege|Sonnenpflege|Selbstbräuner|bondi sands Tanning Lotion Tinted Skin Perfector||19,95 €|19,95 €|||||||||||133,00 € / 1 l|||EUR|Home> Parfümerie> Pflege> Sonnenpflege> Selbstbräuner> bondi sands Tanning Lotion Tinted Skin Perfector|https://www.mueller.at/p/bondi-sands-tanning-lotion-tinted-skin-perfector-IPN2890098/|150 ml|"Sand, Meer und Sonne - das beneidenswerte Bild Australiens.
Genießen Sie das ganze Jahr über strahlende Haut und einen sofortigen, gebräunten Glanz mit der Bondi Sands Tinted Skin Perfector Gradual Tanning Lotion. Diese nährende Feuchtigkeitslotion für alle Hauttypen enthält Bräunungspigmente für eine sofortige makellose Haut und kann täglich verwendet werden, um eine allmähliche Bräune aufzubauen."||Unter 30° C lagern||||||||||||||||||||Non-Organic||||{'Lagerhinweis': 'Unter 30° C lagern', 'target_group': 'Damen', 'manufacturer': 'Primor International', 'Anwendungshinweis': 'Schritt 1 Für eine gleichmäßige, streifenfreie Bräune muss die Haut vor der Anwendung sauber und trocken sein.\nSchritt 2 Tragen Sie die Bondi Sands Tinted Skin Perfector Gradual Tanning Lotion gleichmäßig in kreisenden Bewegungen auf die Haut auf. Warten Sie, bis die Haut trocken ist, bevor Sie sich anziehen.\nSchritt 3 Verwenden Sie die Lotion täglich, um sofort eine makellose Haut zu erhalten und das ganze Jahr über eine natürlich aussehende Bräune aufzubauen. Nach der Anwendung die Hände waschen.', 'package_contents': 'aqua (water), coco-caprylate/caprate, dihydroxyacetone, ci 77891 (titanium dioxide), ci 77492 (iron oxides), undecane, glyceryl stearate, polyacrylamide, ethoxydiglycol, phenoxyethanol, ci 77491 (iron oxides), parfum (fragrance), polyglyceryl-6 polyricinoleate, polyhydroxystearic acid, ci 77499 (iron oxides), tridecane, c13-14 isoparaffin, benzyl alcohol, dilinoleic acid/butanediol copolymer, erythrulose, laureth-7, potassium cetyl phosphate, castor oil/ipdi copolymer, citric acid, theobroma cacao (cocoa) seed butter, sodium citrate, aloe barbadensis leaf, juice powder, caffeine, vitis vinifera (grape) seed oil, helianthus annuus (sunflower) seed oil, tocopherol, anisyl alcohol.', 'skin_type': 'alle Hauttypen', 'Inhalt': '150 ml', 'scope_of_application': 'Selbstbräuner', 'Produkttyp': 'Lotion'}||||||||||||||||2890098_1.png|https://static.mueller.de/pdzoom/810020173208.webp||||||||||||||||||||||Primor International||||||||||150 ml|aqua (water), coco-caprylate/caprate, dihydroxyacetone, ci 77891 (titanium dioxide), ci 77492 (iron oxides), undecane, glyceryl stearate, polyacrylamide, ethoxydiglycol, phenoxyethanol, ci 77491 (iron oxides), parfum (fragrance), polyglyceryl-6 polyricinoleate, polyhydroxystearic acid, ci 77499 (iron oxides), tridecane, c13-14 isoparaffin, benzyl alcohol, dilinoleic acid/butanediol copolymer, erythrulose, laureth-7, potassium cetyl phosphate, castor oil/ipdi copolymer, citric acid, theobroma cacao (cocoa) seed butter, sodium citrate, aloe barbadensis leaf, juice powder, caffeine, vitis vinifera (grape) seed oil, helianthus annuus (sunflower) seed oil, tocopherol, anisyl alcohol.||True||2890098P|||||||||10
2747682|mueller||||||||2024-10-28|TRENDHAUS Color Change Monster-Ball 4fach sortiert|TRENDHAUS||1|Stk.|Home|Spielwaren|Buch & Schulbedarf|Schulranzen & Taschen|TRENDHAUS Color Change Monster-Ball 4fach sortiert|||4,49 €|4,49 €||||||||||||||EUR|Home> Spielwaren> Buch & Schulbedarf> Schulranzen & Taschen> TRENDHAUS Color Change Monster-Ball 4fach sortiert|https://www.mueller.at/p/trendhaus-color-change-monster-ball-4fach-sortiert-2747682/|1 Stk.|Squeeze it! Dieser superweiche Colour Change Monster-Ball mit tollem Farbwechseleffekt zum Drücken, Quetschen und Spaß haben, sorgt einfach für gute Laune! So hat Stress keine Chance! Ca. 6,4cm.||||||||||||||||||||||Non-Organic||||{'manufacturer': 'TRENDHAUS Handelsgesellschaft mbH', 'Herstelleradresse': 'Mühlweg 15 ,92369 Reichertshofen', 'Inhalt': '1 Stk.', 'Produkttyp': 'Sonstiger Schulbedarf'}||||||||||||||||2747682_1.png|https://static.mueller.de/6956295605-PV-0/pdzoom/trendhaus-color-change-monster-ball-4fach-sortiert.webp|2747682_2.png|https://static.mueller.de/6956295605-PB-1/pdzoom/trendhaus-color-change-monster-ball-4fach-sortiert.webp|2747682_3.png|https://static.mueller.de/6956295605-PB-2/pdzoom/trendhaus-color-change-monster-ball-4fach-sortiert.webp|2747682_4.png|https://static.mueller.de/6956295605-PB-3/pdzoom/trendhaus-color-change-monster-ball-4fach-sortiert.webp|2747682_5.png|https://static.mueller.de/6956295605-PB-4/pdzoom/trendhaus-color-change-monster-ball-4fach-sortiert.webp|2747682_6.png|https://static.mueller.de/6956295605-PB-5/pdzoom/trendhaus-color-change-monster-ball-4fach-sortiert.webp||||||||||||TRENDHAUS Handelsgesellschaft mbH||||||||||1 Stk.|||True||2747682P|||||||||10
535147|mueller||||||||2024-10-28|Metropolis Part 2-Scenes From|||1|Stk.|Home|Multi-Media|Musik|Rock|Metropolis Part 2-Scenes From|||5,99 €|5,99 €||||||||||||||EUR|Home> Multi-Media> Musik> Rock> Metropolis Part 2-Scenes From|https://www.mueller.at/p/metropolis-part-2-scenes-from-535147/|1 Stk.|||||||||||||||||||||||Non-Organic||||{'medium': 'CD', 'Künstler': 'Dream Theater', 'Inhalt': '1 Stk.', 'Anzahl Medien im Artikel': '1', 'genre': 'Rock international', 'Label': 'Elektra'}||||||||||||||||535147_1.png|https://static.mueller.de/pdzoom/phononet_0075596244824_pv_0075596244824-0600px-001.webp||||||||||||||||||||||||||||||||1 Stk.|||True||535147P|||||||||5
2747680|mueller||||||||2024-10-28|Cruella|||1|Stk.|Home|Multi-Media|Filme & TV|Komödie & Comedy|Cruella|||9,99 €|9,99 €||||||||||||||EUR|Home> Multi-Media> Filme & TV> Komödie & Comedy> Cruella|https://www.mueller.at/p/cruella-2747680/|1 Stk.|"Die clevere Trickbetrügerin Estella (Stone) ist fest entschlossen, eine erfolgreiche Modedesignerin zu werden. Als ihr Gespür für Mode das Interesse der legendären Designerin Baroness von Hellman (Emma Thompson) weckt, verwandelt sich Estella in die gefürchtete „Cruella“, der im Konkurrenzkampf um das perfekte Design alle Mittel recht sind ...

Presse:
- ""Wild. Laut. Punkig!"" - (MoviePilot.de)"|||||||||||||||"Nord- und Südamerika, Korea, Hongkong, Taiwan|Europa, Vorderasien, Afrika, Australien|Indien, China, Russland, Zentral- und Südasien"|||||||Non-Organic||||"{'medium': 'Blu-ray Disc', 'Untertitel': 'Deutsch,Dänisch,Holländisch,Finnisch,Norwegisch,Schwedisch,Französisch', 'manufacturer': 'LEONINE', 'Bildformat': '16:9|HD', 'Zusatzinfos / Bonusmaterial beim Film dabei': 'Die zwei Emmas;\nDie beiden Sidekicks;\nCruella Couture;\nDie Welt von Cruella;\nNeue Hunde ... Alte Tricks;\nCruella 101;\nPannen vom Dreh;\nZusätzliche Szenen;', 'Inhalt': '1 Stk.', 'Laufzeit in min (gesamt)': '134', 'Produktionsjahr': '2021', 'Produktionsland': 'USA', 'Regionalcode': 'Nord- und Südamerika, Korea, Hongkong, Taiwan|Europa, Vorderasien, Afrika, Australien|Indien, China, Russland, Zentral- und Südasien', 'Regisseur': 'Craig Gillespie', 'Schauspieler': 'Emma Stone,Emma Thompson,Paul Walter Hauser,Joel Fry,Emily Beecham,Kirby Howell-Baptiste,Mark Strong', 'Special Edition': 'Nein', 'Tonformat-Sprache': 'Deutsch,Französisch,Englisch', 'Untertitel für Gehörlose': 'Englisch', 'packaging_type': 'Softbox', 'Hauptgenre': 'Komödie'}"||||||||||||||||2747680_1.png|https://static.mueller.de/videojakob_8717418591618_pv_618435/pdzoom/cruella.webp|2747680_2.png|https://static.mueller.de/pdzoom/videojakob_8717418591618_pr_618435-back.webp|2747680_3.png|https://static.mueller.de/videojakob_8717418591618_pd_66644743/pdzoom/cruella.webp|2747680_4.png|https://static.mueller.de/videojakob_8717418591618_pd_66645546/pdzoom/cruella.webp|2747680_5.png|https://static.mueller.de/videojakob_8717418591618_pd_66646249/pdzoom/cruella.webp|2747680_6.png|https://static.mueller.de/videojakob_8717418591618_pd_66646983/pdzoom/cruella.webp||||||||||||LEONINE||||||||||1 Stk.|||True||2747680P|||||||||5
2483461|mueller||||||||2024-10-28|ESTEE LAUDER Pc Envy Sugar Scrub|ESTÉE LAUDER||12|g|Home|Parfümerie|Pflege|Gesichtspflege|Lippenpflege|ESTEE LAUDER Pc Envy Sugar Scrub||45,95 €|45,95 €|||||||||||3 829,17 € / 1 kg|||EUR|Home> Parfümerie> Pflege> Gesichtspflege> Lippenpflege> ESTEE LAUDER Pc Envy Sugar Scrub|https://www.mueller.at/p/estee-lauder-pc-envy-sugar-scrub-2483461/|12 g|Pflegen Sie Ihre Lippen babyweich.Machen Sie sich bereit für einen geschmeidigen, weichen und perfekt gepflegten Schmollmund. Dieses speziell entwickelte Peeling wirkt wie ein Gesichtspeeling für die Lippen.Mit der Präzisionsspitze sanft einmassieren. Raue und trockende Stellen werden von den sanften Zuckerkristallen entfernt und Sie erstrahlen mit einem süßen, geschmeidigeren Lächeln.||||||||||||||||||||||Non-Organic||||"{'target_group': 'Damen', 'manufacturer': 'Estée Lauder Companies', 'Herstelleradresse': 'Domagkstr. 10, 80807 München', 'Anwendungshinweis': 'Verwenden Sie die Präzisionsspitze, um das Peeling direkt auf den gereinigten Lippen einzumassieren. Lassen Sie die Kristalle auf den Lippen schmelzen oder nehmen Sie Überschüssiges mit einem Tuch ab.', 'package_contents': 'Octyldodecanol, Pentaerythrityl Adipate/Caprate/Caprylate/Heptanoate, Sucrose, Bis-Diglyceryl Polyacyladipate-2, Hydrogenated Dilinoleyl Alcohol, Polyethylene, Stearoxymethicone/Dimethicone Copolymer, Cellulose, Silica, Polybutene, Microcrystalline Wax\\Cera Microcristallina\\Cire Microcristalline, Hydroxyethylcellulose, Ethylhexyl Palmitate, Triticum Vulgare (Wheat Bran) Extract, Macrocystis Pyrifera (Kelp) Extract, Butyrospermum Parkii (Shea Butter), Olea Europaea (Olive) Fruit Extract, Theobroma Grandiflorum Seed Butter, Astrocaryum Murumuru Seed Butter, Cholesterol, Oleic Acid, Saccharin, Polydecene, Butylene Glycol, Polyglyceryl-4 Isostearate, Cetyl Peg/Ppg-10/1 Dimethicone, Lauryl Pca, Ethylhexylglycerin, C20-40 Pareth-10, Methyl Glucose Sesquistearate, Sodium Hyaluronate, Lauryl Methacrylate/Glycol Dimethacrylate Crosspolymer, Tocopheryl Acetate, Hexyl Laurate, Tetrahexyldecyl Ascorbate, Silica Dimethyl Silylate, Glyceryl Stearate, Ethylcellulose, Palmitic Acid, Water\\Aqua\\Eau, Po', 'skin_type': 'alle Hauttypen', 'product_property': 'glättend|geschmeidig|pflegend', 'Inhalt': '12 g', 'scope_of_application': 'Lippenpflege', 'Produkttyp': 'Balm'}"||||||||||||||||2483461_1.png|https://static.mueller.de/6723220174-PV-0/pdzoom/estee-lauder-pc-envy-sugar-scrub.webp||||||||||||||||||||||Estée Lauder Companies||||||||||12 g|Octyldodecanol, Pentaerythrityl Adipate/Caprate/Caprylate/Heptanoate, Sucrose, Bis-Diglyceryl Polyacyladipate-2, Hydrogenated Dilinoleyl Alcohol, Polyethylene, Stearoxymethicone/Dimethicone Copolymer, Cellulose, Silica, Polybutene, Microcrystalline Wax\Cera Microcristallina\Cire Microcristalline, Hydroxyethylcellulose, Ethylhexyl Palmitate, Triticum Vulgare (Wheat Bran) Extract, Macrocystis Pyrifera (Kelp) Extract, Butyrospermum Parkii (Shea Butter), Olea Europaea (Olive) Fruit Extract, Theobroma Grandiflorum Seed Butter, Astrocaryum Murumuru Seed Butter, Cholesterol, Oleic Acid, Saccharin, Polydecene, Butylene Glycol, Polyglyceryl-4 Isostearate, Cetyl Peg/Ppg-10/1 Dimethicone, Lauryl Pca, Ethylhexylglycerin, C20-40 Pareth-10, Methyl Glucose Sesquistearate, Sodium Hyaluronate, Lauryl Methacrylate/Glycol Dimethacrylate Crosspolymer, Tocopheryl Acetate, Hexyl Laurate, Tetrahexyldecyl Ascorbate, Silica Dimethyl Silylate, Glyceryl Stearate, Ethylcellulose, Palmitic Acid, Water\Aqua\Eau, Po||True||2483461P|||||||||1
2483464|mueller||||||||2024-10-28|ESTEE LAUDER Color Envy Lip Repair Elixir|ESTÉE LAUDER||6|ml|Home|Parfümerie|Pflege|Gesichtspflege|Lippenpflege|ESTEE LAUDER Color Envy Lip Repair Elixir||45,95 €|45,95 €||||||||||||||EUR|Home> Parfümerie> Pflege> Gesichtspflege> Lippenpflege> ESTEE LAUDER Color Envy Lip Repair Elixir|https://www.mueller.at/p/estee-lauder-color-envy-lip-repair-elixir-2483464/|6 ml|"Ihre All-in-One Lippenreparaturformel: Wirkt wiederbelebend, erneuert und macht Ihre Lippen geschmeidig.
Ideal für Ihre Nachtroutine als Pflege während des Schlafes oder für ein beneidenswertes Lächeln zu jeder Zeit.
Einfacher Auftrag mit dem Applikator."||||||||||||||||||||||Non-Organic||||"{'target_group': 'Damen', 'manufacturer': 'Estée Lauder Companies', 'Herstelleradresse': 'Domagkstr. 10, 80807 München', 'Anwendungshinweis': 'Nach Bedarf direkt auf die gereinigten Lippen auftragen. Ideal für die Nacht.', 'package_contents': ""Petrolatum , Pentaerythrityl Tetraisostearate , Bis-Diglyceryl Polyacyladipate-2 , Caprylic/Capric Triglyceride , Peg-8 Beeswax , Methyl Methacrylate Crosspolymer , Silica , Macrocystis Pyrifera (Kelp) Extract , Triticum Vulgare (Wheat Bran) Extract , Triticum Vulgare (Wheat) Germ Extract , Hordeum Vulgare (Barley) Extract\\Extrait D'Orge , Palmitoyl Tripeptide-1 , Olea Europaea (Olive) Fruit Extract , Polybutene , Salicornia Herbacea Extract , Oleic Acid , Phoenix Dactylifera (Date) Fruit Extract , Squalane , Moringa Oil/Hydrogenated Moringa Oil Esters , Brassica Campestris (Rapeseed) Sterols , Crithmum Maritimum Extract , Cholesterol , Olea Europaea (Olive) Fruit Oil , Tetrahexyldecyl Ascorbate , Sodium Hyaluronate , Acetyl Glucosamine , Ethylhexyl Palmitate , Ricinus Communis (Castor) Seed Oil , Glyceryl Stearate , Polydecene , Dimethicone , Tocopheryl Acetate , Hydrogenated Castor Oil , Acrylates Copolymer , Palmitic Acid , Tribehenin , Butylene Glycol , Hydrogenated Vegetable Oil ,"", 'skin_type': 'alle Hauttypen', 'product_property': 'feuchtigkeitsspendend|schützend|glättend|regenerierend|reichhaltig|geschmeidig|pflegend', 'Inhalt': '6 ml', 'scope_of_application': 'Lippenpflege', 'Produkttyp': 'Balm'}"||||||||||||||||2483464_1.png|https://static.mueller.de/pdzoom/887167443495.webp||||||||||||||||||||||Estée Lauder Companies||||||||||6 ml|Petrolatum , Pentaerythrityl Tetraisostearate , Bis-Diglyceryl Polyacyladipate-2 , Caprylic/Capric Triglyceride , Peg-8 Beeswax , Methyl Methacrylate Crosspolymer , Silica , Macrocystis Pyrifera (Kelp) Extract , Triticum Vulgare (Wheat Bran) Extract , Triticum Vulgare (Wheat) Germ Extract , Hordeum Vulgare (Barley) Extract\Extrait D'Orge , Palmitoyl Tripeptide-1 , Olea Europaea (Olive) Fruit Extract , Polybutene , Salicornia Herbacea Extract , Oleic Acid , Phoenix Dactylifera (Date) Fruit Extract , Squalane , Moringa Oil/Hydrogenated Moringa Oil Esters , Brassica Campestris (Rapeseed) Sterols , Crithmum Maritimum Extract , Cholesterol , Olea Europaea (Olive) Fruit Oil , Tetrahexyldecyl Ascorbate , Sodium Hyaluronate , Acetyl Glucosamine , Ethylhexyl Palmitate , Ricinus Communis (Castor) Seed Oil , Glyceryl Stearate , Polydecene , Dimethicone , Tocopheryl Acetate , Hydrogenated Castor Oil , Acrylates Copolymer , Palmitic Acid , Tribehenin , Butylene Glycol , Hydrogenated Vegetable Oil ,||True||2483464P|||||||||7
2890084|mueller||||||||2024-10-28|Philips Avent Natural Response Flasche Babyflasche mit Airfree Ventil|||1|Stk.|Home|Drogerie|Kind & Mama|Flaschen & Sauger|Fläschchen|Philips Avent Natural Response Flasche Babyflasche mit Airfree Ventil||10,99 €|10,99 €||||||||||||||EUR|Home> Drogerie> Kind & Mama> Flaschen & Sauger> Fläschchen> Philips Avent Natural Response Flasche Babyflasche mit Airfree Ventil|https://www.mueller.at/p/philips-avent-natural-response-flasche-babyflasche-mit-airfree-ventil-IPN2890084/|1 Stk.|"Für ruhiges und bequemes Füttern. Der Natural Response Sauger unterstützt den einzigartigen Rhythmus deines Babys beim Saugen, Schlucken und Atmen, während das AirFree Ventil dafür sorgt, dass keine Luft in seinen Magen gelangt. Dies gewährleistet einen besonderen Schutz vor Koliken, Blähungen und Reflux.

2 Flaschen
125 ml
Saugerstufe 2 (0M+)
ab 0 Monaten
"||||||||0 Jahre||||||||||||||Non-Organic||||{'Fassungsvermögen': '125 ml', 'target_group': 'Baby & Kleinkind', 'manufacturer': 'Philips GmbH Market DACH', 'Herstelleradresse': 'Röntgenstrasse 22, DE-22335 Hamburg', 'Kontaktmöglichkeit': 'www.philips.de', 'Altersempfehlung ab': '0 Jahre', 'Inhalt': '1 Stk.', 'Produkttyp': 'Fläschchen'}||||||||||||||||2890084_1.png|https://static.mueller.de/pdzoom/8710103990345-VS.webp|2890084_2.png|https://static.mueller.de/pdzoom/8710103990345-PD.webp||||||||||||||||||||Philips GmbH Market DACH||||||||||1 Stk.|||True||2890084P|||||||||10
2890087|mueller||||||||2024-10-28|Philips Avent Trinksauger Natural Response ab 1 Monat|PHILIPS AVENT||2|Stk.|Home|Drogerie|Kind & Mama|Flaschen & Sauger|Trinksauger|Philips Avent Trinksauger Natural Response ab 1 Monat||7,99 €|7,99 €|||||||||||39,95 € / 10 Stk.|||EUR|Home> Drogerie> Kind & Mama> Flaschen & Sauger> Trinksauger> Philips Avent Trinksauger Natural Response ab 1 Monat|https://www.mueller.at/p/philips-avent-trinksauger-natural-response-ab-1-monat-IPN2890087/|2 Stk.|"Der Natural Response Sauger gibt nur dann Milch ab, wenn dein Baby aktiv trinkt. So kann dein Baby in seinem natürlichen Rhythmus saugen, schlucken und atmen – ähnlich wie beim Stillen. Dadurch lassen sich Stillen und Flaschenernährung einfach kombinieren.

Saugerstufe 3
ab dem 1. Monat
260ml Fassungsvermögen
"||||||||||||||||||||||Non-Organic||||{'Fassungsvermögen': '260 ml', 'manufacturer': 'Philips GmbH Market DACH', 'Herstelleradresse': 'Röntgenstrasse 22, DE-22335 Hamburg', 'Kontaktmöglichkeit': 'www.philips.de', 'Anwendungshinweis': 'Unser neuer, tropffreier Natural Response Sauger gibt nur dann Milch ab, wenn dein Baby aktiv trinkt und ermöglicht so einen reibungslosen Wechsel zwischen Brust und Flasche.', 'Inhalt': '2 Stk.'}||||||||||||||||2890087_1.png|https://static.mueller.de/pdzoom/8710103985129_3921552.webp|2890087_2.png|https://static.mueller.de/pdzoom/8710103985129_3921581.webp|2890087_3.png|https://static.mueller.de/pdzoom/8710103985129_3921492.webp|2890087_4.png|https://static.mueller.de/pdzoom/8710103985129_3921491.webp|2890087_5.png|https://static.mueller.de/pdzoom/8710103985129_3921553.webp|2890087_6.png|https://static.mueller.de/pdzoom/8710103985129_3921488.webp||||||||||||Philips GmbH Market DACH||||||||||2 Stk.|||True||2890087P|||||||||10
2194280|mueller||||||||2024-10-28|cilio Champagnerflaschenverschluss|CILIO||1|Stk.|Home|Haushalt|Essen & Trinken|Barzubehör|Cocktail & Wein|cilio Champagnerflaschenverschluss||8,29 €|8,29 €||||||||||||||EUR|Home> Haushalt> Essen & Trinken> Barzubehör> Cocktail & Wein> cilio Champagnerflaschenverschluss|https://www.mueller.at/p/cilio-champagnerflaschenverschluss-2194280/|1 Stk.|"Wenn Schaumwein abgestanden schmeckt, ist das nicht prickelnd. Wein, der offen gelagert wird, kippt und wird zu Essig. Die Wein- und Champagnerflaschenverschlüsse von cilio erhalten den Geschmack und die Qualität Ihrer hochwertigen Getränke. Die praktischen Helfer aus mattiertem Edelstahl sind leicht aufzusetzen, sie schließen luftdicht und tropfsicher. Als Faustregel für Partys, Geburtstage und Empfänge gilt übrigens: Aus einer 0,75 Liter Flasche Sekt oder Champagner bekommen Sie sechs bis sieben Gläser. Haben Sie schon Blue Sky probiert? Für diesen Cocktail wird eine Flasche trockener Sekt mit 2 cl Obstgeist, 1 cl Blue Curaçao und einem Stück hauchdünner Orangenschale gemischt. 

- luftdicht und tropfsicher
- erhalten Geschmack und Qualität
- auch mit farbigem Kunststoff"||||||||||||||||||||||Non-Organic||||{'Höhe': '4.5 cm', 'Inhalt': '1 Stk.'}||||||||||||||0|0|2194280_1.png|https://static.mueller.de/7089046568-PV-0/pdzoom/cilio-champagnerflaschenverschluss.webp||||||||||||||||||||||||||||||||1 Stk.|||True||2194280P|||||||||10
2312083|mueller||||||||2024-10-28|Dragons - Auf zu neuen Ufern Vol. 1|||1|Stk.|Home|Multi-Media|Filme & TV|Kinderfilme|Dragons - Auf zu neuen Ufern Vol. 1|||5,00 €|5,00 €||||||||||||||EUR|Home> Multi-Media> Filme & TV> Kinderfilme> Dragons - Auf zu neuen Ufern Vol. 1|https://www.mueller.at/p/dragons-auf-zu-neuen-ufern-vol-1-2312083/|1 Stk.|"Stürze Dich zusammen mit Hicks, Ohnezahn und seinen Wikingerfreunden ins Abenteuer!
Entdecke mit ihnen das mysteriöse Drachenauge, neue Drachen und furchteinflößende Bösewichte in 7 brandneuen Folgen – basierend auf dem Oscar-nominierten Animationserfolg Drachenzähmen leicht gemacht!

Episoden:
01 Das Drachenauge - Teil 1
02 Das Drachenauge - Teil 2
03 Gefährliche Gesänge
04 Drachenbasis
05 Thor Knochenbrecher
06 Gustav ist zurück
07 Thorstonton"||||||||||||||||||||||Non-Organic||||"{'medium': 'DVD', 'Untertitel': 'Deutsch', 'manufacturer': 'Universal Pictures Germany GmbH', 'Bildformat': '16:9', 'Inhalt': '1 Stk.', 'Laufzeit in min (gesamt)': '120', 'Produktionsjahr': '2015', 'Produktionsland': 'USA', 'Special Edition': 'Nein', 'Tonformat-Sprache': 'Deutsch,Englisch', 'Untertitel für Gehörlose': 'Englisch', 'packaging_type': 'Softbox', 'Hauptgenre': 'TV-Serie|Animationsfilm|Kinder'}"||||||||||||||0|0|2312083_1.png|https://static.mueller.de/videojakob_5053083147365_pv_535828/pdzoom/dragons-auf-zu-neuen-ufern-vol-1.webp|2312083_2.png|https://static.mueller.de/pdzoom/videojakob_5053083147365_pr_535828-back.webp|2312083_3.png|https://static.mueller.de/videojakob_5053083147365_pd_66989420/pdzoom/dragons-auf-zu-neuen-ufern-vol-1.webp|2312083_4.png|https://static.mueller.de/videojakob_5053083147365_pd_66989983/pdzoom/dragons-auf-zu-neuen-ufern-vol-1.webp|2312083_5.png|https://static.mueller.de/videojakob_5053083147365_pd_66990514/pdzoom/dragons-auf-zu-neuen-ufern-vol-1.webp||||||||||||||Universal Pictures Germany GmbH||||||||||1 Stk.|||True||2312083P|||||||||5
2747655|mueller||||||||2024-10-28|Käfer Teigschaber Marienkäfer|KÄFER||1|Stk.|Home|Haushalt|Kochen & Backen|Backzubehör|Weiteres Zubehör|Käfer Teigschaber Marienkäfer||9,95 €|9,95 €||||||||||||||EUR|Home> Haushalt> Kochen & Backen> Backzubehör> Weiteres Zubehör> Käfer Teigschaber Marienkäfer|https://www.mueller.at/p/kaefer-teigschaber-marienkaefer-2747655/|1 Stk.|"Naschen erlaubt! Der unersetzliche Küchenhelfer - jetzt auch im frechen Käfer-Design.
Jeder Kuchenbäcker weiß wie wichtig ein Teigschaber bei der Zubereitung leckerer Kuchen ist. Mit seinem ergonomischen Buchenholzgriff und dem elastischen Silikonschaber zaubert der exklusiv für Käfer hergestellte Teigschaber als Präsent, Mitbringsel oder einfach zum Selberverwenden jedem ein Lächeln ins Gesicht!"||||||||||||||||||||||Non-Organic||||{'manufacturer': 'Feinkost Käfer GmbH', 'Herstelleradresse': 'Heimstettener Str. 1, 85599 Parsdorf', 'Inhalt': '1 Stk.'}||||||||||||||0|0|2747655_1.png|https://static.mueller.de/6958435382-PV-0/pdzoom/kaefer-teigschaber-marienkaefer.webp||||||||||||||||||||||Feinkost Käfer GmbH||||||||||1 Stk.|||True||2747655P|||||||||10
2747656|mueller||||||||2024-10-28|Käfer Sardinen in Bio-Olivenöl|KÄFER||120|g|Home|Drogerie|Lebensmittel|Nahrung|Fertiggerichte & Konserven|Gemüsekonserven|Käfer Sardinen in Bio-Olivenöl|5,95 €|5,95 €|||||||||||49,58 € / 1 kg|||EUR|Home> Drogerie> Lebensmittel> Nahrung> Fertiggerichte & Konserven> Gemüsekonserven> Käfer Sardinen in Bio-Olivenöl|https://www.mueller.at/p/kaefer-sardinen-in-bio-olivenoel-2747656/|120 g|Die Sardinen in der Käfer Sardinenbüchse werden traditionell gefangen, gedünstet und in Bio Olivenöl eingelegt. Ein wirklich delikater Leckerbissen - einfach köstlich!|||||Portugal||||||{'Nährwerte je': '100g', 'Brennwert': '916.8 kj / 219 kcal', 'Fett in g': '13.2', '- davon gesättigte Fettsäuren in g': '3.5', 'Kohlenhydrate in g': '0', '- davon Zucker in g': '0', 'Eiweiß in g': '24.6', 'Salz in g': '0.5'}|||||||||||Organic||||{'manufacturer': 'Feinkost Käfer GmbH', 'Herstelleradresse': 'Heimstettener Str. 1, 85599 Parsdorf', 'Herkunftsland': 'Portugal', 'Inhalt': '120 g', 'Bio': 'Ja', 'Zutaten': 'Sardine (Sardina Pilchardus): mind. 70%, Bio Olivenöl: 29%, (PT-BIO 03), Salz', 'Produkttyp': 'Gemüsekonserven'}||||||||||||||0|0|2747656_1.png|https://static.mueller.de/6956227126-PV-0/pdzoom/kaefer-sardinen-in-bio-olivenoel.webp||||||||||||||||||||||Feinkost Käfer GmbH||||||||||120 g|||True||2747656P|||||||||10
3013472|mueller||||||||2024-10-28|Polly Pocket Bubble Tea-Pandaschatulle|POLLY POCKET||1|Stk.|Home|Spielwaren|Kostüme & Partyartikel|Trends|Polly Pocket Bubble Tea-Pandaschatulle|||17,99 €|17,99 €|17,99 €|14,99 €||||17%|Sie sparen 17%|||||||EUR|Home> Spielwaren> Kostüme & Partyartikel> Trends> Polly Pocket Bubble Tea-Pandaschatulle|https://www.mueller.at/p/polly-pocket-bubble-tea-pandaschatulle-IPN3013472/|1 Stk.|"Dieser niedliche Polly Pocket Bubble Tea-Panda sieht aus wie ein pandaförmiger Bubble Tea mit lustigem Boba-Shaker! In der Schatulle befindet sich ein tolles Bubble Tea-Geschäft mit zwei kleinen Puppen und 12 Zubehörteilen, darunter ein Panda. Polly liebt es, an der Getränkebar frischen Tee für ihre Freunde zuzubereiten! Zurücklehnen, entspannen und auf der schwingenden Schaukel Bubble Tea genießen! Auf dem gemütlichen Doppelsitz können auch gemeinsam mit dem Panda Sendungen angeschaut werden im Nullkommanichts verwandelt sich der Kaffeetisch in einen Fernseher! Es ist der beste Ort, um sich mit Freunden zu treffen. Nach dem Spielen können Kinder das Spielset ganz einfach zusammenpacken und mitnehmen! Ideal für Kinder ab vier Jahren, insbesondere für all diejenigen, die Bubble Tea lieben. Abweichungen in Farbe und Gestaltung vorbehalten.
• Es geht rund! Diese Polly Pocket Bubble Tea-Pandaschatulle enthält zwei kleine Puppen und 12 Zubehörteile, darunter ein Panda.• Im Inneren des niedlichen Pandabechers mit Shaker befindet sich ein gemütliches Bubble Tea-Geschäft mit Treffpunkt zum Entspannen!• Mit der Bubble Tea-Getränkestation, einer beweglichen Panda-Schaukel und einem gemütlichen Sitzsack, der sich drehen kann, eröffnen sich endlose Möglichkeiten zum Geschichtenerzählen.• Der perfekte Ort für Puppen und Tiere, um Bubble Tea zu genießen!• Die Schatulle kann überallhin mitgenommen werden und macht auch unterwegs Spaß! Ein tolles Geschenk für Kinder ab vier Jahren, insbesondere für alle, die Bubble Tea lieben."||||||||4 Jahre||||||||||||||Non-Organic||||"{'target_group': 'Kindergartenkinder|Grundschüler', 'manufacturer': 'Mattel GmbH', 'Artikelnummer des Herstellers': 'HWN95', 'license': '0', 'Altersempfehlung ab': '4 Jahre', 'Altersempfehlung bis': '99 Jahre', 'Spieldauer in Min.': '0', 'Inhalt': '1 Stk.', 'Spieleranzahl': '0', 'Produkttyp': 'Kleinspielzeug', 'verschluckbare Magnete': 'Nein'}"||||||||||||||0|0|3013472_1.png|https://static.mueller.de/pdzoom/HWN95.webp|3013472_2.png|https://static.mueller.de/pdzoom/HWN95_6.webp|3013472_3.png|https://static.mueller.de/pdzoom/HWN95_5.webp|3013472_4.png|https://static.mueller.de/pdzoom/HWN95_2.webp|3013472_5.png|https://static.mueller.de/pdzoom/HWN95_3.webp|3013472_6.png|https://static.mueller.de/pdzoom/HWN95_4.webp||||||||||||Mattel GmbH||||||||||1 Stk.|||True||3013472P|||||||||10
3013476|mueller||||||||2024-10-28|Polly Pocket Delfin retten und Spielen Schatulle|POLLY POCKET||1|Stk.|Home|Spielwaren|Kuscheltiere & Puppen|Puppen|Anziehpuppen|Polly Pocket Delfin retten und Spielen Schatulle||17,99 €|17,99 €|17,99 €|14,99 €||||17%|Sie sparen 17%|||||||EUR|Home> Spielwaren> Kuscheltiere & Puppen> Puppen> Anziehpuppen> Polly Pocket Delfin retten und Spielen Schatulle|https://www.mueller.at/p/polly-pocket-delfin-retten-und-spielen-schatulle-IPN3013476/|1 Stk.|"Diese niedliche Polly Pocket Delfin Retten und Spielen Schatulle hat ein Äußeres im Delfin-Design mit lustigem drehbaren Detail! In der Schatulle befindet sich eine bunte Delfin-Rettungsstation mit zwei kleinen Puppen und 12 Zubehörteilen, darunter Meerestiere. Die Shani-Puppe liebt es, die Fische beim Schwimmen im Becken zu beobachten! Kinder können mit dem Oktopus-Freund einen Ausflug machen oder auf den Wellen reiten. Mit dem abnehmbaren Teleskop können sie Ausschau nach Meerestieren halten. Hinter der aufklappbaren Tür verbirgt sich ein Rettungsbecken. Nach dem Spielen können Kinder das Spielset ganz einfach zusammenpacken und mitnehmen! Ideal für Kinder ab 4 Jahren, insbesondere für all diejenigen, die Tiere lieben! Abweichungen in Farbe und Gestaltung vorbehalten.

• Fantastisch! Diese Polly Pocket Delfin Retten und Spielen Schatulle enthält zwei kleine Puppen und 12 Zubehörteile, darunter Meerestiere.
• Das bunte Äußere im Delfin-Design verfügt über ein lustiges drehbares Detail. Im Inneren befindet sich eine Tier-Rettungsstation
• Alles bereit für ultimativen Geschichtenspaß? Kinder werden nur allzu gerne einen Tag in der Rettungsstation mit einem sich drehenden Aquarium, einer aufklappbaren Tür mit Badewanne, einer sich vor- und rückbewegenden Welle und mehr nachspielen!
• Es ist der perfekte Ort,. an dem sich Puppen um ihre Lieblingsmeereslebenwesen kümmern können.
• Die Schatulle kann überallhin mitgenommen werden und macht auch unterwegs Spaß! Ein tolles Geschenk für Kinder ab 4 Jahren, insbesondere für alle, die Tiere lieben."||||||||4 Jahre||||||||||||||Non-Organic||||"{'target_group': 'Kindergartenkinder|Grundschüler', 'manufacturer': 'Mattel GmbH', 'Artikelnummer des Herstellers': 'HWN96', 'license': '0', 'Altersempfehlung ab': '4 Jahre', 'Altersempfehlung bis': '99 Jahre', 'Spieldauer in Min.': '0', 'Inhalt': '1 Stk.', 'Spieleranzahl': '0', 'Produkttyp': 'Ankleidepuppen', 'verschluckbare Magnete': 'Nein'}"||||||||||||||0|0|3013476_1.png|https://static.mueller.de/pdzoom/HWN96.webp|3013476_2.png|https://static.mueller.de/pdzoom/HWN96_6.webp|3013476_3.png|https://static.mueller.de/pdzoom/HWN96_5.webp|3013476_4.png|https://static.mueller.de/pdzoom/HWN96_4.webp|3013476_5.png|https://static.mueller.de/pdzoom/HWN96_3.webp|3013476_6.png|https://static.mueller.de/pdzoom/HWN96_2.webp||||||||||||Mattel GmbH||||||||||1 Stk.|||True||3013476P|||||||||10
3013477|mueller||||||||2024-10-28|"Nostalgic-Art Blechschild 20 x 30 cm ""Gruppentherapie - Bier"""|NOSTALGIC ART||1|Stk.|Home|Haushalt|Wohnen & Dekorieren|Bilder & Rahmen|"Nostalgic-Art Blechschild 20 x 30 cm ""Gruppentherapie - Bier"""|||15,95 €|15,95 €||||||||||||||EUR|"Home> Haushalt> Wohnen & Dekorieren> Bilder & Rahmen> Nostalgic-Art Blechschild 20 x 30 cm ""Gruppentherapie - Bier"""|https://www.mueller.at/p/nostalgic-art-blechschild-20-x-30-cm-gruppentherapie-bier-IPN3013477/|1 Stk.|"Blechschilder sind beliebte Retro-Objekte, die Stil und Persönlichkeit in die eigenen vier Wände bringen. Viele der Motive wecken Erinnerungen an die ""gute alte Zeit"" und zaubern einen Hauch von Nostalgie in die Küche, das Wohnzimmer oder die Heimbar.
Ob als Geschenk für Ihre Liebsten oder für Ihr Zuhause – Ein schönes dekoratives Blechschild im Format 20 x 30 cm erwartet Sie. Das entspricht in etwa der Größe DIN A4.
Das Schild ist in Deutschland gefertigt und überzeugt auf Stahlblech mit einer hochwertigen Verarbeitung ""Made in Germany"". Das Material steht für Qualität und Langlebigkeit und hebt sich deutlich von Alternativen wie Postern oder Plastikprodukten ab. In einem sehr feinen Raster werden die Farben direkt auf das Metall gedruckt. Das Resultat ist ein gestochen scharfes Bild und brillante Farben. Zusätzlicher Schutzlack erhöht die Langlebigkeit und verleiht dem Motiv einen schönen Glanz. Auf mehreren Ebenen werden bestimmte Teile des Motivs dreidimensional hervorgehoben. Diese sogenannte Motivprägung lässt das Design besonders plastisch wirken. So hebt sich dieses Blechschild deutlich von einfachen Plastikprodukten ab. In allen vier Ecken befinden sich unauffällige vorgebohrte Löcher. So können Sie das Schild ganz einfach mit Nägeln an der Wand anbringen. Abgerundete Ecken und umgeschlagene Kanten runden den hochwertigen Gesamteindruck ab."||||||||||||||||||||||Non-Organic||||{'Pflegehinweis': 'spuelmaschinen_geeignet', 'manufacturer': 'Nostalgic-Art Merchandising GmbH', 'Herstelleradresse': 'Am Borsigturm 156, 13507 Berlin', 'Inhalt': '1 Stk.'}||||||||||||||0|0|3013477_1.png|https://static.mueller.de/pdzoom/4036113223919.webp|3013477_2.png|https://static.mueller.de/pdzoom/4036113223919_03.webp|3013477_3.png|https://static.mueller.de/pdzoom/4036113223919_01.webp|3013477_4.png|https://static.mueller.de/pdzoom/4036113223919_02.webp||||||||||spuelmaschinen_geeignet||||||Nostalgic-Art Merchandising GmbH||||||||||1 Stk.|||True||3013477P|||||||||10
3013478|mueller||||||||2024-10-28|Polly Pocket Peacock Garden-Schatulle|POLLY POCKET||1|Stk.|Home|Spielwaren|Kostüme & Partyartikel|Trends|Polly Pocket Peacock Garden-Schatulle|||17,99 €|17,99 €|17,99 €|14,99 €||||17%|Sie sparen 17%|||||||EUR|Home> Spielwaren> Kostüme & Partyartikel> Trends> Polly Pocket Peacock Garden-Schatulle|https://www.mueller.at/p/polly-pocket-peacock-garden-schatulle-IPN3013478/|1 Stk.|"Diese niedliche Polly Pocket Peacock Garden-Schatulle besticht durch ihre bunte Pfauen-Optik mit lustigen Federn! Im Inneren der Schatulle befindet sich eine Tieroase mit zwei kleinen Puppen und 12 Zubehörteilen, darunter mehrere tierische Freunde. Die Puppen lieben es, zusammen mit den Elefanten im Pool zu planschen! Im Anschluss können sie eine Runde im Pfauen-Boot fahren oder sich auf die Schaukel setzen. Am Abend lässt sich der Sonnenuntergang vom Pavillon aus besonders schön betrachten, alternativ kann aber auch eine Teeparty im Garten veranstaltet werden es gibt so viele Möglichkeiten! Nach dem Spielen können Kinder das Spielset ganz einfach zusammenpacken und mitnehmen! Ideal für Kinder ab vier Jahren, insbesondere für all diejenigen, die tierische Abenteuer lieben! Abweichungen in Farbe und Gestaltung vorbehalten.
• Willkommen im Paradies! Diese Polly Pocket Peacock Garden-Schatulle enthält zwei kleine Puppen und 12 Zubehörteile, darunter mehrere Tiere.• Auf der Schatulle befindet sich ein bunter Pfau mit hübschen Federn. Im Inneren dagegen kann eine Tieroase entdeckt werden!• Durch die verschiedenen Bestandteile, darunter eine bewegliche Pfauen-Schaukel, ein Pavillon mit Tür, die geöffnet werden kann, und ein Pool mit Boot, eröffnen sich unzählige Möglichkeiten zum Geschichtenerzählen.• Bei der Teeparty im Flamingo-Garten können die Äffchen auf den Palmen und der Sonnenuntergang beobachtet werden ein wunderschöner Anblick!• Die Schatulle kann überallhin mitgenommen werden und macht auch unterwegs Spaß. Ein tolles Geschenk für Kinder ab vier Jahren, insbesondere für alle, die gerne Reiseabenteuer erleben!"||||||||4 Jahre||||||||||||||Non-Organic||||"{'target_group': 'Kindergartenkinder|Grundschüler', 'manufacturer': 'Mattel GmbH', 'Artikelnummer des Herstellers': 'HWN97', 'license': '0', 'Altersempfehlung ab': '4 Jahre', 'Altersempfehlung bis': '99 Jahre', 'Spieldauer in Min.': '0', 'Inhalt': '1 Stk.', 'Spieleranzahl': '0', 'Produkttyp': 'Kleinspielzeug', 'verschluckbare Magnete': 'Nein'}"||||||||||||||0|0|3013478_1.png|https://static.mueller.de/pdzoom/194735217939.webp|3013478_2.png|https://static.mueller.de/pdzoom/194735217939_4.webp|3013478_3.png|https://static.mueller.de/pdzoom/194735217939_6.webp|3013478_4.png|https://static.mueller.de/pdzoom/194735217939_3.webp|3013478_5.png|https://static.mueller.de/pdzoom/194735217939_2.webp|3013478_6.png|https://static.mueller.de/pdzoom/194735217939_5.webp||||||||||||Mattel GmbH||||||||||1 Stk.|||True||3013478P|||||||||10
3013479|mueller||||||||2024-10-28|"Nostalgic-Art Blechschild 20 x 30 cm ""Lieblingsplatz"""|NOSTALGIC ART||1|Stk.|Home|Haushalt|Wohnen & Dekorieren|Bilder & Rahmen|"Nostalgic-Art Blechschild 20 x 30 cm ""Lieblingsplatz"""|||15,95 €|15,95 €||||||||||||||EUR|"Home> Haushalt> Wohnen & Dekorieren> Bilder & Rahmen> Nostalgic-Art Blechschild 20 x 30 cm ""Lieblingsplatz"""|https://www.mueller.at/p/nostalgic-art-blechschild-20-x-30-cm-lieblingsplatz-IPN3013479/|1 Stk.|"Blechschilder sind beliebte Retro-Objekte, die Stil und Persönlichkeit in die eigenen vier Wände bringen. Viele der Motive wecken Erinnerungen an die ""gute alte Zeit"" und zaubern einen Hauch von Nostalgie in die Küche, das Wohnzimmer oder die Heimbar.
Ob als Geschenk für Ihre Liebsten oder für Ihr Zuhause – Ein schönes dekoratives Blechschild im Format 20 x 30 cm erwartet Sie. Das entspricht in etwa der Größe DIN A4.
Das Schild ist in Deutschland gefertigt und überzeugt auf Stahlblech mit einer hochwertigen Verarbeitung ""Made in Germany"". Das Material steht für Qualität und Langlebigkeit und hebt sich deutlich von Alternativen wie Postern oder Plastikprodukten ab. In einem sehr feinen Raster werden die Farben direkt auf das Metall gedruckt. Das Resultat ist ein gestochen scharfes Bild und brillante Farben. Zusätzlicher Schutzlack erhöht die Langlebigkeit und verleiht dem Motiv einen schönen Glanz. Auf mehreren Ebenen werden bestimmte Teile des Motivs dreidimensional hervorgehoben. Diese sogenannte Motivprägung lässt das Design besonders plastisch wirken. So hebt sich dieses Blechschild deutlich von einfachen Plastikprodukten ab. In allen vier Ecken befinden sich unauffällige vorgebohrte Löcher. So können Sie das Schild ganz einfach mit Nägeln an der Wand anbringen. Abgerundete Ecken und umgeschlagene Kanten runden den hochwertigen Gesamteindruck ab."||||||||||||||||||||||Non-Organic||||{'Pflegehinweis': 'spuelmaschinen_geeignet', 'manufacturer': 'Nostalgic-Art Merchandising GmbH', 'Herstelleradresse': 'Am Borsigturm 156, 13507 Berlin', 'Inhalt': '1 Stk.'}||||||||||||||0|0|3013479_1.png|https://static.mueller.de/pdzoom/4036113223759F.webp|3013479_2.png|https://static.mueller.de/pdzoom/4036113223759_2.webp|3013479_3.png|https://static.mueller.de/pdzoom/4036113223759_3.webp|3013479_4.png|https://static.mueller.de/pdzoom/4036113223759_4.webp||||||||||spuelmaschinen_geeignet||||||Nostalgic-Art Merchandising GmbH||||||||||1 Stk.|||True||3013479P|||||||||10
2708043|mueller||||||||2024-10-28|Doppio Passo Primitivo Puglia|DOPPIO PASSO||250|ml|Home|Drogerie|Lebensmittel|Getränke|Wein|Doppio Passo Primitivo Puglia||3,99 €|3,99 €|||||||||||15,96 € / 1 l|||EUR|Home> Drogerie> Lebensmittel> Getränke> Wein> Doppio Passo Primitivo Puglia|https://www.mueller.at/p/doppio-passo-primitivo-puglia-2708043/|250 ml|Zu dunklem Fleisch, Gegrilltem und kräftigem Käse Beurteilung: Tiefdunkler, weicher und vollmundiger Rotwein mit einem verführerischen Hauch von süßer Beerenfrucht. Trinktemperatur: 16-18 °C||Kühl, trocken und dunkel lagern.|||Italien|Enthält SULFITE||||||||||||||||Non-Organic||||"{'Rebsorte': 'Primitivo', 'Weinfarbe': 'rot', 'Geschmack': 'trocken', 'Lagerhinweis': 'Kühl, trocken und dunkel lagern.', 'wine_rating': 'Goldmedaille International Wine Awards, 95 Punkte Luca Maroni (Jg. 2016), 93 Punkte Luca Maroni (Jg. 2017), Goldmedaille Berliner Wein Trophy (Jg. 2013, 2014, 2018), Goldmedaille Mundus Vini, „Top 100“ Weinwirtschaft (Jg. 2013)', 'target_group': 'Damen|Herren|Unisex', 'manufacturer': 'Botter Casa Vinicola S.P.A.', 'Herstelleradresse': 'Via Luigi Cadorna, 17, 30020 Fossalta di Piave VE, Italien', 'Kontaktmöglichkeit': 'www.egfra.de', 'Herkunftsland': 'Italien', 'Allergenhinweis': 'Enthält SULFITE', 'Inhalt': '250 ml', 'Lebensmittel Alkoholgehalt': '13 %', 'Zutaten': 'SULFITE', 'Produkttyp': 'Rotwein'}"|||||||||||trocken|||1.0|1|2708043_1.png|https://static.mueller.de/6888393437-PV-0/pdzoom/doppio-passo-primitivo-puglia.webp||||||||||||||||||||||Botter Casa Vinicola S.P.A.||||||['\n          13 %']||||250 ml|||True||2708043P||||||||Primitivo|12
2708046|mueller||||||||2024-10-28|BIC Click 3 Soleil Sensitive Damenrasierer 3 Klingen und Pflegestreifen Nachfüllung|BIC||4|Stk.|Home|Drogerie|Pflege|Körperpflege|Enthaarung|Rasierklingen|BIC Click 3 Soleil Sensitive Damenrasierer 3 Klingen und Pflegestreifen Nachfüllung|6,45 €|6,45 €|||||||||||16,13 € / 10 Stk.|||EUR|Home> Drogerie> Pflege> Körperpflege> Enthaarung> Rasierklingen> BIC Click 3 Soleil Sensitive Damenrasierer 3 Klingen und Pflegestreifen Nachfüllung|https://www.mueller.at/p/bic-click-3-soleil-sensitive-damenrasierer-3-klingen-und-pflegestreifen-nachfuellung-2708046/|4 Stk.|Diese Box enthält 4 Nachfüllklingenkartuschen für den BIC Click 3 Soleil Sensitive Damenrasierer, in einer recycelbaren Verpackung. Ausgestattet mit einer Dreiklingen-Technologie für eine noch seidigere und glattere Rasur*. Die Ersatzkartuschen mit einfachem Klick verfügen über 3 Klingen und einen Schutzstreifen für erstaunlich glatte Ergebnisse. Außerdem ist der Pflegestreifen mit Aloe vera und Vitamin E angereichert. * Verglichen mit Twin Lady||||||||||||||||||||||Non-Organic||||{'manufacturer': 'BIC Deutschland GmbH & Co. oHG', 'Herstelleradresse': 'Ginnheimer Straße 4 ,65760 Eschborn', 'Kontaktmöglichkeit': 'Customerservice.eu@Bicworld.com', 'Inhalt': '4 Stk.', 'scope_of_application': 'Enthaarung', 'Produkttyp': 'Rasierklingen'}||||||||||||||0|0|2708046_1.png|https://static.mueller.de/6888394672-PV-0/pdzoom/bic-click-3-soleil-sensitive-damenrasierer-3-klingen-und-pflegestreifen-nachfuellung.webp|2708046_2.png|https://static.mueller.de/6888394672-VR-1/pdzoom/bic-click-3-soleil-sensitive-damenrasierer-3-klingen-und-pflegestreifen-nachfuellung.webp|2708046_3.png|https://static.mueller.de/6888394672-PB-2/pdzoom/bic-click-3-soleil-sensitive-damenrasierer-3-klingen-und-pflegestreifen-nachfuellung.webp||||||||||||||||||BIC Deutschland GmbH & Co. oHG||||||||||4 Stk.|||True||2708046P|||||||||10
2747657|mueller||||||||2024-10-28|Käfer Currywurst in Sauce|KÄFER||380|g|Home|Drogerie|Lebensmittel|Nahrung|Fertiggerichte & Konserven|Schnelle Küche|Käfer Currywurst in Sauce|8,95 €|8,95 €|||||||||||23,55 € / 1 kg|||EUR|Home> Drogerie> Lebensmittel> Nahrung> Fertiggerichte & Konserven> Schnelle Küche> Käfer Currywurst in Sauce|https://www.mueller.at/p/kaefer-currywurst-in-sauce-2747657/|380 g|Die Currywurst für Freaks – ein Leibgericht mit einer originalen, süß-scharfen Currysauce jetzt im Glas zu jeder Tages- und Nachtzeit genießen. Let´s Party!|||||Deutschland||||||{'Nährwerte je': '100g', 'Brennwert': '783 kj / 186 kcal', 'Fett in g': '12.8', '- davon gesättigte Fettsäuren in g': '5.1', 'Kohlenhydrate in g': '13', '- davon Zucker in g': '12.4', 'Eiweiß in g': '4.4', 'Salz in g': '2'}|||||||||||Non-Organic||||{'manufacturer': 'Feinkost Käfer GmbH', 'Herstelleradresse': 'Heimstettener Str. 1, 85599 Parsdorf', 'Herkunftsland': 'Deutschland', 'Inhalt': '380 g', 'Zutaten': 'Currywurst Sauce (Trinkwasser, Tomatenmark, Zucker, Chili, Speisesalz, modifizierte Stärke, Fenchel, Knoblauch, Zwiebellauch, Zitronengras, Kräuter, Gewürze, Aroma Koffein, Brantweinessig, Säuerungsmittel Phosphorsäure, Aromen, Farbstoff, Verdickungsmittel Guarkernmehl, Johannisbrotkernmehl), 37% Curry-Wurst (51% Schweinefleisch, Speck, Trinkwasser, 13% Rindfleisch, Speisesalz, Zwiebeln, Gewürze, Dextrose, Glucosesirup, Gewürzextrakte, Speisewürze (Raps, Mais), Aromen, Antioxidationsmittel Ascorbinsäure, Farbstoff Zuckerkulör, Konservierungsstoff Natriumnitrit, Stabilisator Diphosphat)', 'Produkttyp': 'Wurstkonserven'}||||||||||||||0|0|2747657_1.png|https://static.mueller.de/6956225155-PV-0/pdzoom/kaefer-currywurst-in-sauce.webp||||||||||||||||||||||Feinkost Käfer GmbH||||||||||380 g|||True||2747657P|||||||||10
2747658|mueller||||||||2024-10-28|Käfer Präsent Pasta Di Mare|KÄFER||840|g|Home|Drogerie|Lebensmittel|Nahrung|Nudeln, Reis & Hülsenfrüchte|Nudeln|Käfer Präsent Pasta Di Mare|19,95 €|19,95 €|||||||||||23,75 € / 1 kg|||EUR|Home> Drogerie> Lebensmittel> Nahrung> Nudeln, Reis & Hülsenfrüchte> Nudeln> Käfer Präsent Pasta Di Mare|https://www.mueller.at/p/kaefer-praesent-pasta-di-mare-2747658/|840 g|"Das Präsent beinhaltet:
Käfer Spaghetti
Käfer Frutti di mare: 
Zutaten: Meersalz, Mango, Ananas, Datteln, Rohrzucker, Zitroneningwer, Knoblauch, Paprika, Chili, Schwarzer Pfeffer, Zitronenmyrte, Kardamom,Koriander, Kurkuma, Zimt. Kann Spuren von SENF, SESAM und SELLERIE enthalten. aus kontrolliert biologischem Anbau.
Allergenhinweis: Kann Spuren von SENF, SESAM und SELLERIE enthalten.

Käfer Salzstreuer
So schmeckt das Meer: Käfer Spaghetti, Bio Frutti di mare & Käfer Salzstreuer. Buon Appetito!
Empfehlung zu:
Kochabend zu Zweit, Geburtstagsgeschenk für Liebhaber der mediterranen Küche.

Die Verbindlichen Angabe der Nähwerte entnehmen Sie bitte der Verpackung der gelieferten einzel Produkte."|||||Deutschland|HARTWEIZENGRIEß (GLUTEN), SOJA,|||||{'Nährwerte je': '100g', 'Brennwert': '1367 kj / 322 kcal', 'Fett in g': '0,5', '- davon gesättigte Fettsäuren in g': '0,1', 'Kohlenhydrate in g': '67', '- davon Zucker in g': '3,7', 'Eiweiß in g': '14', 'Salz in g': '0'}|||||||||||Non-Organic||||{'manufacturer': 'Käfer Zentraleinkauf & Logistik GmbH', 'Herstelleradresse': 'Heimstettener Str. 1, 85599 Parsdorf', 'Herkunftsland': 'Deutschland', 'Allergenhinweis': 'HARTWEIZENGRIEß (GLUTEN), SOJA,', 'Inhalt': '840 g', 'Zutaten': 'HARTWEIZENGRIEß (GLUTEN), Wasser.\nKann Spuren von Soja enthalten.', 'Produkttyp': 'Nudeln & Pasta'}||||||||||||||0|0|2747658_1.png|https://static.mueller.de/6958435417-PV-0/pdzoom/kaefer-praesent-pasta-di-mare.webp|2747658_2.png|https://static.mueller.de/6958435417-PB-1/pdzoom/kaefer-praesent-pasta-di-mare.webp||||||||||||||||||||Käfer Zentraleinkauf & Logistik GmbH||||||||||840 g|||True||2747658P|||||||||2
128746|mueller||||||||2024-10-28|Faller 130429 - H0 - Brandruine Gasthaus Zur Sonne|FALLER||1|Stk.|Home|Spielwaren|Modellbau & Modelleisenbahn|Modelleisenbahn|Häuser & Bahnhöfe|Faller 130429 - H0 - Brandruine Gasthaus Zur Sonne||51,99 €|51,99 €||||||||||||||EUR|Home> Spielwaren> Modellbau & Modelleisenbahn> Modelleisenbahn> Häuser & Bahnhöfe> Faller 130429 - H0 - Brandruine Gasthaus Zur Sonne|https://www.mueller.at/p/faller-130429-h0-brandruine-gasthaus-zur-sonne-128746/|1 Stk.|"Brandruine Gasthaus ""Zur Sonne""Hier hat der Feuerteufel zugeschlagen.Ausgebranntes, rußgeschwärztes Gasthaus.Ohne Rauchgenerator, ohne Flash-Licht.Mit Rauchgenerator-Set 180690 und Blinklampen-Set 180688 nachrüstbar.Maße 13,6 x 11,9 x 11,9 cmab Epoche III"||||||||10 Jahre||||||||||||||Non-Organic||||"{'Spur Modelleisenbahn': 'H0 - 1:87', 'target_group': 'Erwachsene|Jugendliche', 'manufacturer': 'Gebr. Faller GmbH Fabrik für Qualitätsspielwaren', 'Herstelleradresse': 'Kreutzstr. 9 78148 Gütenbach', 'Kontaktmöglichkeit': 'https://www.faller.de/', 'Artikelnummer des Herstellers': '130429', 'license': 'FALLER-H0-Die Stadt, das Dorf', 'Altersempfehlung ab': '10 Jahre', 'Altersempfehlung bis': '99 Jahre', 'Materialdetails': 'Kunststoff', 'Material': 'Kunststoff', 'Inhalt': '1 Stk.', 'Produkttyp': 'Wohnhäuser in der Stadt'}"||||||||Kunststoff||||||0|0|128746_1.png|https://static.mueller.de/205771168-PB-0/pdzoom/faller-130429-h0-brandruine-gasthaus-zur-sonne.webp|128746_2.png|https://static.mueller.de/205771168-PB-1/pdzoom/faller-130429-h0-brandruine-gasthaus-zur-sonne.webp||||||||||||||||||||Gebr. Faller GmbH Fabrik für Qualitätsspielwaren||||||||||1 Stk.|||True||128746P|||||||||1
2747662|mueller||||||||2024-10-28|Käfer Präsent Haferl Süß|KÄFER||660|g|Home|Drogerie|Lebensmittel|Süßigkeiten|Gebäck|Käfer Präsent Haferl Süß||19,95 €|19,95 €|||||||||||30,23 € / 1 kg|||EUR|Home> Drogerie> Lebensmittel> Süßigkeiten> Gebäck> Käfer Präsent Haferl Süß|https://www.mueller.at/p/kaefer-praesent-haferl-suess-2747662/|660 g|"Das Präsent beinhaltet: 
– Käfer Haferl.
– Käfer Teegebäckmischung.

Perfekt als Mitbringsel oder als kleines Dankeschön!

Die Verbindlichen Angabe der Nähwerte entnehmen Sie bitte der Verpackung der gelieferten einzel Produkte."||Kühl und trocken lagern.|||Deutschland|MILCH, VOLLEI, WEIZENSTÄRKE, EIGELB, HÜHNEREIWEISS, SOJA, Kann Spuren von anderen Schalenfrüchten und Sesam enthalten.|||||{'Nährwerte je': '100g', 'Brennwert': '2027 kj / 487 kcal', 'Fett in g': '29,9', '- davon gesättigte Fettsäuren in g': '17,2', 'Kohlenhydrate in g': '25,3', '- davon Zucker in g': '23,9', 'Eiweiß in g': '3,4', 'Salz in g': '0,23'}|||||||||||Non-Organic||||{'Lagerhinweis': 'Kühl und trocken lagern.', 'manufacturer': 'Feinkost Käfer', 'Herstelleradresse': 'Heimstettener Str. 1, 85599 Parsdorf', 'Herkunftsland': 'Deutschland', 'Allergenhinweis': 'MILCH, VOLLEI,  WEIZENSTÄRKE, EIGELB, HÜHNEREIWEISS, SOJA, Kann Spuren von anderen Schalenfrüchten und Sesam enthalten.', 'Inhalt': '660 g', 'Zutaten': 'WEIZENMEHL, Zucker, BUTTERREINFETT, Kakaomasse, Kakaobutter, fettarmes Kakaopulver, MANDELN, fettarme MILCH, VOLLEI, Farbstoffe: Carotin, Echtes Karmin, Curcumaextrakt; Glukosesirup, WEIZENSTÄRKE, EIGELB, Kakaopulver, Invertzuckersiurp, Aroma, Zitronenschale, Glucose-Fruktose-Sirup, Aprikosengrieß, Speisesalz, Säuerungsmittel: Citronensäue; Himbeeren, Johannisbeeren, HÜHNEREIWEISS, Geliermittel: Pektine; Arpikosen, Feuchthaltemittel: Sorbitsiurp; Aprikosensaftkonzentrat, Maracujasaftkonzentrat, Pfirsich, Überzugsmittel: Gummi Arabicum; Verdickungsmittel: Gummi Arabicum; Säureregulator: Natriumcitrat; Karottenkonzentrat, Stärke, natürliches Aroma, Emulgator: Lecithine (SOJA), Orangensaftkonzentrat, Himbeermark, Holulnderbeerenextrakt, Konservierungsstoff: Kaliumsorbat.\n\nKann Spuren von anderen Schalenfrüchten und Sesam enthalten.', 'Produkttyp': 'Gebäck'}||||||||||||||0|0|2747662_1.png|https://static.mueller.de/6956829638-PV-0/pdzoom/kaefer-praesent-haferl-suess.webp|2747662_2.png|https://static.mueller.de/6956829638-PB-1/pdzoom/kaefer-praesent-haferl-suess.webp||||||||||||||||||||Feinkost Käfer||||||||||660 g|||False||2747662P|||||||||1
2747663|mueller||||||||2024-10-28|Käfer Präsent Teezeit|KÄFER||450|g|Home|Drogerie|Lebensmittel|Tee & Kaffee|Tee|Käfer Präsent Teezeit||19,95 €|19,95 €|||||||||||44,33 € / 1 kg|||EUR|Home> Drogerie> Lebensmittel> Tee & Kaffee> Tee> Käfer Präsent Teezeit|https://www.mueller.at/p/kaefer-praesent-teezeit-2747663/|450 g|"Das Präsent beinhaltet:
Käfer Haferl Klassik
Käfer Bio English Breakfast
Cocktail-Servietten Käfer
Gemütliches Beisammensein mit einer Tasse Bio English Breakfast aus dem Käfer Haferl Klassik. Mit den Cocktail-Servietten Käfer kann nichts mehr schiefgehen.
Empfehlung zu:
Kleine Aufmerksamkeit, Geburtstagsgeschenk für Teeliebhaber"||Kühl und trocken lagern.|||Deutschland|||||||||||||||||Non-Organic||||{'Lagerhinweis': 'Kühl und trocken lagern.', 'manufacturer': 'Feinkost Käfer GmbH', 'Herstelleradresse': 'Heimstettener Str. 1, 85599 Parsdorf', 'Herkunftsland': 'Deutschland', 'Inhalt': '450 g', 'Zutaten': 'Zutaten: Schwarzer Tee* aus Ruanda. \n* aus kontrolliert biologischem Anbau.', 'Produkttyp': 'Schwarz- & Grüntee'}||||||||||||||0|0|2747663_1.png|https://static.mueller.de/6958435454-PV-0/pdzoom/kaefer-praesent-teezeit.webp|2747663_2.png|https://static.mueller.de/6958435454-PB-1/pdzoom/kaefer-praesent-teezeit.webp||||||||||||||||||||Feinkost Käfer GmbH||||||||||450 g|||True||2747663P|||||||||7
2747664|mueller||||||||2024-10-28|Käfer Pesto Verde|KÄFER||180|g|Home|Drogerie|Lebensmittel|Nahrung|Saucen|Käfer Pesto Verde||6,95 €|6,95 €|||||||||||38,61 € / 1 kg|||EUR|Home> Drogerie> Lebensmittel> Nahrung> Saucen> Käfer Pesto Verde|https://www.mueller.at/p/kaefer-pesto-verde-2747664/|180 g|"Das original ligurische Pesto ohne Knoblauch, zubereitet aus den besten unter der Sonne Italiens gereiften Zutaten, begeistert den Gaumen mit fein würzigen und aromatischen Noten. Unser Käfer Pesto Basilikum wurde in der SZ vom 1./2.August 2015 mit 10 von 10 Punkten als Testsieger unter 9 Pestos gekürt: ""Mit Abstand das beste, weil es am meisten Basilikum enthält – mehr als 50%. Für Pestos gilt die Faustformel. Je höher der Anteil an Basilikum ist, desto besser und frischer schmeckt es."|||||Italien|Milch und Milcherzeugnisse • Schalenfrüchte (Mandeln, Haselnüsse, Cashewkerne, Walnüsse, Pecan, Pistazien, Macadamia- und Queenslandnüsse)|||||{'Nährwerte je': '100g', 'Brennwert': '1309 kj / 313 kcal', 'Fett in g': '28.2', '- davon gesättigte Fettsäuren in g': '0.8', 'Kohlenhydrate in g': '2', '- davon Zucker in g': '1.8', 'Eiweiß in g': '12.8', 'Salz in g': '0.31'}|||||||||||Non-Organic||||{'manufacturer': 'Feinkost Käfer GmbH', 'Herstelleradresse': 'Heimstettener Str. 1, 85599 Parsdorf', 'Herkunftsland': 'Italien', 'Allergenhinweis': 'Milch und Milcherzeugnisse • Schalenfrüchte (Mandeln, Haselnüsse, Cashewkerne, Walnüsse, Pecan, Pistazien, Macadamia- und Queenslandnüsse)', 'Inhalt': '180 g', 'Zutaten': 'Basilikum 53 %, Natives Olivenöl extra, PARMEGGIANO REGGIANO [enthält MILCH], CASHEWKERNE, MILCHPULVER, MILCHSÄURE; PINIENKERNE 2%, Salz.', 'Produkttyp': 'Ketchup, Saucen & Pesto'}||||||||||||||0|0|2747664_1.png|https://static.mueller.de/6957319206-PV-0/pdzoom/kaefer-pesto-verde.webp||||||||||||||||||||||Feinkost Käfer GmbH||||||||||180 g|||True||2747664P|||||||||6
2747666|mueller||||||||2024-10-28|Käfer Sauce Bolognese|KÄFER||210|g|Home|Drogerie|Lebensmittel|Nahrung|Saucen|Käfer Sauce Bolognese||6,95 €|6,95 €|||||||||||33,10 € / 1 kg|||EUR|Home> Drogerie> Lebensmittel> Nahrung> Saucen> Käfer Sauce Bolognese|https://www.mueller.at/p/kaefer-sauce-bolognese-2747666/|210 g|Eine leckere Bolgonesesauce alla Toscana, ganz nach dem Rezept einer italienischen Nonna, schmeckt zu Spaghetti einfach fabelhaft. Bellissimo kann man da nur sagen.|||||Italien|SELLERIE|||||{'Nährwerte je': '100g', 'Brennwert': '540 kj / 130 kcal', 'Fett in g': '8.31', '- davon gesättigte Fettsäuren in g': '5.5', 'Kohlenhydrate in g': '2.3', '- davon Zucker in g': '2', 'Eiweiß in g': '10.4', 'Salz in g': '0'}|||||||||||Non-Organic||||{'manufacturer': 'Feinkost Käfer GmbH', 'Herstelleradresse': 'Heimstettener Str. 1, 85599 Parsdorf', 'Herkunftsland': 'Italien', 'Allergenhinweis': 'SELLERIE', 'Inhalt': '210 g', 'Zutaten': 'Rindfleisch 50%, Tomatenwürfel, Zwiebeln, Natives Olivenöl extra, Karotten, SELLERIE, Tomatenpaste, Rotwein, Salz, Pfeffer, Lorbeer.', 'Produkttyp': 'Ketchup, Saucen & Pesto'}||||||||||||||0|0|2747666_1.png|https://static.mueller.de/6958128399-PV-0/pdzoom/kaefer-sauce-bolognese.webp||||||||||||||||||||||Feinkost Käfer GmbH||||||||||210 g|||True||2747666P|||||||||10
2772600|mueller||||||||2024-10-28|Käfer Paradies Selection|KÄFER||150|g|Home|Drogerie|Lebensmittel|Nahrung|Nüsse & Trockenfrüchte|Käfer Paradies Selection||4,95 €|4,95 €|||||||||||33,00 € / 1 kg|||EUR|Home> Drogerie> Lebensmittel> Nahrung> Nüsse & Trockenfrüchte> Käfer Paradies Selection|https://www.mueller.at/p/kaefer-paradies-selection-2772600/|150 g|Die Paradies Selection macht ihrem Namen alle Ehre: ein Tüte voller getrockneter Exotenfrüchte. Ein fruchtiges Genusserlebnis zum Naschen für Zwischendurch sowie in Müsli oder Joghurt. Die breite Auswahl an süßen, sauren und saftigen Früchten ist ein gesunder und abwechslungsreicher Snack. Lassen Sie sich in eine paradiesische Genusswelt entführen.|||||Österreich|SCHWEFELDIOXID|||||{'Nährwerte je': '100g', 'Brennwert': '1572 kj / 373 kcal', 'Fett in g': '7.4', '- davon gesättigte Fettsäuren in g': '6', 'Kohlenhydrate in g': '72', '- davon Zucker in g': '56', 'Eiweiß in g': '1.6', 'Salz in g': '0.04'}|||||||||||Non-Organic||||{'manufacturer': 'GM Pesendorfer GmbH', 'Herstelleradresse': 'Tagwerkerstrasse 8, 4810 Gmunden', 'Herkunftsland': 'Österreich', 'Allergenhinweis': 'SCHWEFELDIOXID', 'Inhalt': '150 g', 'Zutaten': 'Getrocknet/kandiert; Cranberries (Cranberries, Zucker, Sonnenblumeöl), Physalis, Zwergfeigen, Kokos (Kokos, Zucker, Antioxidationsmittel: SCHWEFELDIOXID), Papaya, Bananen, Zucker, Kokosöl, Honig', 'Produkttyp': 'Nüsse, Saaten & Trockenfrüchte'}||||||||||||||0|0|2772600_1.png|https://static.mueller.de/7023270843-PV-0/pdzoom/kaefer-paradies-selection.webp||||||||||||||||||||||GM Pesendorfer GmbH||||||||||150 g|||True||2772600P|||||||||6
2747667|mueller||||||||2024-10-28|Käfer Olivenöl Extra Vergine Basilico|KÄFER||250|ml|Home|Drogerie|Lebensmittel|Nahrung|Essig & Öl|Käfer Olivenöl Extra Vergine Basilico||8,95 €|8,95 €|||||||||||35,80 € / 1 l|||EUR|Home> Drogerie> Lebensmittel> Nahrung> Essig & Öl> Käfer Olivenöl Extra Vergine Basilico|https://www.mueller.at/p/kaefer-olivenoel-extra-vergine-basilico-2747667/|250 ml|Für unser natives Olivenöl Basilikum werden Oliven der ersten Ernte mit frischem Basilikum gemeinsam gepresst. Dadurch entsteht ein hochwertiges Olivenöl mit dem charakteristischen Aroma des Basilikums. Ein besonderer Genuss zu Pasta, Tomaten, Salaten und vielem mehr.|||||Italien||||||{'Nährwerte je': '100g', 'Brennwert': '3378 kj / 821 kcal', 'Fett in g': '91.39', '- davon gesättigte Fettsäuren in g': '13.9', 'Kohlenhydrate in g': '0', '- davon Zucker in g': '0', 'Eiweiß in g': '0', 'Salz in g': '0'}|||||||||||Non-Organic||||{'manufacturer': 'Feinkost Käfer GmbH', 'Herstelleradresse': 'Heimstettener Str. 1, 85599 Parsdorf', 'Herkunftsland': 'Italien', 'Inhalt': '250 ml', 'Zutaten': 'Natives Olivenöl extra, Basilikum', 'Produkttyp': 'Essig & Öl'}||||||||||||||0|0|2747667_1.png|https://static.mueller.de/6958435537-PV-0/pdzoom/kaefer-olivenoel-extra-vergine-basilico.webp||||||||||||||||||||||Feinkost Käfer GmbH||||||||||250 ml|||False||2747667P|||||||||1
3013481|mueller||||||||2024-10-28|Polly Pocket Daddy and Me Seepferdchenschatulle|POLLY POCKET||1|Stk.|Home|Spielwaren|Kostüme & Partyartikel|Trends|Polly Pocket Daddy and Me Seepferdchenschatulle|||27,99 €|27,99 €||||||||||||||EUR|Home> Spielwaren> Kostüme & Partyartikel> Trends> Polly Pocket Daddy and Me Seepferdchenschatulle|https://www.mueller.at/p/polly-pocket-daddy-and-me-seepferdchenschatulle-IPN3013481/|1 Stk.|"Mit der Polly Pocket 2-in-1 Daddy and Me Seepferdchenschatulle in Unterwasser-Abenteuer eintauchen dieses 2-in-1-Spielset bietet endlose Möglichkeiten zum Geschichtenerzählen! Das Baby-Seepferdchen kuschelt sich in Papas Beutel und beide öffnen sich dann zu ihren eigenen Unterwasserszenen. Das Spielset beinhaltet zwei kleine Puppen und 13 Zubehörteile, darunter niedliche Meerestiere. Eine Wasserrutsche verbindet beide Schatullen miteinander. Außerdem gibt es eine geheime Strandhöhle mit Schätzen, ein drehbares Seestern-Spielzeug für Shani oder eine Muschel mit schimmernder Perle zu entdecken. Perfekt zum Mitnehmen für unterwegs: Die Schatullen sind schnell gepackt und lassen sich leicht mit dem Trageriemen tragen. Ein tolles Geschenk für Kinder ab 4 Jahren, besonders für alle, die Tiere und das Meer lieben! Abweichungen in Farbe und Gestaltung vorbehalten.
• Mit der Daddy and Me Seepferdchentasche geht es direkt ins kühle Nass. Die Schatulle des Baby-Seepferdchens lässt sich einfach mit der seines Papas verbinden so, als würde es sich in seinen Beutel kuscheln!• Beim 2-in-1-Spielset verdoppelt sich der Spaß mit den 2 kleinen Puppen Polly und Shani und 2 Strandszenen. Einfach die Schatullen öffnen und mit der Wasserrutsche verbinden, um das ultimative Meeresabenteuer zu erleben!• Beim Entdecken der geheimen Strandhöhle wird die Fantasie beflügelt! Anschließend kann mit dem Seestern gespielt und zur nächsten Schatulle gerutscht werden, um auf der Insel des Baby-Seepferdchens mit Freunden Schätze zu suchen. Es gibt so viele Möglichkeiten!• Mit dem praktischen Trageriemen ist es supereinfach, alles einzupacken und Seepferdchenpapa und -baby überall hin mitzunehmen!• Mit so viel Möglichkeiten in einem leicht zu transportierenden Set ist dieses Polly Schatullen-Spielset ein tolles Geschenk für Kinder ab 4 Jahren, besonders für alle, die Tiere und wilde Abenteuer lieben!"||||||||4 Jahre||||||||||||||Non-Organic||||"{'target_group': 'Kindergartenkinder|Grundschüler', 'manufacturer': 'Mattel GmbH', 'Artikelnummer des Herstellers': 'HWP03', 'license': '0', 'Altersempfehlung ab': '4 Jahre', 'Altersempfehlung bis': '99 Jahre', 'Spieldauer in Min.': '0', 'Inhalt': '1 Stk.', 'Spieleranzahl': '0', 'Produkttyp': 'Kleinspielzeug', 'verschluckbare Magnete': 'Nein'}"||||||||||||||5.0|1|3013481_1.png|https://static.mueller.de/pdzoom/194735217670.webp|3013481_2.png|https://static.mueller.de/pdzoom/194735217670_2.webp|3013481_3.png|https://static.mueller.de/pdzoom/194735217670_3.webp|3013481_4.png|https://static.mueller.de/pdzoom/194735217670_5.webp|3013481_5.png|https://static.mueller.de/pdzoom/194735217670_4.webp|3013481_6.png|https://static.mueller.de/pdzoom/194735217670_6.webp||||||||||||Mattel GmbH||||||||||1 Stk.|||True||3013481P|||||||||10
3013483|mueller||||||||2024-10-28|Barbie Mysteries: Das geheimnisvolle Pferdeabenteuer“ Barbie Brooklyn“ Puppe mit Reitkleidung und Zubehör|MATTEL||1|Stk.|Home|Spielwaren|Kuscheltiere & Puppen|Puppen|Anziehpuppen|Barbie Mysteries: Das geheimnisvolle Pferdeabenteuer“ Barbie Brooklyn“ Puppe mit Reitkleidung und Zubehör||19,99 €|19,99 €|19,99 €|15,99 €||||20%|Sie sparen 20%|||||||EUR|Home> Spielwaren> Kuscheltiere & Puppen> Puppen> Anziehpuppen> Barbie Mysteries: Das geheimnisvolle Pferdeabenteuer“ Barbie Brooklyn“ Puppe mit Reitkleidung und Zubehör|https://www.mueller.at/p/barbie-mysteries-das-geheimnisvolle-pferdeabenteuer-barbie-brooklyn-puppe-mit-reitkleidung-und-zubehoer-IPN3013483/|1 Stk.|Die Barbie Brooklyn“ Puppe ist bereit für Reitabenteuer! Mit einem stylischen Reitoutfit sieht sie genauso aus wie ihre Figur aus der Netflix-Serie Barbie Mysteries: Das geheimnisvolle Pferdeabenteuer“. Die Modepuppe trägt ein abnehmbares Hemd, eine Weste, Hosen, Stiefel und einen Helm und beugt Ellbogen, Handgelenke und Knie für ein realistisches Reiten! Die Puppe kann nicht von allein stehen. Abweichungen in Farbe und Gestaltung vorbehalten.||||||||36 Monate||||||||||||||Non-Organic||||"{'target_group': 'Kindergartenkinder|Grundschüler', 'manufacturer': 'Mattel GmbH', 'Artikelnummer des Herstellers': 'HXJ39', 'license': '0', 'Altersempfehlung ab': '36 Monate', 'Altersempfehlung bis': '99 Jahre', 'Spieldauer in Min.': '0', 'Inhalt': '1 Stk.', 'Spieleranzahl': '0', 'Produkttyp': 'Ankleidepuppen', 'verschluckbare Magnete': 'Nein'}"||||||||||||||0|0|3013483_1.png|https://static.mueller.de/pdzoom/194735230945.webp|3013483_2.png|https://static.mueller.de/pdzoom/194735230945_2.webp|3013483_3.png|https://static.mueller.de/pdzoom/194735230945_3.webp|3013483_4.png|https://static.mueller.de/pdzoom/194735230945_6.webp|3013483_5.png|https://static.mueller.de/pdzoom/194735230945_5.webp|3013483_6.png|https://static.mueller.de/pdzoom/194735230945_4.webp||||||||||||Mattel GmbH||||||||||1 Stk.|||True||3013483P|||||||||10
3013485|mueller||||||||2024-10-28|"Nostalgic-Art Blechschild 20 x 30 cm ""Whiskey"""|NOSTALGIC ART||1|Stk.|Home|Haushalt|Wohnen & Dekorieren|Bilder & Rahmen|"Nostalgic-Art Blechschild 20 x 30 cm ""Whiskey"""|||15,95 €|15,95 €||||||||||||||EUR|"Home> Haushalt> Wohnen & Dekorieren> Bilder & Rahmen> Nostalgic-Art Blechschild 20 x 30 cm ""Whiskey"""|https://www.mueller.at/p/nostalgic-art-blechschild-20-x-30-cm-whiskey-IPN3013485/|1 Stk.|"Blechschilder sind beliebte Retro-Objekte, die Stil und Persönlichkeit in die eigenen vier Wände bringen. Viele der Motive wecken Erinnerungen an die ""gute alte Zeit"" und zaubern einen Hauch von Nostalgie in die Küche, das Wohnzimmer oder die Heimbar.
Ob als Geschenk für Ihre Liebsten oder für Ihr Zuhause – Ein schönes dekoratives Blechschild im Format 20 x 30 cm erwartet Sie. Das entspricht in etwa der Größe DIN A4.
Das Schild ist in Deutschland gefertigt und überzeugt auf Stahlblech mit einer hochwertigen Verarbeitung ""Made in Germany"". Das Material steht für Qualität und Langlebigkeit und hebt sich deutlich von Alternativen wie Postern oder Plastikprodukten ab. In einem sehr feinen Raster werden die Farben direkt auf das Metall gedruckt. Das Resultat ist ein gestochen scharfes Bild und brillante Farben. Zusätzlicher Schutzlack erhöht die Langlebigkeit und verleiht dem Motiv einen schönen Glanz. Auf mehreren Ebenen werden bestimmte Teile des Motivs dreidimensional hervorgehoben. Diese sogenannte Motivprägung lässt das Design besonders plastisch wirken. So hebt sich dieses Blechschild deutlich von einfachen Plastikprodukten ab. In allen vier Ecken befinden sich unauffällige vorgebohrte Löcher. So können Sie das Schild ganz einfach mit Nägeln an der Wand anbringen. Abgerundete Ecken und umgeschlagene Kanten runden den hochwertigen Gesamteindruck ab."||||||||||||||||||||||Non-Organic||||{'Pflegehinweis': 'spuelmaschinen_geeignet', 'manufacturer': 'Nostalgic-Art Merchandising GmbH', 'Herstelleradresse': 'Am Borsigturm 156, 13507 Berlin', 'Inhalt': '1 Stk.'}||||||||||||||0|0|3013485_1.png|https://static.mueller.de/pdzoom/4036113222578.webp|3013485_2.png|https://static.mueller.de/pdzoom/4036113222578_01.webp|3013485_3.png|https://static.mueller.de/pdzoom/4036113222578_02.webp|3013485_4.png|https://static.mueller.de/pdzoom/4036113222578_03.webp||||||||||spuelmaschinen_geeignet||||||Nostalgic-Art Merchandising GmbH||||||||||1 Stk.|||True||3013485P|||||||||10
3013486|mueller||||||||2024-10-28|Barbie Mysteries: Das geheimnisvolle Pferdeabenteuer“ Barbie Malibu“ Puppe mit Reitkleidung und Zubehör|MATTEL||1|Stk.|Home|Spielwaren|Kuscheltiere & Puppen|Puppen|Anziehpuppen|Barbie Mysteries: Das geheimnisvolle Pferdeabenteuer“ Barbie Malibu“ Puppe mit Reitkleidung und Zubehör||19,99 €|19,99 €|19,99 €|15,99 €||||20%|Sie sparen 20%|||||||EUR|Home> Spielwaren> Kuscheltiere & Puppen> Puppen> Anziehpuppen> Barbie Mysteries: Das geheimnisvolle Pferdeabenteuer“ Barbie Malibu“ Puppe mit Reitkleidung und Zubehör|https://www.mueller.at/p/barbie-mysteries-das-geheimnisvolle-pferdeabenteuer-barbie-malibu-puppe-mit-reitkleidung-und-zubehoer-IPN3013486/|1 Stk.|Die Barbie Malibu“ Puppe ist bereit für Reitabenteuer! Mit einem stylischen Reitoutfit sieht sie genauso aus wie ihre Figur aus der Netflix-Serie Barbie Mysteries: Das geheimnisvolle Pferdeabenteuer“. Die Modepuppe trägt ein abnehmbares Hemd und eine Weste, Hosen, Stiefel und einen Helm und beugt Ellbogen, Handgelenke und Knie für ein realistisches Reiten! Die Puppe kann nicht von allein stehen. Abweichungen in Farbe und Gestaltung vorbehalten.||||||||36 Monate||||||||||||||Non-Organic||||"{'target_group': 'Kindergartenkinder|Grundschüler', 'manufacturer': 'Mattel GmbH', 'Artikelnummer des Herstellers': 'HXJ38', 'license': '0', 'Altersempfehlung ab': '36 Monate', 'Altersempfehlung bis': '99 Jahre', 'Spieldauer in Min.': '0', 'Inhalt': '1 Stk.', 'Spieleranzahl': '0', 'Produkttyp': 'Ankleidepuppen', 'verschluckbare Magnete': 'Nein'}"||||||||||||||0|0|3013486_1.png|https://static.mueller.de/pdzoom/194735230969.webp|3013486_2.png|https://static.mueller.de/pdzoom/194735230969_3.webp|3013486_3.png|https://static.mueller.de/pdzoom/194735230969_5.webp|3013486_4.png|https://static.mueller.de/pdzoom/194735230969_2.webp|3013486_5.png|https://static.mueller.de/pdzoom/194735230969_6.webp|3013486_6.png|https://static.mueller.de/pdzoom/194735230969_4.webp||||||||||||Mattel GmbH||||||||||1 Stk.|||True||3013486P|||||||||10
3013489|mueller||||||||2024-10-28|Barbie Skipper Babysitter Zwillings-Kinderzimmer-Spielset|MATTEL||1|Stk.|Home|Spielwaren|Kuscheltiere & Puppen|Puppen|Anziehpuppen|Barbie Skipper Babysitter Zwillings-Kinderzimmer-Spielset||34,99 €|34,99 €||||||||||||||EUR|Home> Spielwaren> Kuscheltiere & Puppen> Puppen> Anziehpuppen> Barbie Skipper Babysitter Zwillings-Kinderzimmer-Spielset|https://www.mueller.at/p/barbie-skipper-babysitter-zwillings-kinderzimmer-spielset-IPN3013489/|1 Stk.|Mit diesem Barbie Kinderzimmer-Spielset kommen Spaß und Niedlichkeit im Doppelpack! Bei Skipper, Barbies jüngere Schwester, gibt es alles doppelt, um die Babys zu betreuen, die beide abnehmbare Windeln tragen. Es gibt ein Babybettchen für zwei, das richtig schaukelt, eine Regenbogen-Schaukel mit einem Sitz für Zwillinge, eine federnde Baby-Wippe und einen Spielbogen, der auf dem Kinderbett angebracht oder auf dem Boden verwendet werden kann. Mit weiterem Zubehör wie Fläschchen, Decken, Lätzchen, Spielzeugloks und Teddybären hat Skipper alles, was sie braucht, um sich um die niedlichen Zwillinge zu kümmern! Die Puppe kann nicht von allein stehen. Abweichungen in Farbe und Gestaltung vorbehalten.||||||||36 Monate||||||||||||||Non-Organic||||"{'target_group': 'Kindergartenkinder|Grundschüler', 'manufacturer': 'Mattel GmbH', 'Artikelnummer des Herstellers': 'HXM99', 'license': '0', 'Altersempfehlung ab': '36 Monate', 'Altersempfehlung bis': '99 Jahre', 'Spieldauer in Min.': '0', 'Inhalt': '1 Stk.', 'Spieleranzahl': '0', 'Produkttyp': 'Ankleidepuppen', 'verschluckbare Magnete': 'Nein'}"||||||||||||||0|0|3013489_1.png|https://static.mueller.de/pdzoom/194735234639.webp|3013489_2.png|https://static.mueller.de/pdzoom/194735234639_4.webp|3013489_3.png|https://static.mueller.de/pdzoom/194735234639_3.webp|3013489_4.png|https://static.mueller.de/pdzoom/194735234639_2.webp|3013489_5.png|https://static.mueller.de/pdzoom/194735234639_5.webp|3013489_6.png|https://static.mueller.de/pdzoom/194735234639_6.webp||||||||||||Mattel GmbH||||||||||1 Stk.|||False||3013489P|||||||||1
114100|mueller||||||||2024-10-28|Rossini - oder die mörderische Frage, wer mit wem schlief|||1|Stk.|Home|Multi-Media|Filme & TV|Komödie & Comedy|Rossini - oder die mörderische Frage, wer mit wem schlief|||7,99 €|7,99 €||||||||||||||EUR|Home> Multi-Media> Filme & TV> Komödie & Comedy> Rossini - oder die mörderische Frage, wer mit wem schlief|https://www.mueller.at/p/rossini-oder-die-moerderische-frage-wer-mit-wem-schlief-114100/|1 Stk.|"Von hunderten weißen Kerzen erleuchtet, strahlt es aus dem ""Rossini"", dem allabendlichen Treffpunkt der Münchner Medien- und Schickeriaszene. Dort treffen sich ein Machoregisseur, der nervöse Produzent Reiter, Möchtegern-Autor Kriegnitz und diverse Damen, die sich im verblassten Ruhm und den Schmeicheleien ihrer Verehrer sonnen, zum Fegefeuer der Eitelkeiten. Uncoole Finanziers von der Sparkasse werden von der strahlenden Society nur geduldet. Bedient werden alle mit Enthusiasmus vom Ristorante-Besitzer Rossini. Sehnsüchtig durchs Fenster schaut Schneewittchen, bis sie sich nach drinnen wagt und allen Männern den Kopf verdreht.

Helmut Dietls Gesellschafts-Komödie perlt wie bester Champagner, spritzig in Witz und satirischen Spitzen sowie luxuriös in Ausstattung und Bildern. Das Kinopublikum konnte diesem Geschmackserlebnis, das mit der Crème de la Crème der deutschen Schauspielszene besetzt ist, nicht widerstehen und machte es 1997 mit mehr als 3,2 Mio. Besuchern zu einem der erfolgreichsten Filme."||||||||||||||||||||||Non-Organic||||"{'medium': 'DVD', 'manufacturer': 'Constantin Film (Universal)', 'Bildformat': 'Widescreen', 'Zusatzinfos / Bonusmaterial beim Film dabei': 'Featurette (ca. 5 Min.);\nInterviews (ca. 20 Min.);\nBlick hinter die Kulissen (ca. 5 Min.);', 'Inhalt': '1 Stk.', 'Laufzeit in min (gesamt)': '110', 'Produktionsjahr': '1996', 'Produktionsland': 'Deutschland', 'Regisseur': 'Helmut Dietl', 'Schauspieler': 'Götz George,Heiner Lauterbach,Mario Adorf,Gudrun Landgrebe,Joachim Krol,Veronica Ferres,Jan Josef Liefers,Edgar Selge', 'Special Edition': 'Nein', 'Tonformat-Sprache': 'Deutsch,Deutsch', 'Untertitel für Gehörlose': 'Deutsch', 'packaging_type': 'Softbox', 'Hauptgenre': 'Komödie|Deutscher Film'}"||||||||||||||0|0|114100_1.png|https://static.mueller.de/videojakob_4011976830887_pv_174123/pdzoom/rossini-oder-die-moerderische-frage-wer-mit-wem-schlief.webp|114100_2.png|https://static.mueller.de/pdzoom/videojakob_4011976830887_pr_174123-back.webp|114100_3.png|https://static.mueller.de/videojakob_4011976830887_pd_66601525/pdzoom/rossini-oder-die-moerderische-frage-wer-mit-wem-schlief.webp|114100_4.png|https://static.mueller.de/videojakob_4011976830887_pd_66602137/pdzoom/rossini-oder-die-moerderische-frage-wer-mit-wem-schlief.webp|114100_5.png|https://static.mueller.de/videojakob_4011976830887_pd_66602695/pdzoom/rossini-oder-die-moerderische-frage-wer-mit-wem-schlief.webp||||||||||||||Constantin Film (Universal)||||||||||1 Stk.|||True||114100P|||||||||5
2747209|mueller||||||||2024-10-28|Käfer Baumwolltasche|KÄFER||1|Stk.|Home|Haushalt|Wohnen & Dekorieren|Körbe & Taschen|Käfer Baumwolltasche|||5,95 €|5,95 €||||||||||||||EUR|Home> Haushalt> Wohnen & Dekorieren> Körbe & Taschen> Käfer Baumwolltasche|https://www.mueller.at/p/kaefer-baumwolltasche-7027012671/|1 Stk.|"Der ideale Shopper für den Wochendeinkauf. Handlich und gut zu verstauen und bei Bedarf bietet die Käfer Stofftasche ein großes Fassungsvermögen. Die große, graue Stofftasche wird exklusiv für Käfer gefertigt. Eine praktische und geräumige Einkaufstasche aus strapazierfähiger Baumwolle in einem neutralen Grau, bedruckt mit dem Käfer Logo in Rot. Vielseitig verwendbar und immer ein Blickfang.
Maße: H: 38 cm; B: 50 cm; T: 20 cm
Material: 100% Baumwolle,  bei 40°C waschbar"||||||||||||||||||||||Non-Organic||||{'manufacturer': 'Feinkost Käfer GmbH', 'Herstelleradresse': 'Heimstettener Str. 1, 85599 Parsdorf', 'Materialdetails': 'Baumwolle', 'Material': 'Baumwolle', 'Farbe': 'Rot', 'Inhalt': '1 Stk.'}||||||Rot||Baumwolle||||||0|0|2747209_1.png|https://static.mueller.de/6958433991-PV-0/pdzoom/kaefer-baumwolltasche.webp||||||||||||||||||||||Feinkost Käfer GmbH||||||||||1 Stk.|||True||2747209P|||||||||10
2747631|mueller||||||||2024-10-28|Käfer Nuss Schokoladen Creme|KÄFER||200|g|Home|Drogerie|Lebensmittel|Nahrung|Brotaufstriche|Süße Brotaufstriche|Käfer Nuss Schokoladen Creme|6,95 €|6,95 €|||||||||||34,75 € / 1 kg|||EUR|Home> Drogerie> Lebensmittel> Nahrung> Brotaufstriche> Süße Brotaufstriche> Käfer Nuss Schokoladen Creme|https://www.mueller.at/p/kaefer-nuss-schokoladen-creme-2747631/|200 g|Nussig, schokoladig und absolut cremig! Die Käfer Nuss Schokoladen Creme schmeckt einfach köstlich, ist vegetarisch und glutenfrei und wird noch dazu ohne Palmfett, sowie ohne Farb- und Konservierungsstoffe hergestellt.|||||Deutschland|HASELNUSSKERNE, ERDNUSS. Kann Spuren von MILCHERZEUGNISSEN und anderen SCHALENFRÜCHTEN enthalten.|||||{'Nährwerte je': '100g', 'Brennwert': '2295 kj / 549 kcal', 'Fett in g': '33', '- davon gesättigte Fettsäuren in g': '4', 'Kohlenhydrate in g': '55', '- davon Zucker in g': '53', 'Eiweiß in g': '6.3', 'Salz in g': '0.15'}|||||||||||Non-Organic||||{'manufacturer': 'Feinkost Käfer GmbH', 'Herstelleradresse': 'Heimstettener Str. 1, 85599 Parsdorf', 'Herkunftsland': 'Deutschland', 'Allergenhinweis': 'HASELNUSSKERNE, ERDNUSS. Kann Spuren von MILCHERZEUGNISSEN und anderen SCHALENFRÜCHTEN enthalten.', 'Inhalt': '200 g', 'Zutaten': 'Zucker, HASELNUSSKERNE, pflanzl. Fette (enthält ERDNUSS), Kakaopulver (stark entölt), Emulgator: Sonnenblumenlecithin, Gewürze, Salz.\xa0Kann Spuren von MILCHERZEUGNISSEN und anderen SCHALENFRÜCHTEN enthalten.\xa0Ohne Palmfett, ohne Farb- und Konservierungsstoffe, vegetarisch, glutenfrei.', 'Produkttyp': 'Schokocremes'}||||||||||||||0|0|2747631_1.png|https://static.mueller.de/6956224056-PV-0/pdzoom/kaefer-nuss-schokoladen-creme.webp||||||||||||||||||||||Feinkost Käfer GmbH||||||||||200 g|||True||2747631P|||||||||7
3013491|mueller||||||||2024-10-28|Disney Vorlesebuch: Die schönsten Disney-Märchen|||1|Stk.|Home|Spielwaren|Buch & Schulbedarf|Kinder- & Jugendbücher|Disney Vorlesebuch: Die schönsten Disney-Märchen|||12,40 €|12,40 €||||||||||||||EUR|Home> Spielwaren> Buch & Schulbedarf> Kinder- & Jugendbücher> Disney Vorlesebuch: Die schönsten Disney-Märchen|https://www.mueller.at/p/disney-vorlesebuch-die-schoensten-disney-maerchen-IPN3013491/|1 Stk.|"Dieses wunderschöne Vorlesebuch enthält die enthält die beliebten Disney-Märchen Dornröschen, Schneewittchen, Cinderella, Das hässliche Entlein, Arielle, Die Schöne und das Biest und Rapunzel.

Viele zauberhafte Bilder aus den Disney-Klassikern machen dieses Buch zu einem Leseschatz für die ganze Familie!"||||||||||||||||||||||Non-Organic||||{'target_group': 'Kindergartenkinder', 'license': '0', 'genre': 'Vorlesen', 'author': 'Disney, Walt', 'Einband': 'Hardcover', 'publishing_year': '2024', 'Inhalt': '1 Stk.', 'ISBN Ausgangsbuch': '9783845126692', 'Produkttyp': 'Kinder- & Jugendbücher', 'page_number': '144'}||||||||||||||0|0|3013491_1.png|https://static.mueller.de/pdzoom/9783845126692.webp|3013491_2.png|https://static.mueller.de/pdzoom/9783845126692_innenansicht_03.webp|3013491_3.png|https://static.mueller.de/pdzoom/9783845126692_innenansicht_05.webp|3013491_4.png|https://static.mueller.de/pdzoom/9783845126692_innenansicht_04.webp||||||||||||||||||||||||||1 Stk.|||True||3013491P|||||||||10
3013492|mueller||||||||2024-10-28|Barbie Mysteries: Das geheimnisvolle Pferdeabenteuer“ Pferdestall-Spielset mit Puppe, Spielzeugpferd und Zubehör|MATTEL||1|Stk.|Home|Spielwaren|Kuscheltiere & Puppen|Puppen|Anziehpuppen|Barbie Mysteries: Das geheimnisvolle Pferdeabenteuer“ Pferdestall-Spielset mit Puppe, Spielzeugpferd und Zubehör||89,99 €|89,99 €|89,99 €|69,95 €||||22%|Sie sparen 22%|||||||EUR|Home> Spielwaren> Kuscheltiere & Puppen> Puppen> Anziehpuppen> Barbie Mysteries: Das geheimnisvolle Pferdeabenteuer“ Pferdestall-Spielset mit Puppe, Spielzeugpferd und Zubehör|https://www.mueller.at/p/barbie-mysteries-das-geheimnisvolle-pferdeabenteuer-pferdestall-spielset-mit-puppe-spielzeugpferd-und-zubehoer-IPN3013492/|1 Stk.|Dieses von der Netflix-Serie Barbie Mysteries: Das geheimnisvolle Pferdeabenteuer“ inspirierte Ultimativer Pferdestall-Spielset steckt mit mehr als 25 Teilen voller Spaß! Mit sechs Spielbereichen können Kinder der Barbie-Puppe dabei helfen, ihr Spielzeugpferd an der Futterstation mit leckerem Gemüse zu verwöhnen, ihr Pferd im Pflegebereich zu putzen und zu bürsten, am Springzaun zu trainieren, Bänder aufzuhängen oder Fotos auf die Trophäenwand zu schieben und zu wechseln und sowie den Garten mit Plug-and-play-Rosen zu pflegen. Der Stall lässt sich zur einfachen Aufbewahrung zusammenklappen. Die Puppe kann nicht von allein stehen. Abweichungen in Farbe und Gestaltung vorbehalten.||||||||36 Monate||||||||||||||Non-Organic||||"{'target_group': 'Kindergartenkinder|Grundschüler', 'manufacturer': 'Mattel GmbH', 'Artikelnummer des Herstellers': 'HXJ44', 'license': '0', 'Altersempfehlung ab': '36 Monate', 'Altersempfehlung bis': '99 Jahre', 'Spieldauer in Min.': '0', 'Inhalt': '1 Stk.', 'Spieleranzahl': '0', 'Produkttyp': 'Ankleidepuppen', 'verschluckbare Magnete': 'Nein'}"||||||||||||||5.0|2|3013492_1.png|https://static.mueller.de/pdzoom/194735230976.webp|3013492_2.png|https://static.mueller.de/pdzoom/194735230976_6.webp|3013492_3.png|https://static.mueller.de/pdzoom/194735230976_2.webp|3013492_4.png|https://static.mueller.de/pdzoom/194735230976_4.webp|3013492_5.png|https://static.mueller.de/pdzoom/194735230976_5.webp|3013492_6.png|https://static.mueller.de/pdzoom/194735230976_3.webp||||||||||||Mattel GmbH||||||||||1 Stk.|||True||3013492P|||||||||10
3013493|mueller||||||||2024-10-28|"Nostalgic-Art Blechschild 20 x 30 cm ""VW Bulli - Beach"""|NOSTALGIC ART||1|Stk.|Home|Haushalt|Wohnen & Dekorieren|Bilder & Rahmen|"Nostalgic-Art Blechschild 20 x 30 cm ""VW Bulli - Beach"""|||15,95 €|15,95 €||||||||||||||EUR|"Home> Haushalt> Wohnen & Dekorieren> Bilder & Rahmen> Nostalgic-Art Blechschild 20 x 30 cm ""VW Bulli - Beach"""|https://www.mueller.at/p/nostalgic-art-blechschild-20-x-30-cm-vw-bulli-beach-IPN3013493/|1 Stk.|"Blechschilder sind beliebte Retro-Objekte, die Stil und Persönlichkeit in die eigenen vier Wände bringen. Viele der Motive wecken Erinnerungen an die ""gute alte Zeit"" und zaubern einen Hauch von Nostalgie in die Küche, das Wohnzimmer oder die Heimbar.
Ob als Geschenk für Ihre Liebsten oder für Ihr Zuhause – Ein schönes dekoratives Blechschild im Format 20 x 30 cm erwartet Sie. Das entspricht in etwa der Größe DIN A4.
Das Schild ist in Deutschland gefertigt und überzeugt auf Stahlblech mit einer hochwertigen Verarbeitung ""Made in Germany"". Das Material steht für Qualität und Langlebigkeit und hebt sich deutlich von Alternativen wie Postern oder Plastikprodukten ab. In einem sehr feinen Raster werden die Farben direkt auf das Metall gedruckt. Das Resultat ist ein gestochen scharfes Bild und brillante Farben. Zusätzlicher Schutzlack erhöht die Langlebigkeit und verleiht dem Motiv einen schönen Glanz. Auf mehreren Ebenen werden bestimmte Teile des Motivs dreidimensional hervorgehoben. Diese sogenannte Motivprägung lässt das Design besonders plastisch wirken. So hebt sich dieses Blechschild deutlich von einfachen Plastikprodukten ab. In allen vier Ecken befinden sich unauffällige vorgebohrte Löcher. So können Sie das Schild ganz einfach mit Nägeln an der Wand anbringen. Abgerundete Ecken und umgeschlagene Kanten runden den hochwertigen Gesamteindruck ab."||||||||||||||||||||||Non-Organic||||{'Pflegehinweis': 'spuelmaschinen_geeignet', 'manufacturer': 'Nostalgic-Art Merchandising GmbH', 'Herstelleradresse': 'Am Borsigturm 156, 13507 Berlin', 'Inhalt': '1 Stk.'}||||||||||||||0|0|3013493_1.png|https://static.mueller.de/pdzoom/4036113222776.webp|3013493_2.png|https://static.mueller.de/pdzoom/4036113222776_03.webp|3013493_3.png|https://static.mueller.de/pdzoom/4036113222776_01.webp|3013493_4.png|https://static.mueller.de/pdzoom/4036113222776_02.webp||||||||||spuelmaschinen_geeignet||||||Nostalgic-Art Merchandising GmbH||||||||||1 Stk.|||True||3013493P|||||||||10
153734|mueller||||||||2024-10-28|HEROS - Bilder-Memo Symbolic|EICHHORN||1|Stk.|Home|Spielwaren|Baby & Kleinkind|Kleinkindspielzeug|HEROS - Bilder-Memo Symbolic|||9,99 €|9,99 €||||||||||||||EUR|Home> Spielwaren> Baby & Kleinkind> Kleinkindspielzeug> HEROS - Bilder-Memo Symbolic|https://www.mueller.at/p/heros-bilder-memo-symbolic-153734/|1 Stk.|HEROS - Bilder-Memo SymbolicHEROS Bilder-Memo Symbolic: Merke dir unter welchen Karten sich die verschiedenen Motive verstecken. Jeder Spieler darf pro Runde zwei Karten aufdecken. Wenn ein Pärchen umgedreht wird, darf der Spieler es behalten. Wer am Ende den höchsten Pärchen-Stapel hat gewinnt. Das Spiel fördert die Konzentration und das Gedächtnis und ist für Kinder ab 2 Jahren geeignet.||||||||2 Jahre||||||||||||||Non-Organic||||"{'target_group': 'Vorschüler|Baby & Kleinkind', 'Kontaktmöglichkeit': 'Simba Toys GmbH & Co', 'Artikelnummer des Herstellers': '100072402', 'license': 'Eichhorn Beschäftigung', 'Altersempfehlung ab': '2 Jahre', 'Altersempfehlung bis': '6 Jahre', 'Inhalt': '1 Stk.', 'Spieleranzahl': '1', 'Produkttyp': 'Erstes Konstruieren'}"||||||||||||||0|0|153734_1.png|https://static.mueller.de/62495546-PV-0/pdzoom/heros-bilder-memo-symbolic.webp|153734_2.png|https://static.mueller.de/62495546-PB-1/pdzoom/heros-bilder-memo-symbolic.webp|153734_3.png|https://static.mueller.de/62495546-PB-2/pdzoom/heros-bilder-memo-symbolic.webp||||||||||||||||||100072402||||||||||1 Stk.|||True||153734P|||||||||10
3013494|mueller||||||||2024-10-28|GILDE Dekoobjekt Herz|GILDE||1|Stk.|Home|Haushalt|Wohnen & Dekorieren|Deko-Zubehör|GILDE Dekoobjekt Herz|||29,99 €|29,99 €||||||||||||||EUR|Home> Haushalt> Wohnen & Dekorieren> Deko-Zubehör> GILDE Dekoobjekt Herz|https://www.mueller.at/p/gilde-dekoobjekt-herz-IPN3013494/|1 Stk.|GILDE Dekoobjekt Herz||||||||||||||||||||||Non-Organic||||{'manufacturer': 'Gilde Handwerk Macrander', 'Herstelleradresse': 'Dingdener Straße 199, DE-46395 Bocholt', 'Kontaktmöglichkeit': 'info@gildehandwerk.de', 'Materialdetails': 'Keramik', 'Material': 'Keramik', 'Höhe': '17 cm', 'Breite': '17.5 cm', 'Tiefe': '5 cm', 'Inhalt': '1 Stk.'}||||||||Keramik||||||0|0|3013494_1.png|https://static.mueller.de/pdzoom/4009079345384.webp|3013494_2.png|https://static.mueller.de/pdzoom/4009079345384_1.webp|3013494_3.png|https://static.mueller.de/pdzoom/4009079345384_2.webp||||||||||||||||||Gilde Handwerk Macrander||||||||||1 Stk.|||True||3013494P|||||||||3
3013495|mueller||||||||2024-10-28|"Nostalgic-Art Blechschild 20 x 30 cm ""Wasser schmeckt besser ..."""|NOSTALGIC ART||1|Stk.|Home|Haushalt|Wohnen & Dekorieren|Bilder & Rahmen|"Nostalgic-Art Blechschild 20 x 30 cm ""Wasser schmeckt besser ..."""|||15,95 €|15,95 €||||||||||||||EUR|"Home> Haushalt> Wohnen & Dekorieren> Bilder & Rahmen> Nostalgic-Art Blechschild 20 x 30 cm ""Wasser schmeckt besser ..."""|https://www.mueller.at/p/nostalgic-art-blechschild-20-x-30-cm-wasser-schmeckt-besser-IPN3013495/|1 Stk.|"Blechschilder sind beliebte Retro-Objekte, die Stil und Persönlichkeit in die eigenen vier Wände bringen. Viele der Motive wecken Erinnerungen an die ""gute alte Zeit"" und zaubern einen Hauch von Nostalgie in die Küche, das Wohnzimmer oder die Heimbar.
Ob als Geschenk für Ihre Liebsten oder für Ihr Zuhause – Ein schönes dekoratives Blechschild im Format 20 x 30 cm erwartet Sie. Das entspricht in etwa der Größe DIN A4.
Das Schild ist in Deutschland gefertigt und überzeugt auf Stahlblech mit einer hochwertigen Verarbeitung ""Made in Germany"". Das Material steht für Qualität und Langlebigkeit und hebt sich deutlich von Alternativen wie Postern oder Plastikprodukten ab. In einem sehr feinen Raster werden die Farben direkt auf das Metall gedruckt. Das Resultat ist ein gestochen scharfes Bild und brillante Farben. Zusätzlicher Schutzlack erhöht die Langlebigkeit und verleiht dem Motiv einen schönen Glanz. Auf mehreren Ebenen werden bestimmte Teile des Motivs dreidimensional hervorgehoben. Diese sogenannte Motivprägung lässt das Design besonders plastisch wirken. So hebt sich dieses Blechschild deutlich von einfachen Plastikprodukten ab. In allen vier Ecken befinden sich unauffällige vorgebohrte Löcher. So können Sie das Schild ganz einfach mit Nägeln an der Wand anbringen. Abgerundete Ecken und umgeschlagene Kanten runden den hochwertigen Gesamteindruck ab."||||||||||||||||||||||Non-Organic||||{'Pflegehinweis': 'spuelmaschinen_geeignet', 'manufacturer': 'Nostalgic-Art Merchandising GmbH', 'Herstelleradresse': 'Am Borsigturm 156, 13507 Berlin', 'Inhalt': '1 Stk.'}||||||||||||||0|0|3013495_1.png|https://static.mueller.de/pdzoom/4036113223407.webp|3013495_2.png|https://static.mueller.de/pdzoom/4036113223407_02.webp|3013495_3.png|https://static.mueller.de/pdzoom/4036113223407_03.webp|3013495_4.png|https://static.mueller.de/pdzoom/4036113223407_01.webp||||||||||spuelmaschinen_geeignet||||||Nostalgic-Art Merchandising GmbH||||||||||1 Stk.|||True||3013495P|||||||||10
3013496|mueller||||||||2024-10-28|Universal Pictures' Wicked Elphaba Modepuppe mit abnehmbarer Mode und Zubehör|MATTEL||1|Stk.|Home|Spielwaren|Kuscheltiere & Puppen|Puppen|Anziehpuppen|Universal Pictures' Wicked Elphaba Modepuppe mit abnehmbarer Mode und Zubehör||34,99 €|34,99 €|34,99 €|27,99 €||||20%|Sie sparen 20%|||||||EUR|Home> Spielwaren> Kuscheltiere & Puppen> Puppen> Anziehpuppen> Universal Pictures' Wicked Elphaba Modepuppe mit abnehmbarer Mode und Zubehör|https://www.mueller.at/p/universal-pictures-wicked-elphaba-modepuppe-mit-abnehmbarer-mode-und-zubehoer-IPN3013496/|1 Stk.|"Es gibt keine andere wie Elphaba! Inspiriert von Universal Pictures' Wicked, fängt die Elphaba Modepuppe das Herz der Schwesternschaft aus dem Film ein. Gekleidet in ihre abnehmbare, filmgetreue Mode, ihre Schultasche und ihren charakteristischen Hut, kann Elphaba dynamische Posen einnehmen und ist an Oberkörper, Ellbogen, Handgelenken und Knien beweglich. Elphaba verfügt außerdem über ihren ikonischen Look mit filmgetreuen Details, wie ihr langes, geflochtenes Haar und ihre grüne Haut. Fans werden alle Puppen aus dem Land von Oz sammeln wollen! Jede Puppe wird separat verkauft, je nach Verfügbarkeit. Die Puppen können nicht alleine stehen. Farben und Dekorationen können variieren.
- Treten Sie mit der Wicked Elphaba Modepuppe in das Land Oz ein!- Inspiriert von Universal Pictures' Wicked, trägt Elphaba ein ikonisches, abnehmbares Kleid mit Spitzenärmeln, Stiefeln und dem charakteristischen Hut.- Genau wie im Film hat sie grüne Haut und schwarzes, geflochtenes Haar, das zu einem Pferdeschwanz frisiert ist, sowie Flexibilität an Rumpf, Ellbogen, Handgelenken und Knien zum Spielen und Ausstellen!- Die Wicked-Puppen unterstreichen die Magie von Schwesternschaft und Freundschaft und sind ein inspirierendes Geschenk für Kinder - und Erwachsene - um ihre bezaubernden und aufregenden Träume auszuleben!- Fans können ihre Lieblingscharaktere sammeln, um Szenen nachzuspielen und ihre eigenen Geschichten und Abenteuer zu erfinden. Jede Puppe wird separat verkauft, je nach Verfügbarkeit."||||||||4 Jahre||||||||||||||Non-Organic||||"{'target_group': 'Kindergartenkinder|Grundschüler', 'manufacturer': 'Mattel GmbH', 'Artikelnummer des Herstellers': 'HXT62', 'Altersempfehlung ab': '4 Jahre', 'Altersempfehlung bis': '99 Jahre', 'Inhalt': '1 Stk.', 'Produkttyp': 'Ankleidepuppen', 'verschluckbare Magnete': 'Nein'}"||||||||||||||0|0|3013496_1.png|https://static.mueller.de/pdzoom/194735238064.webp|3013496_2.png|https://static.mueller.de/pdzoom/194735238064_2.webp|3013496_3.png|https://static.mueller.de/pdzoom/194735238064_3.webp|3013496_4.png|https://static.mueller.de/pdzoom/194735238064_5.webp|3013496_5.png|https://static.mueller.de/pdzoom/194735238064_6.webp|3013496_6.png|https://static.mueller.de/pdzoom/194735238064_4.webp||||||||||||Mattel GmbH||||||||||1 Stk.|||False||3013496P|||||||||1
3013497|mueller||||||||2024-10-28|"Nostalgic-Art Blechschild 20 x 30 cm ""Werkstattregeln"""|NOSTALGIC ART||1|Stk.|Home|Haushalt|Wohnen & Dekorieren|Bilder & Rahmen|"Nostalgic-Art Blechschild 20 x 30 cm ""Werkstattregeln"""|||15,95 €|15,95 €||||||||||||||EUR|"Home> Haushalt> Wohnen & Dekorieren> Bilder & Rahmen> Nostalgic-Art Blechschild 20 x 30 cm ""Werkstattregeln"""|https://www.mueller.at/p/nostalgic-art-blechschild-20-x-30-cm-werkstattregeln-IPN3013497/|1 Stk.|"Blechschilder sind beliebte Retro-Objekte, die Stil und Persönlichkeit in die eigenen vier Wände bringen. Viele der Motive wecken Erinnerungen an die ""gute alte Zeit"" und zaubern einen Hauch von Nostalgie in die Küche, das Wohnzimmer oder die Heimbar.
Ob als Geschenk für Ihre Liebsten oder für Ihr Zuhause – Ein schönes dekoratives Blechschild im Format 20 x 30 cm erwartet Sie. Das entspricht in etwa der Größe DIN A4.
Das Schild ist in Deutschland gefertigt und überzeugt auf Stahlblech mit einer hochwertigen Verarbeitung ""Made in Germany"". Das Material steht für Qualität und Langlebigkeit und hebt sich deutlich von Alternativen wie Postern oder Plastikprodukten ab. In einem sehr feinen Raster werden die Farben direkt auf das Metall gedruckt. Das Resultat ist ein gestochen scharfes Bild und brillante Farben. Zusätzlicher Schutzlack erhöht die Langlebigkeit und verleiht dem Motiv einen schönen Glanz. Auf mehreren Ebenen werden bestimmte Teile des Motivs dreidimensional hervorgehoben. Diese sogenannte Motivprägung lässt das Design besonders plastisch wirken. So hebt sich dieses Blechschild deutlich von einfachen Plastikprodukten ab. In allen vier Ecken befinden sich unauffällige vorgebohrte Löcher. So können Sie das Schild ganz einfach mit Nägeln an der Wand anbringen. Abgerundete Ecken und umgeschlagene Kanten runden den hochwertigen Gesamteindruck ab."||||||||||||||||||||||Non-Organic||||{'Pflegehinweis': 'spuelmaschinen_geeignet', 'manufacturer': 'Nostalgic-Art Merchandising GmbH', 'Herstelleradresse': 'Am Borsigturm 156, 13507 Berlin', 'Inhalt': '1 Stk.'}||||||||||||||0|0|3013497_1.png|https://static.mueller.de/pdzoom/4036113223735.webp|3013497_2.png|https://static.mueller.de/pdzoom/4036113223735_03.webp|3013497_3.png|https://static.mueller.de/pdzoom/4036113223735_02.webp|3013497_4.png|https://static.mueller.de/pdzoom/4036113223735_01.webp||||||||||spuelmaschinen_geeignet||||||Nostalgic-Art Merchandising GmbH||||||||||1 Stk.|||True||3013497P|||||||||10
3013498|mueller||||||||2024-10-28|Universal Pictures' Wicked Deluxe Elphaba Modepuppe & Zubehör mit geflochtenem Haar & Posabilität|MATTEL||1|Stk.|Home|Spielwaren|Kuscheltiere & Puppen|Puppen|Anziehpuppen|Universal Pictures' Wicked Deluxe Elphaba Modepuppe & Zubehör mit geflochtenem Haar & Posabilität||59,99 €|59,99 €|59,99 €|47,99 €||||20%|Sie sparen 20%|||||||EUR|Home> Spielwaren> Kuscheltiere & Puppen> Puppen> Anziehpuppen> Universal Pictures' Wicked Deluxe Elphaba Modepuppe & Zubehör mit geflochtenem Haar & Posabilität|https://www.mueller.at/p/universal-pictures-wicked-deluxe-elphaba-modepuppe-zubehoer-mit-geflochtenem-haar-posabilitaet-IPN3013498/|1 Stk.|"Inspiriert durch den Film Wicked von Universal, fängt die Deluxe Elphaba Modepuppe ihren magischsten Look aus dem Film ein! Elphaba ist mit einem dramatischen Umhang geschmückt, der über ihr wunderschönes schwarzes Kleid mit violetten Untertönen und den charakteristischen Stiefeln, in denen sie das Land Oz durchquert, fällt. Die böse Hexe des Westens hat ihr langes, geflochtenes Haar zu einem niedrigen Pferdeschwanz frisiert und verfügt über ihren ikonischen Hut, Besen und Schulranzen. Elphaba ist an 11 Stellen beweglich und kann für fantasievolle Geschichten und eine dynamische Darstellung in die richtige Position gebracht werden. Puppenständer enthalten. Puppe kann nicht alleine stehen. Farben und Dekorationen können variieren.
- Inspiriert von Universal Pictures' Wicked, fängt diese Deluxe Elphaba Puppe ihren magischen Look aus dem Musical-Film ein!- Mit ihrem Umhang über dem schwarzen Kleid und den schwarzen Stiefeln kann Elphaba einen dramatischen Abgang hinlegen!- Ihr kultiger Hexenhut, ihr Besen und ihr Schulranzen vervollständigen den typischen Look!- Mit ihrer grünen Haut und den schwarzen geflochtenen Haaren bezaubert Elphaba mit einem originalgetreuen Look!- Befestige Elphaba auf dem Puppenständer und kreiere dramatische Posen mit 11 beweglichen Punkten!- Die Wicked-Puppen unterstreichen die Schönheit von Schwesternschaft und Freundschaft und sind ein inspirierendes Geschenk für Kinder, um ihre größten Träume zu verwirklichen!- Fans können ihre Lieblingscharaktere sammeln, um Szenen nachzustellen und ihre eigenen Geschichten und Abenteuer zu erfinden. Jede Puppe wird separat verkauft, je nach Verfügbarkeit.
Inhalt:Enthält 1 Deluxe Elphaba Modepuppe mit abnehmbarem Mode- und Hexenhut, mit Besen, Handtasche und Puppenständer."||||||||4 Jahre||||||||||||||Non-Organic||||"{'target_group': 'Kindergartenkinder|Grundschüler', 'manufacturer': 'Mattel GmbH', 'Artikelnummer des Herstellers': 'HXY38', 'Altersempfehlung ab': '4 Jahre', 'Altersempfehlung bis': '99 Jahre', 'Inhalt': '1 Stk.', 'Produkttyp': 'Ankleidepuppen', 'verschluckbare Magnete': 'Nein'}"||||||||||||||0|0|3013498_1.png|https://static.mueller.de/pdzoom/194735241675.webp|3013498_2.png|https://static.mueller.de/pdzoom/194735241675_3.webp|3013498_3.png|https://static.mueller.de/pdzoom/194735241675_5.webp|3013498_4.png|https://static.mueller.de/pdzoom/194735241675_2.webp|3013498_5.png|https://static.mueller.de/pdzoom/194735241675_6.webp|3013498_6.png|https://static.mueller.de/pdzoom/194735241675_4.webp||||||||||||Mattel GmbH||||||||||1 Stk.|||False||3013498P|||||||||1
3013499|mueller||||||||2024-10-28|Universal Pictures' Wicked Deluxe Glinda Modepuppe & Zubehör mit abnehmbarem Outfit|MATTEL||1|Stk.|Home|Spielwaren|Kuscheltiere & Puppen|Puppen|Anziehpuppen|Universal Pictures' Wicked Deluxe Glinda Modepuppe & Zubehör mit abnehmbarem Outfit||59,99 €|59,99 €|59,99 €|47,99 €||||20%|Sie sparen 20%|||||||EUR|Home> Spielwaren> Kuscheltiere & Puppen> Puppen> Anziehpuppen> Universal Pictures' Wicked Deluxe Glinda Modepuppe & Zubehör mit abnehmbarem Outfit|https://www.mueller.at/p/universal-pictures-wicked-deluxe-glinda-modepuppe-zubehoer-mit-abnehmbarem-outfit-IPN3013499/|1 Stk.|"Inspiriert von Universal Pictures' Wicked, fängt die Deluxe Glinda Modepuppe ihren ikonischen, magischen Look ein! Glinda ist in ihrem voluminösen, gerüschten rosa Ballkleid mit schillernden Folienblasendetails bereit, das Land Oz zu verzaubern. Glinda, die gute Hexe, hat ihren Zauberstab und ihr Diadem dabei. Ihr volles blondes Haar ist zu Locken gestylt, und die Statement-Ohrringe ergänzen ihren erstklassigen Look. Die Puppe ist an 11 Punkten beweglich und kann für fantasievolle Geschichten und dynamische Darstellungen in die richtige Position gebracht werden. Puppenständer enthalten. Puppe kann nicht alleine stehen. Farben und Dekorationen können variieren.
- Inspiriert von Universal Pictures' Wicked, fängt die Deluxe-Puppe Glinda ihren charakteristischen Look aus dem Musical-Film ein!- Mit auffälligen Ohrringen geschmückt, trägt Glinda ihr voluminöses, gerüschtes rosa Ballkleid mit schillernden Folienblasen-Details, die ihren magischen Look vervollständigen!- Die Puppe der Guten Hexe ergänzt ihr Outfit mit ihrem Zauberstab und ihrem Diadem!- Mit ihrem originalgetreuen Aussehen und den langen blonden Haaren, die perfekt zu Locken gestylt sind, bezaubert die Glinda-Puppe mit einem originalgetreuen Look!- Stecken Sie Glinda auf den Puppenständer und kreieren Sie dramatische Posen mit 11 beweglichen Punkten!- Die Wicked-Puppen unterstreichen die Schönheit von Schwesternschaft und Freundschaft und sind ein inspirierendes Geschenk für Kinder, um ihre größten Träume zu verwirklichen!- Fans können ihre Lieblingscharaktere von Wicked sammeln, um Szenen nachzustellen und ihre eigenen Geschichten und Abenteuer zu erfinden. Jede Puppe wird separat verkauft, je nach Verfügbarkeit.
Inhalt:Enthält eine Deluxe Glinda Modepuppe mit abnehmbarem Kleid, Ohrringen, Zauberstab, Diadem und Puppenständer."||||||||4 Jahre||||||||||||||Non-Organic||||"{'target_group': 'Kindergartenkinder|Grundschüler', 'manufacturer': 'Mattel GmbH', 'Artikelnummer des Herstellers': 'HXY37', 'Altersempfehlung ab': '4 Jahre', 'Altersempfehlung bis': '99 Jahre', 'Inhalt': '1 Stk.', 'Produkttyp': 'Ankleidepuppen', 'verschluckbare Magnete': 'Nein'}"||||||||||||||0|0|3013499_1.png|https://static.mueller.de/pdzoom/194735241699.webp|3013499_2.png|https://static.mueller.de/pdzoom/194735241699_5.webp|3013499_3.png|https://static.mueller.de/pdzoom/194735241699_6.webp|3013499_4.png|https://static.mueller.de/pdzoom/194735241699_4.webp|3013499_5.png|https://static.mueller.de/pdzoom/194735241699_3.webp|3013499_6.png|https://static.mueller.de/pdzoom/194735241699_2.webp||||||||||||Mattel GmbH||||||||||1 Stk.|||False||3013499P|||||||||1
2194270|mueller||||||||2024-10-28|cilio Nussknacker Knacki|CILIO||1|Stk.|Home|Haushalt|Kochen & Backen|Küchenhelfer & -textilien|Spezialhelfer|cilio Nussknacker Knacki||20,99 €|20,99 €||||||||||||||EUR|Home> Haushalt> Kochen & Backen> Küchenhelfer & -textilien> Spezialhelfer> cilio Nussknacker Knacki|https://www.mueller.at/p/cilio-nussknacker-knacki-2194270/|1 Stk.|Metall glänzend verchromt. Rutschfeste Griffe. Mit Gummieinlage. Geeignet für verschiedene Arten von Nüssen. Auch ideal zum Öffnen von Schraubverschlüssen und Sekt-/ oder Champagnerflaschen. Länge 18,5 cm.||||||||||||||||||||||Non-Organic||||{'special_function': 'Öffnet auch Flaschen', 'Höhe': '18.5 cm', 'Breite': '6.5 cm', 'Inhalt': '1 Stk.'}||||||||||||||0|0|2194270_1.png|https://static.mueller.de/6887435301-PV-0/pdzoom/cilio-nussknacker-knacki.webp||||||||||||||||||||||||||||||||1 Stk.|||True||2194270P|||||||||10
2747644|mueller||||||||2024-10-28|Käfer Moroccan Mint Kräutertee|KÄFER||42.5|g|Home|Drogerie|Lebensmittel|Tee & Kaffee|Tee|Käfer Moroccan Mint Kräutertee||9,95 €|9,95 €|||||||||||234,12 € / 1 kg|||EUR|Home> Drogerie> Lebensmittel> Tee & Kaffee> Tee> Käfer Moroccan Mint Kräutertee|https://www.mueller.at/p/kaefer-moroccan-mint-kraeutertee-2747644/|42.5 g|Eine der intensivsten Minzesorten weltweit ist die marokkanische Minze. Sie erfrischt durch ihren intensiven Duft und ihr rundum volles Aroma. Daher ist es auch nicht verwunderlich, dass Tees aus dieser Pflanze sich durch einen intensiven Geschmack auszeichnen und ein einzigartiges Geschmackserlebnis versprechen.|||||Marokko|||||||||||||||||Organic||||{'manufacturer': 'Feinkost Käfer GmbH', 'Herstelleradresse': 'Heimstettener Str. 1, 85599 Parsdorf', 'Herkunftsland': 'Marokko', 'Inhalt': '42.5 g', 'Bio': 'Ja', 'Zutaten': 'Minze* aus Marokko. *aus kontrolliert biologischem Anbau', 'Produkttyp': 'Kräutertee'}||||||||||||||0|0|2747644_1.png|https://static.mueller.de/6958435308-PV-0/pdzoom/kaefer-moroccan-mint-kraeutertee.webp||||||||||||||||||||||Feinkost Käfer GmbH||||||||||42.5 g|||True||2747644P|||||||||10
2879700|mueller||||||||2024-10-28|Sterntaler - Spieluhr Esel Emmilius, 20 cm The sound of silence|STERNTALER||1|Stk.|Home|Spielwaren|Baby & Kleinkind|Babyspielzeug|Spielzeug mit Musik|Sterntaler - Spieluhr Esel Emmilius, 20 cm The sound of silence||21,99 €|21,99 €||||||||||||||EUR|Home> Spielwaren> Baby & Kleinkind> Babyspielzeug> Spielzeug mit Musik> Sterntaler - Spieluhr Esel Emmilius, 20 cm The sound of silence|https://www.mueller.at/p/sterntaler-spieluhr-esel-emmilius-20-cm-the-sound-of-silence-IPN2879700/|1 Stk.|"Süße Spieluhr Esel in Mittelbraun mit Stickerei,Spielwerk austauschbar
Altersempfehlung:
ab Geburt
Material:
Flausch: 100 % Polyester, Nicki: 80 % Baumwolle, 20 % Polyester, Jersey: 100 % Baumwolle
Warnhinweise:
Achtung: Das Spielwerk darf nicht in die Hände von Babys und Kleinkindern gelangen und muss nach dem waschen wieder in die Spieluhr hinein gelegt werden. Bitte beachten Sie, dass unsere Spieluhren nur einen Teil der Melodie wiedergeben können!
Der niedliche Esel Emmilius in Hellbraun und Basilikumgrün besteht aus kuscheligem Flauschstoff, Nicki und Jersey. Das trendige grüne Shirt und das niedliche Stickmotiv Möhre am Beinchen machen Emmilius zu einem echten Hingucker. Dank der praktischen Größe von 20 cm ist die mittlere Spieluhr für die Allerkleinsten ideal geeignet und leicht zu greifen, aber auch für größere Kinder noch interessant und ein guter Freund zum Spielen und Kuscheln. Die beliebte Melodie „The Sound of Silence“ beruhigt dein Baby und sorgt für ein sanftes Einschlafen. Der Sicherheitsreißverschluss ermöglicht ein Herausnehmen des Spielwerks – so ist die Figur problemlos waschbar und wieder bereit für neue Unternehmungen."||||||||0 Monate||||||||||||||Non-Organic||||"{'target_group': 'Säuglinge|Kleinkinder', 'Artikelnummer des Herstellers': '6012106', 'Altersempfehlung ab': '0 Monate', 'Inhalt': '1 Stk.', 'Produkttyp': 'Spieluhren'}"||||||||||||||0|0|2879700_1.png|https://static.mueller.de/pdzoom/4055579551824.webp|2879700_2.png|https://static.mueller.de/pdzoom/4055579551824_4.webp|2879700_3.png|https://static.mueller.de/pdzoom/4055579551824_3.webp|2879700_4.png|https://static.mueller.de/pdzoom/4055579551824_2.webp||||||||||||||||6012106||||||||||1 Stk.|||True||2879700P|||||||||10
2708074|mueller||||||||2024-10-28|BIC Hybrid 3 Flex 3-Klingen Rasierer + 4 Klingen|BIC||1|Stk.|Home|Drogerie|Pflege|Herrenpflege & Rasur|Rasur|Rasierapparate|BIC Hybrid 3 Flex 3-Klingen Rasierer + 4 Klingen|4,65 €|4,65 €||||||||||||||EUR|Home> Drogerie> Pflege> Herrenpflege & Rasur> Rasur> Rasierapparate> BIC Hybrid 3 Flex 3-Klingen Rasierer + 4 Klingen|https://www.mueller.at/p/bic-hybrid-3-flex-3-klingen-rasierer-4-klingen-2708074/|1 Stk.|Erzielen Sie eine extra glatte Rasur mit dem nachfüllbaren BIC Hybrid 3 Flex Herrenrasierer-Set. Dieser Rasierer verfügt über 3 bewegliche Nano-Tech-Titanklingen, die jeder Kontur Ihres Gesichts für eine glatte, saubere Rasur folgen. Der zu 90% recycelbare Kunststoffgriff und der Schwingkopf verleihen Kontrolle bei der Rasur, und der Pflegestreifen mit Aloe vera und Vitamin E sorgt für große Geschmeidigkeit. Dieses Set enthält 1 Griff und 2 Kartuschen für zusätzlichen Komfort, in einer recycelbaren Verpackung.||||||||||||||||||||||Non-Organic||||{'target_group': 'Herren', 'manufacturer': 'BIC Deutschland GmbH & Co. oHG', 'Herstelleradresse': 'Ginnheimer Straße 4 ,65760 Eschborn', 'Kontaktmöglichkeit': 'Customerservice.eu@Bicworld.com', 'package_contents': 'PEG-115M, TOCOPHEROL, POLYSORBATE 20, ALOE BARBADENSIS LEAF JUICE, BHT, CI 15985:1, CI 77492', 'Inhalt': '1 Stk.', 'scope_of_application': 'Rasur', 'Produkttyp': 'Rasierapparate'}||||||||||||||0|0|2708074_1.png|https://static.mueller.de/6918856863-PV-0/pdzoom/bic-hybrid-3-flex-3-klingen-rasierer-4-klingen.webp|2708074_2.png|https://static.mueller.de/6918856863-PB-1/pdzoom/bic-hybrid-3-flex-3-klingen-rasierer-4-klingen.webp|2708074_3.png|https://static.mueller.de/6918856863-PB-2/pdzoom/bic-hybrid-3-flex-3-klingen-rasierer-4-klingen.webp|2708074_4.png|https://static.mueller.de/6918856863-PB-3/pdzoom/bic-hybrid-3-flex-3-klingen-rasierer-4-klingen.webp|2708074_5.png|https://static.mueller.de/6918856863-PB-4/pdzoom/bic-hybrid-3-flex-3-klingen-rasierer-4-klingen.webp||||||||||||||BIC Deutschland GmbH & Co. oHG||||||||||1 Stk.|PEG-115M, TOCOPHEROL, POLYSORBATE 20, ALOE BARBADENSIS LEAF JUICE, BHT, CI 15985:1, CI 77492||True||2708074P|||||||||10
2879705|mueller||||||||2024-10-28|Sterntaler - Spieluhr Esel Emmily, 17 cm You are my sunshine|STERNTALER||1|Stk.|Home|Spielwaren|Baby & Kleinkind|Babyspielzeug|Spielzeug mit Musik|Sterntaler - Spieluhr Esel Emmily, 17 cm You are my sunshine||21,99 €|21,99 €||||||||||||||EUR|Home> Spielwaren> Baby & Kleinkind> Babyspielzeug> Spielzeug mit Musik> Sterntaler - Spieluhr Esel Emmily, 17 cm You are my sunshine|https://www.mueller.at/p/sterntaler-spieluhr-esel-emmily-17-cm-you-are-my-sunshine-IPN2879705/|1 Stk.|"Softe Spieluhr Esel mit Stickerei, Mittelbraun, Spielwerk austauschbar
Bitte das Spielwerk vor der Wäsche aus dem Produkt nehmen – dazu den Sicherheitsreißverschluss gemäß der Anleitung öffnen und schließen.
Altersempfehlung:
ab Geburt
Material:
Flausch: 100 % Polyester, Nicki: 80 % Baumwolle, 20 % Polyester, Polycotton: 60 % Baumwolle, 40 % Polyester
Pflegehinweise:
Nicht bügelnTrocknen im Tumbler nicht möglichNormalwaschgang 40°Chlorbleiche nicht möglichkeine Reinigung möglich
Warnhinweise:
Achtung: Das Spielwerk darf nicht in die Hände von Babys und Kleinkindern gelangen und muss nach dem waschen wieder in die Spieluhr hinein gelegt werden! Bitte beachten Sie, dass unsere Spieluhren nur einen Teil der Melodie wiedergeben können!
Der niedliche Esel Emmily in Hellbraun und Hellrot besteht aus kuscheligem Flauschstoff, Nicki und Polycotton. Das trendige rote Shirt und das niedliche Stickmotiv Birne am Beinchen machen Emmily zu einem echten Hingucker. Dank der praktischen Größe von 20 cm ist die mittlere Spieluhr für die Allerkleinsten ideal geeignet und leicht zu greifen, aber auch für größere Kinder noch interessant und ein guter Freund zum Spielen und Kuscheln. Die beliebte Melodie „You are my sunshine“ beruhigt dein Baby und sorgt für ein sanftes Einschlafen. Der Sicherheitsreißverschluss ermöglicht ein Herausnehmen des Spielwerks – so ist die Figur problemlos waschbar und wieder bereit für neue Unternehmungen."||||||||0 Monate||||||||||||||Non-Organic||||"{'target_group': 'Säuglinge|Kleinkinder', 'Artikelnummer des Herstellers': '6012107', 'Altersempfehlung ab': '0 Monate', 'Inhalt': '1 Stk.', 'Produkttyp': 'Spieluhren'}"||||||||||||||0|0|2879705_1.png|https://static.mueller.de/pdzoom/4055579551831.webp|2879705_2.png|https://static.mueller.de/pdzoom/4055579551831_4.webp|2879705_3.png|https://static.mueller.de/pdzoom/4055579551831_5.webp|2879705_4.png|https://static.mueller.de/pdzoom/4055579551831_3.webp|2879705_5.png|https://static.mueller.de/pdzoom/4055579551831_2.webp||||||||||||||6012107||||||||||1 Stk.|||True||2879705P|||||||||10
3013430|mueller||||||||2024-10-28|Barbie Mini BarbieLand Traumvilla Pink|BARBIE||1|Stk.|Home|Spielwaren|Kuscheltiere & Puppen|Puppen|Puppenhäuser|Barbie Mini BarbieLand Traumvilla Pink||12,99 €|12,99 €|12,99 €|9,99 €||||23%|Sie sparen 23%|||||||EUR|Home> Spielwaren> Kuscheltiere & Puppen> Puppen> Puppenhäuser> Barbie Mini BarbieLand Traumvilla Pink|https://www.mueller.at/p/barbie-mini-barbieland-traumvilla-pink-IPN3013430/|1 Stk.|Willkommen in der Welt der Barbie-Puppe im Mini BarbieLand ein Ort für große Vorstellungskraft und Träume im Miniformat! Diese Minipuppenhaus-Sets bestechen durch niedliche Details und große Überraschungen und eignen sich zum Spielen oder Präsentieren. Die Neubildungen der legendären Barbie-Traumvillas in kleinem Maßstab umfassen eine Box mit einer Barbie-Minipuppe, ihrem Haustier und Tierzubehör und natürlich hat jede Villa einen funktionierenden Aufzug, eine Rutsche und einen Pool! Die Minipuppen können die Taille beugen und auf einer herzförmigen Basis stehen, die in verschiedene Bereiche der Villa passt. Fans ab 4 Jahren werden es nicht erwarten können, alle Mini-BarbieLand-Puppen, -Fahrzeuge und -Spielsets zu sammeln, um ihre eigene Miniwelt aufzubauen! Alle Artikel separat erhältlich. Abweichungen in Farbe und Gestaltung vorbehalten.||||||||4 Jahre||||||||||||||Non-Organic||||"{'target_group': 'Kindergartenkinder|Grundschüler', 'manufacturer': 'Mattel GmbH', 'Artikelnummer des Herstellers': 'HYF45', 'license': '0', 'Altersempfehlung ab': '4 Jahre', 'Altersempfehlung bis': '99 Jahre', 'Spieldauer in Min.': '0', 'Inhalt': '1 Stk.', 'Spieleranzahl': '0', 'Produkttyp': 'Häuser', 'verschluckbare Magnete': 'Nein'}"||||||||||||||0|0|3013430_1.png|https://static.mueller.de/pdzoom/194735245277.webp|3013430_2.png|https://static.mueller.de/pdzoom/194735245277_5.webp|3013430_3.png|https://static.mueller.de/pdzoom/194735245277_3.webp|3013430_4.png|https://static.mueller.de/pdzoom/194735245277_4.webp|3013430_5.png|https://static.mueller.de/pdzoom/194735245277_2.webp||||||||||||||Mattel GmbH||||||||||1 Stk.|||True||3013430P|||||||||10
3013431|mueller||||||||2024-10-28|Revell 67718 Model Set 1953 Chevrolet® Corvette® Roadster|REVELL||1|Stk.|Home|Spielwaren|Modellbau & Modelleisenbahn|Modellbau|Fahrzeuge|Revell 67718 Model Set 1953 Chevrolet® Corvette® Roadster||44,99 €|44,99 €||||||||||||||EUR|Home> Spielwaren> Modellbau & Modelleisenbahn> Modellbau> Fahrzeuge> Revell 67718 Model Set 1953 Chevrolet® Corvette® Roadster|https://www.mueller.at/p/revell-67718-model-set-1953-chevrolet-corvette-roadster-IPN3013431/|1 Stk.|"1953 Chevrolet® Corvette® Roadster Modellbausatz: Ein Klassiker in 1:24Entdecken Sie den legendären 1953 Chevrolet® Corvette® Roadster in einer beeindruckenden Modellbauausführung. Dieser Bausatz im Maßstab 1:24 ist eine authentische Replik des ersten echten amerikanischen Sportwagens. Mit einer Teileanzahl von 91 bietet der Bausatz die ideale Herausforderung für fortgeschrittene Modellbauer (Level 4). Die detailgetreuen Abmessungen des fertigen Modells betragen 177 mm in der Länge, 74 mm in der Breite und 55 mm in der Höhe. Empfohlen wird dieser Bausatz für Personen ab 12 Jahren.
Lieferumfang:Mehrteiliger SechszylindermotorBewegliche MotorhaubeDiverse Chromteile für realistische DetailsOption zum Bau einer ‘53er oder ‘54er CorvetteBasisfarben, Kleber und Pinsel für sofortigen StartDer Modellbausatz richtet sich an fortgeschrittene Modellbauer (Level 4). Er fordert Erfahrung im Kleben und Bemalen und ist ideal für Enthusiasten, die ihr Können und ihre Leidenschaft für den Modellbau weiter ausbauen möchten.
Besondere Merkmale:Realistisches Design mit präzisen Nachbildungen und authentischen DetailsFlexibilität in der Modellwahl (‘53er oder ‘54er Version)Hochwertige Chromteile für eine glänzende OptikInklusive aller notwendigen Materialien für den sofortigen ModellbauHintergrundinformationen:Die Chevrolet® Corvette® von 1953 markierte den Beginn der amerikanischen Sportwagenära und legte den Grundstein für eine bis heute andauernde Erfolgsgeschichte. Dieser Bausatz fängt die Essenz des Originals ein und bietet Modellbauenthusiasten die Möglichkeit, ein Stück Automobilgeschichte zu Hause nachzubauen. Mit seiner detailreichen Ausführung und der geschichtsträchtigen Bedeutung ist dieser Bausatz mehr als nur ein Modell – er ist ein Tribut an die amerikanische Automobilkunst.
Maßstab:1:24
Altersempfehlung:12+
Teileanzahl:91
Länge:177 mm
Breite:74 mm
Höhe:55 mm
Skillevel 4"||||||||12 Jahre||||||||||||||Non-Organic||||"{'target_group': 'Jugendliche|Erwachsene', 'Artikelnummer des Herstellers': '67718', 'Altersempfehlung ab': '12 Jahre', 'Inhalt': '1 Stk.', 'Maßstab': 'ca. 1:24', 'Produkttyp': 'Oldtimer'}"||||||||||||||0|0|3013431_1.png|https://static.mueller.de/pdzoom/4009803167718.webp||||||||||||||||||||||67718||||||||||1 Stk.|||True||3013431P|||||||||7
3013432|mueller||||||||2024-10-28|Barbie Mini BarbieLand Traumvilla Light Pink|BARBIE||1|Stk.|Home|Spielwaren|Kuscheltiere & Puppen|Puppen|Puppenhäuser|Barbie Mini BarbieLand Traumvilla Light Pink||12,99 €|12,99 €|12,99 €|9,99 €||||23%|Sie sparen 23%|||||||EUR|Home> Spielwaren> Kuscheltiere & Puppen> Puppen> Puppenhäuser> Barbie Mini BarbieLand Traumvilla Light Pink|https://www.mueller.at/p/barbie-mini-barbieland-traumvilla-light-pink-IPN3013432/|1 Stk.|Willkommen in der Welt der Barbie-Puppe im Mini BarbieLand ein Ort für große Vorstellungskraft und Träume im Miniformat! Diese Minipuppenhaus-Sets bestechen durch niedliche Details und große Überraschungen und eignen sich zum Spielen oder Präsentieren. Die Neubildungen der legendären Barbie-Traumvillas in kleinem Maßstab umfassen eine Box mit einer Barbie-Minipuppe, ihrem Haustier und Tierzubehör und natürlich hat jede Villa einen funktionierenden Aufzug, eine Rutsche und einen Pool! Die Minipuppen können die Taille beugen und auf einer herzförmigen Basis stehen, die in verschiedene Bereiche der Villa passt. Fans ab 4 Jahren werden es nicht erwarten können, alle Mini-BarbieLand-Puppen, -Fahrzeuge und -Spielsets zu sammeln, um ihre eigene Miniwelt aufzubauen! Alle Artikel separat erhältlich. Abweichungen in Farbe und Gestaltung vorbehalten.||||||||4 Jahre||||||||||||||Non-Organic||||"{'target_group': 'Kindergartenkinder|Grundschüler', 'manufacturer': 'Mattel GmbH', 'Artikelnummer des Herstellers': 'HYF47', 'license': '0', 'Altersempfehlung ab': '4 Jahre', 'Altersempfehlung bis': '99 Jahre', 'Spieldauer in Min.': '0', 'Inhalt': '1 Stk.', 'Spieleranzahl': '0', 'Produkttyp': 'Häuser', 'verschluckbare Magnete': 'Nein'}"||||||||||||||0|0|3013432_1.png|https://static.mueller.de/pdzoom/194735245284.webp|3013432_2.png|https://static.mueller.de/pdzoom/194735245284_4.webp|3013432_3.png|https://static.mueller.de/pdzoom/194735245284_3.webp|3013432_4.png|https://static.mueller.de/pdzoom/194735245284_6.webp|3013432_5.png|https://static.mueller.de/pdzoom/194735245284_5.webp|3013432_6.png|https://static.mueller.de/pdzoom/194735245284_2.webp||||||||||||Mattel GmbH||||||||||1 Stk.|||True||3013432P|||||||||10
3013433|mueller||||||||2024-10-28|Barbie Mini BarbieLand Pop Reveal Serie 1|BARBIE||1|Stk.|Home|Spielwaren|Kuscheltiere & Puppen|Puppen|Anziehpuppen|Barbie Mini BarbieLand Pop Reveal Serie 1||4,99 €|4,99 €|4,99 €|3,99 €||||20%|Sie sparen 20%|||||||EUR|Home> Spielwaren> Kuscheltiere & Puppen> Puppen> Anziehpuppen> Barbie Mini BarbieLand Pop Reveal Serie 1|https://www.mueller.at/p/barbie-mini-barbieland-pop-reveal-serie-1-IPN3013433/|1 Stk.|Willkommen in der Welt der Barbie-Puppe im Mini BarbieLand ein Ort für große Vorstellungskraft und Träume im Miniformat! Mit den BarbieLand Pop-Reveal-Puppen erwartet Kinder beim Auspacken eine niedliche Überraschung. Einfach den Deckel vom Minibecher abschrauben und mit dem Trinkhalm in der Squishy-Masse stochern. Darunter verbirgt sich eine Barbie-Minipuppe! Welche Puppe wird es sein? Jede der ca. 4 cm großen Figuren kann in der Taille gebeugt werden und steht auf einer herzförmigen Basis, die genau zu den Mini-BarbieLand-Spielsets passt (separat erhältlich). Die Puppe kann auch im Minibecher aufbewahrt werden. Fans ab 4 Jahren werden es nicht erwarten können, all diese niedlichen Puppen zu sammeln, um ihre eigene Miniwelt aufzubauen! Alle Artikel separat erhältlich. Abweichungen in Farbe und Gestaltung vorbehalten.||||||||4 Jahre||||||||||||||Non-Organic||||"{'particularities': 'Achtung: diesen Artikel gibt es in verschiedenen Ausführungen. Sie erhalten nur 1 Artikel (zufällige Auswahl im Lager). Eine Vorauswahl ist nicht möglich.', 'target_group': 'Kindergartenkinder|Grundschüler', 'manufacturer': 'Mattel GmbH', 'Artikelnummer des Herstellers': 'HYM26', 'license': '0', 'Altersempfehlung ab': '4 Jahre', 'Altersempfehlung bis': '99 Jahre', 'Spieldauer in Min.': '0', 'Inhalt': '1 Stk.', 'Spieleranzahl': '0', 'Produkttyp': 'Ankleidepuppen', 'verschluckbare Magnete': 'Nein'}"||||||||||||||0|0|3013433_1.png|https://static.mueller.de/pdzoom/194735250998.webp|3013433_2.png|https://static.mueller.de/pdzoom/194735250998_6.webp|3013433_3.png|https://static.mueller.de/pdzoom/194735250998_3.webp|3013433_4.png|https://static.mueller.de/pdzoom/194735250998_2.webp|3013433_5.png|https://static.mueller.de/pdzoom/194735250998_5.webp|3013433_6.png|https://static.mueller.de/pdzoom/194735250998_4.webp||||||||||||Mattel GmbH||||||||||1 Stk.|||True||3013433P|||||||||10
3013434|mueller||||||||2024-10-28|Monster High MONSTERFEST CLAWDEEN WOLF Puppe|MONSTER HIGH||1|Stk.|Home|Spielwaren|Kuscheltiere & Puppen|Puppen|Anziehpuppen|Monster High MONSTERFEST CLAWDEEN WOLF Puppe||34,99 €|34,99 €||||||||||||||EUR|Home> Spielwaren> Kuscheltiere & Puppen> Puppen> Anziehpuppen> Monster High MONSTERFEST CLAWDEEN WOLF Puppe|https://www.mueller.at/p/monster-high-monsterfest-clawdeen-wolf-puppe-IPN3013434/|1 Stk.|"Willkommen beim Monsterfest, dem elektrisierendsten Musikfestival des Jahres! Jede Monster High-Puppe zieht mit ihrem geisterhaft glamourösen Look alle Blicke auf sich. Mit Zubehör wie gruselig-schicken Handtaschen, Bandpostern und Snacks können es die Monsterfreundinnen kaum erwarten, monsterkrasse Fotos zu machen und die Nacht durchzutanzen. Die Monsterfest-Puppen sind schaurig-schöne Geschenke für Kinder ab 4 Jahren! Alle Artikel separat erhältlich. Voll beweglich. Die Puppe kann nicht von allein stehen. Abweichungen in Farbe und Gestaltung vorbehalten.
• Die Monster High Clawdeen Wolf-Puppe hat ein Ticket für das Monsterfest ergattert, das coolste Musikfestival in der Gegend! Mit ihrem glamourösen Look und dem fangtastischen Zubehör kann sie es kaum erwarten, zu essen, zu tanzen und schrecklich zu sein!• Diese Werwölfin glitzert wie ein Stern in ihrem mit Sternbildern versehenem Oberteil und Rock. Sobald sie ihren Mondkristall-Haarschmuck aufsetzt, ist sie bereit für die Bühne!• Egal, ob sie mit der Menge singt oder mit der Grusel-Crew auftritt, ihr Festival-Outfit zieht mit luxuriösen Details wie einer Kristallhalskette, Kunstfellborte und einem goldenen Gürtel alle Blicke auf sich.• Das Beste auf jedem Festival ist das Essen! Clawdeen Wolf freut sich schon auf ihre Mond-Nachos und ihren schaurig-leckeren Milchshake.• Später packt sie ihre Kamera aus und posiert mit ihren Freunden für ein Foto! Thematisches Zubehör wie ein Armband, ein Bandposter und vieles mehr sorgen für noch mehr Spielmöglichkeiten beim Musikfestival.• Mit den Puppen aus der gesamten Monsterfest-Kollektion lässt sich die Band zusammenstellen und die schaurig-schöne Welt von Monster High erschaffen!"||||||||4 Jahre||||||||||||||Non-Organic||||"{'target_group': 'Kindergartenkinder|Grundschüler', 'manufacturer': 'Mattel GmbH', 'Artikelnummer des Herstellers': 'HXH80', 'license': '0', 'Altersempfehlung ab': '4 Jahre', 'Altersempfehlung bis': '99 Jahre', 'Spieldauer in Min.': '0', 'Inhalt': '1 Stk.', 'Spieleranzahl': '0', 'Produkttyp': 'Ankleidepuppen', 'verschluckbare Magnete': 'Nein'}"||||||||||||||0|0|3013434_1.png|https://static.mueller.de/pdzoom/194735230686.webp|3013434_2.png|https://static.mueller.de/pdzoom/194735230686_3.webp|3013434_3.png|https://static.mueller.de/pdzoom/194735230686_6.webp|3013434_4.png|https://static.mueller.de/pdzoom/194735230686_5.webp|3013434_5.png|https://static.mueller.de/pdzoom/194735230686_4.webp|3013434_6.png|https://static.mueller.de/pdzoom/194735230686_2.webp||||||||||||Mattel GmbH||||||||||1 Stk.|||True||3013434P|||||||||1
3013435|mueller||||||||2024-10-28|Monster High Monster Fest Cleo Puppe|MONSTER HIGH||1|Stk.|Home|Spielwaren|Kuscheltiere & Puppen|Puppen|Anziehpuppen|Monster High Monster Fest Cleo Puppe||34,99 €|34,99 €|34,99 €|27,99 €||||20%|Sie sparen 20%|||||||EUR|Home> Spielwaren> Kuscheltiere & Puppen> Puppen> Anziehpuppen> Monster High Monster Fest Cleo Puppe|https://www.mueller.at/p/monster-high-monster-fest-cleo-puppe-IPN3013435/|1 Stk.|"Willkommen beim Monsterfest, dem elektrisierendsten Musikfestival des Jahres! Jede Monster High-Puppe zieht mit ihrem geisterhaft glamourösen Look alle Blicke auf sich. Mit Zubehör wie gruselig-schicken Handtaschen, Bandpostern und Snacks können es die Monsterfreundinnen kaum erwarten, monsterkrasse Fotos zu machen und die Nacht durchzutanzen. Die Monsterfest-Puppen sind schaurig-schöne Geschenke für Kinder ab 4 Jahren! Alle Artikel separat erhältlich. Voll beweglich. Die Puppe kann nicht von allein stehen. Abweichungen in Farbe und Gestaltung vorbehalten.
• Die Monster High Cleo De Nile-Puppe hat ein Ticket für das Monsterfest ergattert, das coolste Musikfestival in der Gegend! Mit ihrem glamourösen Look und dem königlichen Zubehör kann sie es kaum erwarten, zu essen, zu tanzen und schrecklich zu sein!• Die königliche Mumie in ihrem goldfarbenen Fransenoberteil und juwelenfarbener Hose ist bereit für die Bühne. Eine Lotusblumen-Schlangenkrone verleiht ihren glänzenden blauen Haare eine noch elegantere Note.• Egal, ob sie in der Menge singt oder mit der Grusel-Crew auftritt, ihr Festival-Outfit zieht mit luxuriösen Details wie Skarabäus-Ohrringe, einer Gürteltasche und einer getönten Sonnenbrille alle Blicke auf sich.• Das Beste auf jedem Festival ist das Essen! Cleo de Nile freut sich schon auf ihren Pyramiden-Kebab und ihr erfrischendes Getränk.• Später nimmt sie eine königliche Pose für die Kamera ein! Thematisches Zubehör wie ein Armband, ein Rockstar-Poster und vieles mehr sorgen für noch mehr Spielmöglichkeiten beim Musikfestival.• Mit den Puppen aus der gesamten Monsterfest-Kollektion lässt sich die Band zusammenstellen und die schaurig-schöne Welt von Monster High erschaffen!"||||||||4 Jahre||||||||||||||Non-Organic||||"{'target_group': 'Kindergartenkinder|Grundschüler', 'manufacturer': 'Mattel GmbH', 'Artikelnummer des Herstellers': 'HXH81', 'license': '0', 'Altersempfehlung ab': '4 Jahre', 'Altersempfehlung bis': '99 Jahre', 'Spieldauer in Min.': '0', 'Inhalt': '1 Stk.', 'Spieleranzahl': '0', 'Produkttyp': 'Ankleidepuppen', 'verschluckbare Magnete': 'Nein'}"||||||||||||||0|0|3013435_1.png|https://static.mueller.de/pdzoom/194735230372.webp|3013435_2.png|https://static.mueller.de/pdzoom/194735230372_2.webp|3013435_3.png|https://static.mueller.de/pdzoom/194735230372_5.webp|3013435_4.png|https://static.mueller.de/pdzoom/194735230372_4.webp|3013435_5.png|https://static.mueller.de/pdzoom/194735230372_3.webp|3013435_6.png|https://static.mueller.de/pdzoom/194735230372_6.webp||||||||||||Mattel GmbH||||||||||1 Stk.|||True||3013435P|||||||||10
3013436|mueller||||||||2024-10-28|Monster High Draculaura Puppe und Fangtastic Food-Truck-Spielset|MONSTER HIGH||1|Stk.|Home|Spielwaren|Kuscheltiere & Puppen|Puppen|Anziehpuppen|Monster High Draculaura Puppe und Fangtastic Food-Truck-Spielset||84,95 €|84,95 €||||||||||||||EUR|Home> Spielwaren> Kuscheltiere & Puppen> Puppen> Anziehpuppen> Monster High Draculaura Puppe und Fangtastic Food-Truck-Spielset|https://www.mueller.at/p/monster-high-draculaura-puppe-und-fangtastic-food-truck-spielset-IPN3013436/|1 Stk.|"Das Monster High Fangtastic Food-Truck-Spielset enthält eine Draculaura-Puppe, einen Food-Truck mit ausklappbarer Bühne und über 13 Küchen- und Musikzubehörteile für unendlichen Spielspaß. In ihrem rosa Kleid und ihrer rosa Blumenkrone ist Draculaura perfekt für das Monster Fest, dem angesagtesten Musikfestival des Jahres, gekleidet, um die ganze Nacht hindurch zu tanzen. Mit diesem 2-in-1-Fahrzeug-Spielset lässt sich in der Küche etwas unheimlich Leckeres zusammenbrauen oder auf der Bühne eine schrecklich abgefahrene Show abliefern der Fantasie sind keine Grenzen gesetzt. Ein schaurig-cooles Geschenk für Kinder ab 4 Jahren! Die Puppe kann nicht von allein stehen. Abweichungen in Farbe und Gestaltung vorbehalten.
• Aufgepasst: In diesem Spielset entfesselt die Draculaura-Puppe ihre innere Gruseldiva! Der Fangtastic Food-Truck ist Snackmobil und Konzertstätte in einem und der angesagteste Ort auf dem coolsten Festival überhaupt.• Dieses 2-in-1-Fahrzeug-Spielset kann von allen Seiten bespielt werden und bietet bewegliche Räder, eine Küche mit Fritteuse, eine ausklappbare Bühne und über 13 Zubehörteile rund um das Thema Küche und Musik für kreativen Spielspaß!• In der Küche laden Utensilien wie Zauberkessel, Skelett-Pfannenwender, Geisterfritteuse, Getränke, Gewürze und mehr zu spuktakulären Geschichten ein.• Nach einer kleinen Stärkung mit den Ghulen geht es dann zum Abrocken auf die Bühne. Dazu an der Fahrzeugseite einfach die Bühne ausklappen und DJ-Pult, Mikrofon und E-Gitarre für die Show bereitstellen.• Die Draculaura-Puppe erstrahlt in ihrem rosafarbenen Kleid mit Schleifenoberteil und vamptastischer Blumenkrone in schrecklicher Schönheit. Sie ist bereit, vor der Flügelfotowand des Trucks eine freaktastische Show abzuliefern.• Es gibt sogar einen Backstage-Bereich, in dem die Instrumente nach dem Spielen aufbewahrt werden können. Außerdem lassen sich Puppe und Zubehörteile einfach im Food-Truck verstauen, um für Ordnung zu sorgen.• Mit den Puppen aus der gesamten Monsterfest-Kollektion lässt sich die Band zusammenstellen und die schaurig-schöne Welt von Monster High erschaffen! Alle Artikel separat erhältlich."||||||||4 Jahre||||||||||||||Non-Organic||||"{'target_group': 'Kindergartenkinder|Grundschüler', 'manufacturer': 'Mattel GmbH', 'Artikelnummer des Herstellers': 'HXH83', 'license': '0', 'Altersempfehlung ab': '4 Jahre', 'Altersempfehlung bis': '99 Jahre', 'Spieldauer in Min.': '0', 'Inhalt': '1 Stk.', 'Spieleranzahl': '0', 'Produkttyp': 'Ankleidepuppen', 'verschluckbare Magnete': 'Nein'}"||||||||||||||0|0|3013436_1.png|https://static.mueller.de/pdzoom/194735230358.webp|3013436_2.png|https://static.mueller.de/pdzoom/194735230358_5.webp|3013436_3.png|https://static.mueller.de/pdzoom/194735230358_3.webp|3013436_4.png|https://static.mueller.de/pdzoom/194735230358_2.webp|3013436_5.png|https://static.mueller.de/pdzoom/194735230358_4.webp|3013436_6.png|https://static.mueller.de/pdzoom/194735230358_6.webp||||||||||||Mattel GmbH||||||||||1 Stk.|||False||3013436P|||||||||1
3013437|mueller||||||||2024-10-28|"Nostalgic-Art Blechschild 20 x 30 cm ""Küchen-Regeln"""|NOSTALGIC ART||1|Stk.|Home|Haushalt|Wohnen & Dekorieren|Bilder & Rahmen|"Nostalgic-Art Blechschild 20 x 30 cm ""Küchen-Regeln"""|||15,95 €|15,95 €||||||||||||||EUR|"Home> Haushalt> Wohnen & Dekorieren> Bilder & Rahmen> Nostalgic-Art Blechschild 20 x 30 cm ""Küchen-Regeln"""|https://www.mueller.at/p/nostalgic-art-blechschild-20-x-30-cm-kuechen-regeln-IPN3013437/|1 Stk.|"Blechschilder sind beliebte Retro-Objekte, die Stil und Persönlichkeit in die eigenen vier Wände bringen. Viele der Motive wecken Erinnerungen an die ""gute alte Zeit"" und zaubern einen Hauch von Nostalgie in die Küche, das Wohnzimmer oder die Heimbar.
Ob als Geschenk für Ihre Liebsten oder für Ihr Zuhause – Ein schönes dekoratives Blechschild im Format 20 x 30 cm erwartet Sie. Das entspricht in etwa der Größe DIN A4.
Das Schild ist in Deutschland gefertigt und überzeugt auf Stahlblech mit einer hochwertigen Verarbeitung ""Made in Germany"". Das Material steht für Qualität und Langlebigkeit und hebt sich deutlich von Alternativen wie Postern oder Plastikprodukten ab. In einem sehr feinen Raster werden die Farben direkt auf das Metall gedruckt. Das Resultat ist ein gestochen scharfes Bild und brillante Farben. Zusätzlicher Schutzlack erhöht die Langlebigkeit und verleiht dem Motiv einen schönen Glanz. Auf mehreren Ebenen werden bestimmte Teile des Motivs dreidimensional hervorgehoben. Diese sogenannte Motivprägung lässt das Design besonders plastisch wirken. So hebt sich dieses Blechschild deutlich von einfachen Plastikprodukten ab. In allen vier Ecken befinden sich unauffällige vorgebohrte Löcher. So können Sie das Schild ganz einfach mit Nägeln an der Wand anbringen. Abgerundete Ecken und umgeschlagene Kanten runden den hochwertigen Gesamteindruck ab."||||||||||||||||||||||Non-Organic||||{'Pflegehinweis': 'spuelmaschinen_geeignet', 'manufacturer': 'Nostalgic-Art Merchandising GmbH', 'Herstelleradresse': 'Am Borsigturm 156, 13507 Berlin', 'Inhalt': '1 Stk.'}||||||||||||||0|0|3013437_1.png|https://static.mueller.de/pdzoom/4036113223872.webp|3013437_2.png|https://static.mueller.de/pdzoom/4036113223872_02.webp|3013437_3.png|https://static.mueller.de/pdzoom/4036113223872_03.webp|3013437_4.png|https://static.mueller.de/pdzoom/4036113223872_01.webp||||||||||spuelmaschinen_geeignet||||||Nostalgic-Art Merchandising GmbH||||||||||1 Stk.|||True||3013437P|||||||||10
3013438|mueller||||||||2024-10-28|Monster High Monster Fest Frankie Puppe|MONSTER HIGH||1|Stk.|Home|Spielwaren|Kuscheltiere & Puppen|Puppen|Anziehpuppen|Monster High Monster Fest Frankie Puppe||34,99 €|34,99 €|34,99 €|27,99 €||||20%|Sie sparen 20%|||||||EUR|Home> Spielwaren> Kuscheltiere & Puppen> Puppen> Anziehpuppen> Monster High Monster Fest Frankie Puppe|https://www.mueller.at/p/monster-high-monster-fest-frankie-puppe-IPN3013438/|1 Stk.|"Willkommen beim Monsterfest, dem elektrisierendsten Musikfestival des Jahres! Jede Monster High-Puppe zieht mit ihrem geisterhaft glamourösen Look alle Blicke auf sich. Mit Zubehör wie gruselig-schicken Handtaschen, Bandpostern und Snacks können es die Monsterfreundinnen kaum erwarten, monsterkrasse Fotos zu machen und die Nacht durchzutanzen. Die Monsterfest-Puppen sind schaurig schöne Geschenke für Kinder ab 4 Jahren! Alle Artikel separat erhältlich. Voll beweglich. Die Puppe kann nicht von allein stehen. Abweichungen in Farbe und Gestaltung vorbehalten.
• Die Monster High Frankie Stein Puppe hat ein Ticket für das Monsterfest ergattert, das coolste Musikfestival in der Gegend! Mit glamourösem Look und spannungsgeladenem Zubehör können sie es kaum erwarten, zu essen, zu tanzen und schrecklich zu sein!• Dieses Monster ist bereit, auf der Bühne mit einem Mesh-Top und einer asymmetrischen Hose mit silbernen Fransen abzurocken. Eine Blumenkrone“ mit Blitzen sorgt für einen zusätzlichen elektrischen Style!• Egal, ob sie in der Menge singt oder mit der Grusel-Crew auftritt, ihr Festival-Outfit zieht mit luxuriösen Details wie Ohrringen in der Form von Stromkabeln, einer neonfarbenen Gürteltasche und Stiefeln im Diskokugel-Design alle Blicke auf sich.• Das Beste auf jedem Festival ist das Essen! Frankie Stein kann es kaum erwarten, sich mit einem elektrischen Hotdog und einem knisternden Getränk zu stärken.• Mit der Sofortbildkamera können Fotos mit den Monsterfreundinnen geschossen werden! Thematisches Zubehör wie ein Armband, ein Popstar-Poster und vieles mehr sorgen für noch mehr Spielmöglichkeiten beim Musikfestival.• Mit den Puppen aus der gesamten Monsterfest-Kollektion lässt sich die Band zusammenstellen und die schaurig-schöne Welt von Monster High erschaffen!"||||||||4 Jahre||||||||||||||Non-Organic||||"{'target_group': 'Kindergartenkinder|Grundschüler', 'manufacturer': 'Mattel GmbH', 'Artikelnummer des Herstellers': 'HXH79', 'license': '0', 'Altersempfehlung ab': '4 Jahre', 'Altersempfehlung bis': '99 Jahre', 'Spieldauer in Min.': '0', 'Inhalt': '1 Stk.', 'Spieleranzahl': '0', 'Produkttyp': 'Ankleidepuppen', 'verschluckbare Magnete': 'Nein'}"||||||||||||||0|0|3013438_1.png|https://static.mueller.de/pdzoom/194735230679.webp|3013438_2.png|https://static.mueller.de/pdzoom/194735230679_2.webp|3013438_3.png|https://static.mueller.de/pdzoom/194735230679_5.webp|3013438_4.png|https://static.mueller.de/pdzoom/194735230679_3.webp|3013438_5.png|https://static.mueller.de/pdzoom/194735230679_6.webp|3013438_6.png|https://static.mueller.de/pdzoom/194735230679_4.webp||||||||||||Mattel GmbH||||||||||1 Stk.|||True||3013438P|||||||||10
3013439|mueller||||||||2024-10-28|Monster High Monster Fest Lagoona Puppe|MONSTER HIGH||1|Stk.|Home|Spielwaren|Kuscheltiere & Puppen|Puppen|Anziehpuppen|Monster High Monster Fest Lagoona Puppe||34,99 €|34,99 €|34,99 €|27,99 €||||20%|Sie sparen 20%|||||||EUR|Home> Spielwaren> Kuscheltiere & Puppen> Puppen> Anziehpuppen> Monster High Monster Fest Lagoona Puppe|https://www.mueller.at/p/monster-high-monster-fest-lagoona-puppe-IPN3013439/|1 Stk.|"Willkommen beim Monsterfest, dem elektrisierendsten Musikfestival des Jahres! Jede Monster High-Puppe zieht mit ihrem geisterhaft glamourösen Look alle Blicke auf sich. Mit Zubehör wie gruselig-schicken Handtaschen, Bandpostern und Snacks können es die Monsterfreundinnen kaum erwarten, monsterkrasse Fotos zu machen und die Nacht durchzutanzen. Die Monsterfest-Puppen sind schaurig schöne Geschenke für Kinder ab 4 Jahren! Alle Artikel separat erhältlich. Voll beweglich. Die Puppe kann nicht von allein stehen. Abweichungen in Farbe und Gestaltung vorbehalten.
• Die Monster High Lagoona Blue Puppe hat ein Ticket für das Monsterfest ergattert, das coolste Musikfestival in der Gegend! Mit ihrem glamourösen Look und dem monsterkrassen Zubehör kann sie es kaum erwarten, zu essen, zu tanzen und schrecklich zu sein!• Das gestylte Meeresungeheuer ist bereit, auf der Bühne mit einem Badeanzug im Korallen-Design und einem Glitzer-Rock abzurocken. Ein fa-buh-löser Muschelhaarreif krönt ihr buntes Haar!• Egal, ob sie in der Menge singt oder mit der Grusel-Crew auftritt, ihr Festival-Outfit zieht mit luxuriösen Details wie drapierten Perlen, hauchdünnen Strümpfen und Bubble-High-Heels alle Blicke auf sich.• Das Beste auf jedem Festival ist das Essen! Lagoona Blue kann es kaum erwarten, sich einen Snack zu gönnen: einen Tiefseeburger und ein Tentakelgetränk.• Später nimmt sie eine meertastische Pose für die Kamera ein! Thematisches Zubehör wie ein Armband, ein Popstar-Poster und vieles mehr sorgen für noch mehr Spielmöglichkeiten beim Musikfestival.• Mit den Puppen aus der gesamten Monsterfest-Kollektion lässt sich die Band zusammenstellen und die schaurig-schöne Welt von Monster High erschaffen!"||||||||4 Jahre||||||||||||||Non-Organic||||"{'target_group': 'Kindergartenkinder|Grundschüler', 'manufacturer': 'Mattel GmbH', 'Artikelnummer des Herstellers': 'HXH82', 'license': '0', 'Altersempfehlung ab': '4 Jahre', 'Altersempfehlung bis': '99 Jahre', 'Spieldauer in Min.': '0', 'Inhalt': '1 Stk.', 'Spieleranzahl': '0', 'Produkttyp': 'Ankleidepuppen', 'verschluckbare Magnete': 'Nein'}"||||||||||||||0|0|3013439_1.png|https://static.mueller.de/pdzoom/194735230464.webp|3013439_2.png|https://static.mueller.de/pdzoom/194735230464_4.webp|3013439_3.png|https://static.mueller.de/pdzoom/194735230464_6.webp|3013439_4.png|https://static.mueller.de/pdzoom/194735230464_5.webp|3013439_5.png|https://static.mueller.de/pdzoom/194735230464_3.webp|3013439_6.png|https://static.mueller.de/pdzoom/194735230464_2.webp||||||||||||Mattel GmbH||||||||||1 Stk.|||False||3013439P|||||||||1
2747622|mueller||||||||2024-10-28|Käfer Frühlingsblüten Honig Cremig|KÄFER||250|g|Home|Drogerie|Lebensmittel|Nahrung|Brotaufstriche|Süße Brotaufstriche|Käfer Frühlingsblüten Honig Cremig|12,95 €|12,95 €|||||||||||51,80 € / 1 kg|||EUR|Home> Drogerie> Lebensmittel> Nahrung> Brotaufstriche> Süße Brotaufstriche> Käfer Frühlingsblüten Honig Cremig|https://www.mueller.at/p/kaefer-fruehlingsblueten-honig-cremig-2747622/|250 g|Natur pur von fleißigen Bienen aus dem Münchner Süden. Hochwertiger Honig aus dem Nektar der Frühlingsblüten gesammelt, in Waben abgelegt, gereift und für Sie in Gläser eingefangen. Genießen Sie Frühlingssonne auf Ihrem Frühstücksbrot.|||||Deutschland||||||{'Nährwerte je': '100g'}|||||||||||Non-Organic||||{'manufacturer': 'Feinkost Käfer GmbH', 'Herstelleradresse': 'Heimstettener Str. 1, 85599 Parsdorf', 'Herkunftsland': 'Deutschland', 'Inhalt': '250 g', 'Zutaten': 'Frühlingsblüten Honig, cremig', 'Produkttyp': 'Honig'}||||||||||||||5.0|1|2747622_1.png|https://static.mueller.de/6956224896-PV-0/pdzoom/kaefer-fruehlingsblueten-honig-cremig.webp||||||||||||||||||||||Feinkost Käfer GmbH||||||||||250 g|||True||2747622P|||||||||10
3013440|mueller||||||||2024-10-28|Monster High Clawdeen Wolf Puppe|MONSTER HIGH||1|Stk.|Home|Spielwaren|Kuscheltiere & Puppen|Puppen|Anziehpuppen|Monster High Clawdeen Wolf Puppe||34,99 €|34,99 €|34,99 €|27,99 €||||20%|Sie sparen 20%|||||||EUR|Home> Spielwaren> Kuscheltiere & Puppen> Puppen> Anziehpuppen> Monster High Clawdeen Wolf Puppe|https://www.mueller.at/p/monster-high-clawdeen-wolf-puppe-IPN3013440/|1 Stk.|"Diese Monster High-Puppe ist eine astreine Werwölfin! Clawdeen Wolf ist von Kopf bis Fuß in Lila gekleidet und zeigt damit ihren spuk-tastischen Modegeschmack. Auch ihr monsterkrasser Hund Crescent ist bereit für jede Menge Spielspaß. Mit ihrem beweglichen Körper und dem Zubehör zum Geschichtenerzählen ist die Clawdeen Wolf Puppe ein perfektes Geschenk für Kinder ab 4 Jahren. Voll beweglich. Die Puppe kann nicht von allein stehen. Abweichungen in Farbe und Gestaltung vorbehalten.
• Die Monster High Clawdeen Wolf-Puppe sieht in ihrem schrecklich schicken Outfit einfach toll aus. Sie hat ihr Haustier Crescent und monstermäßige Accessoires dabei.• Clawdeen Wolf setzt ein Zeichen mit einer Kunstpelzjacke und einer Caprihose mit Leopardenmuster. Eine Halskette, ein Gürtel und Plateauschuhe vervollständigen ihren Killer-Look.• Auch ihr schaurig-süßes Haustier Crescent ist mit einem goldenen Mondhalsband gruselig-stylisch unterwegs. Kinder können sich endlose Abenteuer mit diesem schaurig-süßen Haustier ausdenken.• Accessoires sorgen für noch mehr Spielmöglichkeiten: ein Rucksack, eine Fellbürste, ein Kalender, eine Wasserflasche, ein Sandwich, eine Snackbar und eine Brille.• Die gesamte Monster High Kollektion aus Puppen und Spielsets enthält noch mehr Inspiration für Modespaß und monstermäßige Abenteuer. Alle Artikel separat erhältlich."||||||||4 Jahre||||||||||||||Non-Organic||||"{'target_group': 'Kindergartenkinder|Grundschüler', 'manufacturer': 'Mattel GmbH', 'Artikelnummer des Herstellers': 'HRP65', 'license': '0', 'Altersempfehlung ab': '4 Jahre', 'Altersempfehlung bis': '99 Jahre', 'Spieldauer in Min.': '0', 'Inhalt': '1 Stk.', 'Spieleranzahl': '0', 'Produkttyp': 'Ankleidepuppen', 'verschluckbare Magnete': 'Nein'}"||||||||||||||0|0|3013440_1.png|https://static.mueller.de/pdzoom/194735183579.webp|3013440_2.png|https://static.mueller.de/pdzoom/194735183579_3.webp|3013440_3.png|https://static.mueller.de/pdzoom/194735183579_2.webp|3013440_4.png|https://static.mueller.de/pdzoom/194735183579_4.webp|3013440_5.png|https://static.mueller.de/pdzoom/194735183579_6.webp|3013440_6.png|https://static.mueller.de/pdzoom/194735183579_5.webp||||||||||||Mattel GmbH||||||||||1 Stk.|||False||3013440P|||||||||1
3013441|mueller||||||||2024-10-28|Monster High Cleo de Nile Puppe|MONSTER HIGH||1|Stk.|Home|Spielwaren|Kuscheltiere & Puppen|Puppen|Anziehpuppen|Monster High Cleo de Nile Puppe||34,99 €|34,99 €||||||||||||||EUR|Home> Spielwaren> Kuscheltiere & Puppen> Puppen> Anziehpuppen> Monster High Cleo de Nile Puppe|https://www.mueller.at/p/monster-high-cleo-de-nile-puppe-IPN3013441/|1 Stk.|"Diese Monster High-Puppe ist wirklich trendig! Cleo De Nile ist von Kopf bis Fuß in ihren königlich schicken Stil gehüllt. Ihre furchteinflößende Kobra Hissette ist auch bereit, sich auf gruselige Abenteuer einzulassen. Mit ihrem beweglichen Körper und Zubehörteilen für schaurig-schicke Geschichten ist die Cleo De Nile-Puppe ein fa-buh-löses Geschenk für Kinder ab 4 Jahren. Voll beweglich. Die Puppe kann nicht von allein stehen. Abweichungen in Farbe und Gestaltung vorbehalten.
• Die Monster High Cleo De Nile Puppe sieht in einem furchteinflößenden Outfit königlich strahlend aus. Sie kommt mit ihrer Haustier-Kobra Hissette und Accessoires, die zu einer Pharaonin passen.• Der Stil dieser Mumie ist reines Gold! Cleo De Nile trägt eine schimmernde Bluse mit Mumien-Schleife an den Ärmeln. Ein mehrschichtiger Hieroglyphen-Rock, eine Schlangen-Beinmanschette und Käfersandalen runden ihren Look ab.• Ihre Haustierschlange Hissette sieht mit einer goldfarbenen Minikrone wie die Schlangenkönigin aus. Mit diesem erhabenen Haustier können Kinder sich endlose Abenteuer ausdenken.• Accessoires sorgen für noch mehr Spaß beim Geschichtenerzählen: ein glänzender Käferrucksack, ein mumifiziertes Herz in einem Gefäß, eine alte Schriftrolle, ein Stift, eine pyramidenförmige Pizzaschachtel, eine Sonnenbrille und ein Sternen-Kaffeebecher.• Die gesamte Monster High Kollektion aus Puppen und Spielsets enthält noch mehr Inspiration für Modespaß und spuktakuläre Abenteuer. Alle Artikel separat erhältlich."||||||||4 Jahre||||||||||||||Non-Organic||||"{'target_group': 'Kindergartenkinder|Grundschüler', 'manufacturer': 'Mattel GmbH', 'Artikelnummer des Herstellers': 'HXH74', 'license': '0', 'Altersempfehlung ab': '4 Jahre', 'Altersempfehlung bis': '99 Jahre', 'Spieldauer in Min.': '0', 'Inhalt': '1 Stk.', 'Spieleranzahl': '0', 'Produkttyp': 'Ankleidepuppen', 'verschluckbare Magnete': 'Nein'}"||||||||||||||0|0|3013441_1.png|https://static.mueller.de/pdzoom/194735230426.webp|3013441_2.png|https://static.mueller.de/pdzoom/194735230426_2.webp|3013441_3.png|https://static.mueller.de/pdzoom/194735230426_4.webp|3013441_4.png|https://static.mueller.de/pdzoom/194735230426_6.webp|3013441_5.png|https://static.mueller.de/pdzoom/194735230426_5.webp|3013441_6.png|https://static.mueller.de/pdzoom/194735230426_3.webp||||||||||||Mattel GmbH||||||||||1 Stk.|||True||3013441P|||||||||1
3013442|mueller||||||||2024-10-28|Monster High Draculaura Puppe|MONSTER HIGH||1|Stk.|Home|Spielwaren|Kuscheltiere & Puppen|Puppen|Anziehpuppen|Monster High Draculaura Puppe||34,99 €|34,99 €|34,99 €|27,99 €||||20%|Sie sparen 20%|||||||EUR|Home> Spielwaren> Kuscheltiere & Puppen> Puppen> Anziehpuppen> Monster High Draculaura Puppe|https://www.mueller.at/p/monster-high-draculaura-puppe-IPN3013442/|1 Stk.|"Diese Monster High-Puppe ist eine ganz bezaubernde Vampirin! Draculaura zeigt ihren fangtastischen Modegeschmack und ist von Kopf bis Fuß in Pink und Schwarz gekleidet. Sie hat auch ihre Katze Count Fabulous dabei, die so schaurig-süß aussieht wie immer. Mit ihrem beweglichen Körper und Zubehörteilen für spuktakuläre Geschichten ist die Draculaura -Puppe ein fa-buh-löses Geschenk für Kinder ab 4 Jahren. Voll beweglich. Die Puppe kann nicht von allein stehen. Abweichungen in Farbe und Gestaltung vorbehalten.
• Die Monster High Draculaura-Puppe sieht in ihrem todschicken Outfit einfach vamptastisch aus! Sie hat ihr Haustier Count Fabulous und gruselig-schicke Accessoires dabei.• Draculaura trägt ein glänzendes pinkfarbenes Oberteil mit schwarzen Puffärmeln und einen passenden Rock. Ein Hut, schwarze Socken und pinkfarbene Stiefel vervollständigen ihren Killer-Look.• Auch ihre monstermäßige Fledermaus-Katze Count Faboulous ist mit einer rosafarbenen Schleife und einem Halsband unheimlich schick! Kinder können sich endlose Abenteuer mit diesem schaurig-süßen Haustier ausdenken.• Accessoires für noch mehr Spielmöglichkeiten: Magisches Zauberbuch, Fledermausrucksack, Bento Bite-Brotdose, Getränk, Sonnenschutz mit Faktor 500, Sonnenbrille und blutroter Lipgloss.• Die gesamte Monster High Kollektion aus Puppen und Spielsets enthält noch mehr Inspiration für Modespaß und monstermäßige Abenteuer. Alle Artikel separat erhältlich."||||||||4 Jahre||||||||||||||Non-Organic||||"{'target_group': 'Kindergartenkinder|Grundschüler', 'manufacturer': 'Mattel GmbH', 'Artikelnummer des Herstellers': 'HRP64', 'license': '0', 'Altersempfehlung ab': '4 Jahre', 'Altersempfehlung bis': '99 Jahre', 'Spieldauer in Min.': '0', 'Inhalt': '1 Stk.', 'Spieleranzahl': '0', 'Produkttyp': 'Ankleidepuppen', 'verschluckbare Magnete': 'Nein'}"||||||||||||||0|0|3013442_1.png|https://static.mueller.de/pdzoom/194735183326.webp|3013442_2.png|https://static.mueller.de/pdzoom/194735183326_3.webp|3013442_3.png|https://static.mueller.de/pdzoom/194735183326_4.webp|3013442_4.png|https://static.mueller.de/pdzoom/194735183326_2.webp|3013442_5.png|https://static.mueller.de/pdzoom/194735183326_6.webp|3013442_6.png|https://static.mueller.de/pdzoom/194735183326_5.webp||||||||||||Mattel GmbH||||||||||1 Stk.|||False||3013442P|||||||||1
3013444|mueller||||||||2024-10-28|Monster High Frankie Stein Puppe|MONSTER HIGH||1|Stk.|Home|Spielwaren|Kuscheltiere & Puppen|Puppen|Anziehpuppen|Monster High Frankie Stein Puppe||34,99 €|34,99 €||||||||||||||EUR|Home> Spielwaren> Kuscheltiere & Puppen> Puppen> Anziehpuppen> Monster High Frankie Stein Puppe|https://www.mueller.at/p/monster-high-frankie-stein-puppe-IPN3013444/|1 Stk.|"Frankie Stein ist eine spuktakuläre Stilikone! Diese Monster High-Puppe sieht in einem Patchwork-Jeans-Outfit, das ihren spuktastischen Sinn für Mode zeigt, erschreckend gut aus. Auch Frankies Hund Watzie ist für alle möglichen spuktakulären Abenteuer bereit! Mit ihrem beweglichen Körper und dem Zubehör zum Geschichtenerzählen ist die Frankie Stein-Puppe ein perfektes Geschenk für Kinder ab 4 Jahren. Voll beweglich. Die Puppe kann nicht von allein stehen. Abweichungen in Farbe und Gestaltung vorbehalten.
• Die Monster High Frankie Stein-Puppe begeistert die Modewelt mit einem spuktastischen Look! Zum Lieferumfang gehören Frankies Hündchen Watzie sowie tolle Zubehörteile für spuktakulären Spielspaß.• Die Frankie Stein-Puppe setzt mit ihrer Jeansjacke ein echtes Statement! Zusammengewürfelte Shorts, große Blitz-Ohringe und schwarze Kampfstiefel vervollständigen den Look.• Frankies schaurig-süßer Hund Watzie glitzert in einem metallischen Silberton! Kinder können sich mit diesem monstermäßigen Hundefreund unendlich viele Abenteuer ausdenken.• Zubehörteile für noch mehr Geschichten: ein silberfarbener Rucksack, ein verrücktes Wissenschaftsnotizbuch, ein Becherglas, ein Blitz-Taschenrechner, eine Sonnenbrille, ein Lunch to go und ein spritziger Saft.• Die gesamte Monster High-Kollektion aus Puppen und Spielsets enthält noch mehr Inspiration für Modespaß und spuktakuläre Abenteuer. Alle Artikel separat erhältlich."||||||||4 Jahre||||||||||||||Non-Organic||||"{'target_group': 'Kindergartenkinder|Grundschüler', 'manufacturer': 'Mattel GmbH', 'Artikelnummer des Herstellers': 'HXH73', 'license': '0', 'Altersempfehlung ab': '4 Jahre', 'Altersempfehlung bis': '99 Jahre', 'Spieldauer in Min.': '0', 'Inhalt': '1 Stk.', 'Spieleranzahl': '0', 'Produkttyp': 'Ankleidepuppen', 'verschluckbare Magnete': 'Nein'}"||||||||||||||0|0|3013444_1.png|https://static.mueller.de/pdzoom/194735230587.webp|3013444_2.png|https://static.mueller.de/pdzoom/194735230587_5.webp|3013444_3.png|https://static.mueller.de/pdzoom/194735230587_4.webp|3013444_4.png|https://static.mueller.de/pdzoom/194735230587_3.webp|3013444_5.png|https://static.mueller.de/pdzoom/194735230587_2.webp|3013444_6.png|https://static.mueller.de/pdzoom/194735230587_6.webp||||||||||||Mattel GmbH||||||||||1 Stk.|||False||3013444P|||||||||1
3013445|mueller||||||||2024-10-28|Monster High Lagoona Blue Puppe|MONSTER HIGH||1|Stk.|Home|Spielwaren|Kuscheltiere & Puppen|Puppen|Anziehpuppen|Monster High Lagoona Blue Puppe||34,99 €|34,99 €||||||||||||||EUR|Home> Spielwaren> Kuscheltiere & Puppen> Puppen> Anziehpuppen> Monster High Lagoona Blue Puppe|https://www.mueller.at/p/monster-high-lagoona-blue-puppe-IPN3013445/|1 Stk.|"Diese Monster High-Puppe ist ein schrecklich schönes Meeresungeheuer. Lagoona Blue trieft vor unglaublich coolem Style in ihrem Y2K-inspirierten Look. Ihr sprudeliger Piranha Neptuna sieht wie immer gruselig-süß aus. Mit ihrem beweglichen Körper und dem vom Meer inspirierten Zubehör zum Geschichtenerzählen ist die Lagoona Blue Puppe ein ausgefallenes Geschenk für Kinder ab 4 Jahren. Voll beweglich. Die Puppe kann nicht von allein stehen. Abweichungen in Farbe und Gestaltung vorbehalten.

• Die Monster High Lagoona Blue Puppe ist in ihrem fabelhaft trendigen Outfit bereit, das Meer zu regieren. Sie kommt mit ihrem Piranha Neptuna und Accessoires, die aus den Tiefen des Ozeans geborgen wurden.
• Frisiert zu zwei Space Buns, wirbelt das Haar dieses Meeresungeheuers wie Wasser um sie herum! Lagoona Blue trägt ein T-Shirt mit Fischgrätengewebe und eine coole Cargohose mit Cut-outs und Arbeitstaschen.
• Ihr gruselig süßer Fisch Neptuna schwimmt an ihrer Seite und ist bereit für furchteinflößenden Spaß! Kinder können sich endlose Abenteuer mit diesem schaurig süßen Haustier ausdenken.
• Accessoires sorgen für noch mehr Spielspaß: ein durchsichtiger Quallen-Rucksack, ein Notizbuch, ein angekauter Kugelfisch-Bleistift, eine Sonnenbrille, Eiscreme, Gummiwürmer und ein blubberndes Getränk.
• Die gesamte Monster High Kollektion aus Puppen und Spielsets enthält noch mehr Inspiration für Modespaß und spuktakuläre Abenteuer. Alle Artikel separat erhältlich."||||||||4 Jahre||||||||||||||Non-Organic||||"{'target_group': 'Kindergartenkinder|Grundschüler', 'manufacturer': 'Mattel GmbH', 'Artikelnummer des Herstellers': 'HXH75', 'license': '0', 'Altersempfehlung ab': '4 Jahre', 'Altersempfehlung bis': '99 Jahre', 'Spieldauer in Min.': '0', 'Inhalt': '1 Stk.', 'Spieleranzahl': '0', 'Produkttyp': 'Ankleidepuppen', 'verschluckbare Magnete': 'Nein'}"||||||||||||||0|0|3013445_1.png|https://static.mueller.de/pdzoom/HXH75.webp|3013445_2.png|https://static.mueller.de/pdzoom/HXH75_3.webp|3013445_3.png|https://static.mueller.de/pdzoom/HXH75_6.webp|3013445_4.png|https://static.mueller.de/pdzoom/HXH75_4.webp|3013445_5.png|https://static.mueller.de/pdzoom/HXH75_2.webp|3013445_6.png|https://static.mueller.de/pdzoom/HXH75_5.webp||||||||||||Mattel GmbH||||||||||1 Stk.|||True||3013445P|||||||||10
3013446|mueller||||||||2024-10-28|Masters of the Universe Masterverse Core Battle Armor He-Man|MATTEL||1|Stk.|Home|Spielwaren|Verkehr & Action|Actionspielzeug|Masters of the Universe Masterverse Core Battle Armor He-Man|||28,99 €|28,99 €||||||||||||||EUR|Home> Spielwaren> Verkehr & Action> Actionspielzeug> Masters of the Universe Masterverse Core Battle Armor He-Man|https://www.mueller.at/p/masters-of-the-universe-masterverse-core-battle-armor-he-man-IPN3013446/|1 Stk.|"Diese Masterverse Actionfigur von He-Man in Kampfrüstung basiert auf Masters of the Universe: Revolution. Diese maßstabsgetreue, ca. 18 cm große Figur weist den hohen Detailgrad auf, den Sammler schätzen, und verfügt über 30 Bewegungspunkte und eine abnehmbare Kampfrüstung mit einem austauschbaren Element, ein zusätzliches Paar austauschbarer Hände und eine Streitaxt. Sie wird wunderschön verpackt in einer Verpackung mit Sichtfenster geliefert, die sich zum Ausstellen eignet. Diese kämpferisch aussehende He-Man-Figur ist ein großartiges Geschenk, um eine MOTU-Sammlung zu beginnen oder auszubauen. Abweichungen in Farbe und Gestaltung vorbehalten.
• Diese maßstabsgetreue Masterverse Deluxe-Actionfigur von He-Man ist ca. 18 cm groß und zeigt authentische Details seiner Kampfrüstung aus Masters of the Universe: Revolution. He-Man sieht kämpferisch aus und ist bereit für die Schlacht!• Der mächtigste Mann des Universums bietet 30 Bewegungspunkte und hat sein Power-Schwert upgegradet, sodass er nun eine Kampfaxt verwendet.• Mit austauschbaren Händen, einem abnehmbaren Kopf, der abnehmbaren Rüstung einschließlich Kampfschäden und einem sauberen Rüstungseinsatz lassen sich mit dieser Figur abenteuerliche Geschichten nachspielen und Ausstellungen gestalten.• Die Masters of the Universe Masterverse-Kollektion feiert MOTU-Geschichten aus Masters of the Universe: Revelation to New Eternia und Masters of the Universe: Revolution.• Diese He-Man-Figur mit Kampfrüstung ist ein tolles Geschenk für Sammler und Fans ab 6 Jahren, die sich über die Wahrung von MOTU-Traditionen in Kombination mit moderneren Designelementen freuen."||||||||6 Jahre||||||||||||||Non-Organic||||"{'target_group': 'Grundschüler|Jugendliche|Erwachsene', 'manufacturer': 'Mattel GmbH', 'Artikelnummer des Herstellers': 'HYC49', 'license': 'Masters Of The Universe', 'Altersempfehlung ab': '6 Jahre', 'Altersempfehlung bis': '99 Jahre', 'Spieldauer in Min.': '0', 'Inhalt': '1 Stk.', 'Spieleranzahl': '0', 'Produkttyp': 'Action Figuren', 'verschluckbare Magnete': 'Nein'}"||||||||||||||0|0|3013446_1.png|https://static.mueller.de/pdzoom/194735243631.webp|3013446_2.png|https://static.mueller.de/pdzoom/194735243631_5.webp|3013446_3.png|https://static.mueller.de/pdzoom/194735243631_4.webp|3013446_4.png|https://static.mueller.de/pdzoom/194735243631_6.webp|3013446_5.png|https://static.mueller.de/pdzoom/194735243631_3.webp|3013446_6.png|https://static.mueller.de/pdzoom/194735243631_2.webp||||||||||||Mattel GmbH||||||||||1 Stk.|||True||3013446P|||||||||10
3013447|mueller||||||||2024-10-28|Masters of the Universe Masterverse Core RAP Figure|MATTEL||1|Stk.|Home|Spielwaren|Verkehr & Action|Actionspielzeug|Masters of the Universe Masterverse Core RAP Figure|||28,99 €|28,99 €||||||||||||||EUR|Home> Spielwaren> Verkehr & Action> Actionspielzeug> Masters of the Universe Masterverse Core RAP Figure|https://www.mueller.at/p/masters-of-the-universe-masterverse-core-rap-figure-IPN3013447/|1 Stk.|"Diese Masterverse RAP Name Actionfigur basiert auf Masters of the Universe: Revolution. Diese Figur, die als King Randors Bruder posiert, ist eigentlich ein verkleideter bösartiger Charakter. Diese Figur ist maßstabsgetreu zu einer ca. 17,8 cm großen Figur und weist den hohen Detailgrad auf, den Sammler schätzen. Sie verfügt über 30 Bewegungspunkte, einen dramatisch anmutenden weichen Umhang mit Federkragen“ und einen austauschbaren Kopf mit anderem Gesichtsausdruck. Sie wird wunderschön verpackt in einer Verpackung mit Sichtfenster geliefert, die sich zum Ausstellen eignet. Diese RAP Name Figur ist ein großartiges Geschenk, um eine MOTU-Sammlung zu beginnen oder auszubauen. Abweichungen in Farbe und Gestaltung vorbehalten.
• Diese Masterverse Deluxe-Actionfigur von RAP Name ist maßstabsgetreu zu einer ca. 17,8 cm großen Figur und umfasst authentische Details aus Masters of the Universe: Revolution.• Mit 30 Bewegungspunkten ist diese Sammelfigur bereit für Action-Moves und epische Posen von RAP Name oder dem bekannten MOTU-Bösewicht in Verkleidung. Sein Umhang aus weichem Stoff mit Federkragen“ von RAP Name ist abnehmbar.• Der enthaltene alternative Kopf trägt einen höhnischen Gesichtsausdruck, der sich auf seine verborgene Identität bezieht. Ebenfalls enthalten sind ein zusätzliches Paar Hände und eine abnehmbare Krone. Die Krone passt auf beide Köpfe.• Die Masters of the Universe Masterverse-Kollektion feiert MOTU-Geschichten aus Masters of the Universe: Revelation to New Eternia und Masters of the Universe: Revolution.• Diese RAP Name-Figur ist ein tolles Geschenk für Sammler und Fans ab 6 Jahren, die sich über die Wahrung von MOTU-Traditionen in Kombination mit moderneren Designelementen freuen."||||||||6 Jahre||||||||||||||Non-Organic||||"{'target_group': 'Grundschüler|Jugendliche|Erwachsene', 'manufacturer': 'Mattel GmbH', 'Artikelnummer des Herstellers': 'HYC50', 'license': 'Masters Of The Universe', 'Altersempfehlung ab': '6 Jahre', 'Altersempfehlung bis': '99 Jahre', 'Spieldauer in Min.': '0', 'Inhalt': '1 Stk.', 'Spieleranzahl': '0', 'Produkttyp': 'Action Figuren', 'verschluckbare Magnete': 'Nein'}"||||||||||||||0|0|3013447_1.png|https://static.mueller.de/pdzoom/194735243624.webp|3013447_2.png|https://static.mueller.de/pdzoom/194735243624_4.webp|3013447_3.png|https://static.mueller.de/pdzoom/194735243624_5.webp|3013447_4.png|https://static.mueller.de/pdzoom/194735243624_3.webp|3013447_5.png|https://static.mueller.de/pdzoom/194735243624_2.webp|3013447_6.png|https://static.mueller.de/pdzoom/194735243624_6.webp||||||||||||Mattel GmbH||||||||||1 Stk.|||True||3013447P|||||||||10
3013448|mueller||||||||2024-10-28|Monster High Verborgene Schätze Monster Mysteries Abbey|MONSTER HIGH||1|Stk.|Home|Spielwaren|Kuscheltiere & Puppen|Puppen|Anziehpuppen|Monster High Verborgene Schätze Monster Mysteries Abbey||42,99 €|42,99 €|42,99 €|32,99 €||||23%|Sie sparen 23%|||||||EUR|Home> Spielwaren> Kuscheltiere & Puppen> Puppen> Anziehpuppen> Monster High Verborgene Schätze Monster Mysteries Abbey|https://www.mueller.at/p/monster-high-verborgene-schaetze-monster-mysteries-abbey-IPN3013448/|1 Stk.|Das Geheimnis lösen, die Tore der Monster High aufschließen und eine Monster High-Puppe mit Skulltimate Secrets: Monster Mysteries enthüllen! Kinder können gruselige Detektive spielen, indem sie mit dem magischen“ Lupenschlüssel nach Hinweisen auf der Karte suchen. Auf dem Weg dorthin entdecken sie mehr als 19 Überraschungen für außergewöhnlich schaurigen Auspack-Spaß! Wenn die Spielzeit vorbei ist, können Kinder ab 4 Jahren die mitgelieferte Puppe, die Kleidung und die Accessoires in dem gruseligen Schrank verstauen, der sowohl zum Geschichtenerzählen als auch zum Aufbewahren geeignet ist! Alle Artikel separat erhältlich. Einige Artikel werden nicht in allen Ländern vertrieben. Voll beweglich. Die Puppen können nicht von allein stehen. Abweichungen in Farbe und Gestaltung vorbehalten.||||||||4 Jahre||||||||||||||Non-Organic||||"{'target_group': 'Kindergartenkinder|Grundschüler', 'manufacturer': 'Mattel GmbH', 'Artikelnummer des Herstellers': 'HXH87', 'license': '0', 'Altersempfehlung ab': '4 Jahre', 'Altersempfehlung bis': '99 Jahre', 'Spieldauer in Min.': '0', 'Inhalt': '1 Stk.', 'Spieleranzahl': '0', 'Produkttyp': 'Ankleidepuppen', 'verschluckbare Magnete': 'Nein'}"||||||||||||||0|0|3013448_1.png|https://static.mueller.de/pdzoom/194735230631.webp|3013448_2.png|https://static.mueller.de/pdzoom/194735230631_5.webp|3013448_3.png|https://static.mueller.de/pdzoom/194735230631_4.webp|3013448_4.png|https://static.mueller.de/pdzoom/194735230631_3.webp|3013448_5.png|https://static.mueller.de/pdzoom/194735230631_2.webp|3013448_6.png|https://static.mueller.de/pdzoom/194735230631_6.webp||||||||||||Mattel GmbH||||||||||1 Stk.|||True||3013448P|||||||||10
3013449|mueller||||||||2024-10-28|Masters of the Universe Masterverse Core NE Mekaneck|MATTEL||1|Stk.|Home|Spielwaren|Verkehr & Action|Actionspielzeug|Masters of the Universe Masterverse Core NE Mekaneck|||28,99 €|28,99 €||||||||||||||EUR|Home> Spielwaren> Verkehr & Action> Actionspielzeug> Masters of the Universe Masterverse Core NE Mekaneck|https://www.mueller.at/p/masters-of-the-universe-masterverse-core-ne-mekaneck-IPN3013449/|1 Stk.|"Diese Masterverse Actionfigur von Mekaneck ist Teil der Masters of the Universe: New Eternia Reihe und verfügt über 5 bewegliche Halsverlängerungen, seine unverwechselbare Keule, einen abnehmbaren Brustpanzer und 2 Paar austauschbare Hände. Diese ca. 18 cm große Figur weist den hohen Detailgrad auf, den Sammler schätzen, und verfügt über 30 Bewegungspunkte. Sie wird wunderschön verpackt in einer Verpackung mit Sichtfenster geliefert, die sich zum Ausstellen eignet. Diese Mekaneck-Figur ist ein großartiges Geschenk, um eine MOTU Sammlung zu beginnen oder auszubauen. Abweichungen in Farbe und Gestaltung vorbehalten.
• Diese Masterverse Actionfigur von Mekaneck ist ca. 18 cm groß und Teil der Masters of the Universe: New Eternia Reihe mit originellen Charakter-Designs, die von klassischen MOTU-Konzepten inspiriert sind.• Diese Figur mit ihrem charakteristischen bionischen Hals ist mit 5 austauschbaren Halsverlängerungen auf epische Schlachtszenen in der zerstörten Welt von New Eternia vorbereitet.• Der unverkennbare Look von Mekaneck zeigt sich in seiner symbolträchtigen Keule, die ebenfalls mit den Halsverlängerungen erweitert werden kann, 2 Paar austauschbaren Händen und einem Schild, das an seinem linken Arm oder hinten an seiner Rüstung befestigt werden kann.• Die Masters of the Universe Masterverse-Kollektion feiert MOTU-Geschichten aus Masters of the Universe: Revelation to New Eternia und Masters of the Universe: Revolution.• Diese Masterverse Mekaneck-Figur ist ein tolles Geschenk für Sammler und Fans ab 6 Jahren, die sich über die Wahrung von MOTU-Traditionen in Kombination mit moderneren Designelementen freuen."||||||||6 Jahre||||||||||||||Non-Organic||||"{'target_group': 'Grundschüler|Jugendliche|Erwachsene', 'manufacturer': 'Mattel GmbH', 'Artikelnummer des Herstellers': 'HYC51', 'license': 'Masters Of The Universe', 'Altersempfehlung ab': '6 Jahre', 'Altersempfehlung bis': '99 Jahre', 'Spieldauer in Min.': '0', 'Inhalt': '1 Stk.', 'Spieleranzahl': '0', 'Produkttyp': 'Action Figuren', 'verschluckbare Magnete': 'Nein'}"||||||||||||||0|0|3013449_1.png|https://static.mueller.de/pdzoom/194735243501.webp|3013449_2.png|https://static.mueller.de/pdzoom/194735243501_4.webp|3013449_3.png|https://static.mueller.de/pdzoom/194735243501_5.webp|3013449_4.png|https://static.mueller.de/pdzoom/194735243501_3.webp|3013449_5.png|https://static.mueller.de/pdzoom/194735243501_2.webp|3013449_6.png|https://static.mueller.de/pdzoom/194735243501_6.webp||||||||||||Mattel GmbH||||||||||1 Stk.|||True||3013449P|||||||||10
2747626|mueller||||||||2024-10-28|Käfer Sommerblüten Honig Flüssig|KÄFER||250|g|Home|Drogerie|Lebensmittel|Nahrung|Brotaufstriche|Süße Brotaufstriche|Käfer Sommerblüten Honig Flüssig|12,95 €|12,95 €|||||||||||51,80 € / 1 kg|||EUR|Home> Drogerie> Lebensmittel> Nahrung> Brotaufstriche> Süße Brotaufstriche> Käfer Sommerblüten Honig Flüssig|https://www.mueller.at/p/kaefer-sommerblueten-honig-fluessig-2747626/|250 g|Man spricht auch von flüssigem Gold und meint damit gold-gelben Sommerblüten Honig in seiner reinsten Form. Sonnenschein und der Arbeitslohn fleißiger Bienen aus dem Münchner Süden für Sie im Glas eingefangen und jederzeit zum Vernaschen bereit.|||||Deutschland||||||{'Nährwerte je': '100g'}|||||||||||Non-Organic||||{'manufacturer': 'Feinkost Käfer GmbH', 'Herstelleradresse': 'Heimstettener Str. 1, 85599 Parsdorf', 'Herkunftsland': 'Deutschland', 'Inhalt': '250 g', 'Zutaten': 'Honig', 'Produkttyp': 'Honig'}||||||||||||||5.0|1|2747626_1.png|https://static.mueller.de/6958128346-PV-0/pdzoom/kaefer-sommerblueten-honig-fluessig.webp||||||||||||||||||||||Feinkost Käfer GmbH||||||||||250 g|||True||2747626P|||||||||10
863942|mueller||||||||2024-10-28|By The Way|||1|Stk.|Home|Multi-Media|Musik|Rock|By The Way|||7,99 €|7,99 €||||||||||||||EUR|Home> Multi-Media> Musik> Rock> By The Way|https://www.mueller.at/p/by-the-way-863942/|1 Stk.|||||||||||||||||||||||Non-Organic||||{'medium': 'CD', 'Künstler': 'Red Hot Chili Peppers', 'Inhalt': '1 Stk.', 'Anzahl Medien im Artikel': '1', 'genre': 'Rock international', 'Label': 'WB'}||||||||||||||0|0|863942_1.png|https://static.mueller.de/pdzoom/phononet_0093624814023_pv_0093624814023-0600px-001.webp|863942_2.png|https://static.mueller.de/pdzoom/phononet_0093624814023_pr_0093624814023-0600px-002.webp|863942_3.png|https://static.mueller.de/130703585-PR-1/pdzoom/by-the-way.webp||||||||||||||||||||||||||||1 Stk.|||True||863942P|||||||||5
3013450|mueller||||||||2024-10-28|Masters of the Universe Masterverse Core NE Tri-Klops|MATTEL||1|Stk.|Home|Spielwaren|Verkehr & Action|Actionspielzeug|Masters of the Universe Masterverse Core NE Tri-Klops|||28,99 €|28,99 €||||||||||||||EUR|Home> Spielwaren> Verkehr & Action> Actionspielzeug> Masters of the Universe Masterverse Core NE Tri-Klops|https://www.mueller.at/p/masters-of-the-universe-masterverse-core-ne-tri-klops-IPN3013450/|1 Stk.|"Diese Masterverse Actionfigur von Tri-Klops basiert auf der Masters of the Universe: New Eternia Reihe und verfügt über 2 charakteristische rotierende Visiere, einen abnehmbaren Brustpanzer, einen 3-äugigen Kreuzgurt, 2 Schwerter und 2 Paar austauschbare Hände. Diese ca. 18 cm große Figur von Skeletors 3-äugigem Krieger weist den hohen Detailgrad auf, den Sammler schätzen, und verfügt über 30 Bewegungspunkte. Sie wird wunderschön verpackt in einer Verpackung mit Sichtfenster geliefert, die sich zum Ausstellen eignet. Diese Tri-Klops Figur ist ein großartiges Geschenk, um eine MOTU-Sammlung zu beginnen oder auszubauen. Abweichungen in Farbe und Gestaltung vorbehalten.
• Diese Masterverse Actionfigur von Tri-Klops ist ca. 18 cm groß und umfasst Details aus der Masters of the Universe: New Eternia Reihe mit originellen Charakter-Designs, die von klassischen MOTU-Konzepten inspiriert sind.• Mit 30 Bewegungspunkten ist dieser talentierte 3-äugige Jäger und Schwertkämpfer mit 2 rotierenden und austauschbaren Visieren für die Schlacht in der zerstörten Welt von New Eternia bereit.• Der unverkennbare Look von Tri-Klops zeigt sich in 2 Schwertern, einem Kreuzgurt, in dem er sein goldenes Schwert verstauen kann, und 2 Paar austauschbaren Händen.• Sein Kopf und sein Brustpanzer sind abnehmbar und die Schwerter passen hinten in seinen Brustpanzer.• Die Masters of the Universe Masterverse-Kollektion feiert MOTU-Geschichten aus Masters of the Universe: Revelation to New Eternia und Masters of the Universe: Revolution.• Diese Masterverse Figur von Tri-Klops ist ein tolles Geschenk für Sammler und Fans ab 6 Jahren, die sich über die Wahrung von MOTU-Traditionen in Kombination mit moderneren Designelementen freuen."||||||||6 Jahre||||||||||||||Non-Organic||||"{'target_group': 'Grundschüler|Jugendliche|Erwachsene', 'manufacturer': 'Mattel GmbH', 'Artikelnummer des Herstellers': 'HYC52', 'license': 'Masters Of The Universe', 'Altersempfehlung ab': '6 Jahre', 'Altersempfehlung bis': '99 Jahre', 'Spieldauer in Min.': '0', 'Inhalt': '1 Stk.', 'Spieleranzahl': '0', 'Produkttyp': 'Action Figuren', 'verschluckbare Magnete': 'Nein'}"||||||||||||||0|0|3013450_1.png|https://static.mueller.de/pdzoom/194735243549.webp|3013450_2.png|https://static.mueller.de/pdzoom/194735243549_3.webp|3013450_3.png|https://static.mueller.de/pdzoom/194735243549_2.webp|3013450_4.png|https://static.mueller.de/pdzoom/194735243549_4.webp|3013450_5.png|https://static.mueller.de/pdzoom/194735243549_6.webp|3013450_6.png|https://static.mueller.de/pdzoom/194735243549_5.webp||||||||||||Mattel GmbH||||||||||1 Stk.|||True||3013450P|||||||||10
3013451|mueller||||||||2024-10-28|Monster High Verborgene Schätze Monster Mysteries Clawdeen|MONSTER HIGH||1|Stk.|Home|Spielwaren|Kuscheltiere & Puppen|Puppen|Anziehpuppen|Monster High Verborgene Schätze Monster Mysteries Clawdeen||42,99 €|42,99 €|42,99 €|32,99 €||||23%|Sie sparen 23%|||||||EUR|Home> Spielwaren> Kuscheltiere & Puppen> Puppen> Anziehpuppen> Monster High Verborgene Schätze Monster Mysteries Clawdeen|https://www.mueller.at/p/monster-high-verborgene-schaetze-monster-mysteries-clawdeen-IPN3013451/|1 Stk.|Das Geheimnis lösen, die Tore der Monster High aufschließen und eine Monster High-Puppe mit Skulltimate Secrets: Monster Mysteries enthüllen! Kinder können gruselige Detektive spielen, indem sie mit dem magischen“ Lupenschlüssel nach Hinweisen auf der Karte suchen. Auf dem Weg dorthin entdecken sie mehr als 19 Überraschungen für außergewöhnlich schaurigen Auspack-Spaß! Wenn die Spielzeit vorbei ist, können Kinder ab 4 Jahren die mitgelieferte Puppe, die Kleidung und die Accessoires in dem gruseligen Schrank verstauen, der sowohl zum Geschichtenerzählen als auch zum Aufbewahren geeignet ist! Alle Artikel separat erhältlich. Einige Artikel werden nicht in allen Ländern vertrieben. Voll beweglich. Die Puppen können nicht von allein stehen. Abweichungen in Farbe und Gestaltung vorbehalten.||||||||4 Jahre||||||||||||||Non-Organic||||"{'target_group': 'Kindergartenkinder|Grundschüler', 'manufacturer': 'Mattel GmbH', 'Artikelnummer des Herstellers': 'HXH85', 'license': '0', 'Altersempfehlung ab': '4 Jahre', 'Altersempfehlung bis': '99 Jahre', 'Spieldauer in Min.': '0', 'Inhalt': '1 Stk.', 'Spieleranzahl': '0', 'Produkttyp': 'Ankleidepuppen', 'verschluckbare Magnete': 'Nein'}"||||||||||||||0|0|3013451_1.png|https://static.mueller.de/pdzoom/194735230600.webp|3013451_2.png|https://static.mueller.de/pdzoom/194735230600_6.webp|3013451_3.png|https://static.mueller.de/pdzoom/194735230600_5.webp|3013451_4.png|https://static.mueller.de/pdzoom/194735230600_4.webp|3013451_5.png|https://static.mueller.de/pdzoom/194735230600_3.webp|3013451_6.png|https://static.mueller.de/pdzoom/194735230600_2.webp||||||||||||Mattel GmbH||||||||||1 Stk.|||True||3013451P|||||||||10
3013452|mueller||||||||2024-10-28|Monster High Verborgene Schätze Monster Mysteries Cleo|MONSTER HIGH||1|Stk.|Home|Spielwaren|Kuscheltiere & Puppen|Puppen|Anziehpuppen|Monster High Verborgene Schätze Monster Mysteries Cleo||42,99 €|42,99 €|42,99 €|32,99 €||||23%|Sie sparen 23%|||||||EUR|Home> Spielwaren> Kuscheltiere & Puppen> Puppen> Anziehpuppen> Monster High Verborgene Schätze Monster Mysteries Cleo|https://www.mueller.at/p/monster-high-verborgene-schaetze-monster-mysteries-cleo-IPN3013452/|1 Stk.|Das Geheimnis lösen, die Tore der Monster High aufschließen und eine Monster High-Puppe mit Skulltimate Secrets: Monster Mysteries enthüllen! Kinder können gruselige Detektive spielen, indem sie mit dem magischen“ Lupenschlüssel nach Hinweisen auf der Karte suchen. Auf dem Weg dorthin entdecken sie mehr als 19 Überraschungen für außergewöhnlich schaurigen Auspack-Spaß! Wenn die Spielzeit vorbei ist, können Kinder ab 4 Jahren die mitgelieferte Puppe, die Kleidung und die Accessoires in dem gruseligen Schrank verstauen, der sowohl zum Geschichtenerzählen als auch zum Aufbewahren geeignet ist! Alle Artikel separat erhältlich. Einige Artikel werden nicht in allen Ländern vertrieben. Voll beweglich. Die Puppen können nicht von allein stehen. Abweichungen in Farbe und Gestaltung vorbehalten.||||||||4 Jahre||||||||||||||Non-Organic||||"{'target_group': 'Kindergartenkinder|Grundschüler', 'manufacturer': 'Mattel GmbH', 'Artikelnummer des Herstellers': 'HXH86', 'license': '0', 'Altersempfehlung ab': '4 Jahre', 'Altersempfehlung bis': '99 Jahre', 'Spieldauer in Min.': '0', 'Inhalt': '1 Stk.', 'Spieleranzahl': '0', 'Produkttyp': 'Ankleidepuppen', 'verschluckbare Magnete': 'Nein'}"||||||||||||||5.0|1|3013452_1.png|https://static.mueller.de/pdzoom/HXH86.webp|3013452_2.png|https://static.mueller.de/pdzoom/HXH86_2.webp|3013452_3.png|https://static.mueller.de/pdzoom/HXH86_4.webp|3013452_4.png|https://static.mueller.de/pdzoom/HXH86_3.webp|3013452_5.png|https://static.mueller.de/pdzoom/HXH86_6.webp|3013452_6.png|https://static.mueller.de/pdzoom/HXH86_5.webp||||||||||||Mattel GmbH||||||||||1 Stk.|||True||3013452P|||||||||10
3013454|mueller||||||||2024-10-28|Monster High Verborgene Schätze Monster Mysteries Draculaura|MONSTER HIGH||1|Stk.|Home|Spielwaren|Kuscheltiere & Puppen|Puppen|Anziehpuppen|Monster High Verborgene Schätze Monster Mysteries Draculaura||42,99 €|42,99 €|42,99 €|32,99 €||||23%|Sie sparen 23%|||||||EUR|Home> Spielwaren> Kuscheltiere & Puppen> Puppen> Anziehpuppen> Monster High Verborgene Schätze Monster Mysteries Draculaura|https://www.mueller.at/p/monster-high-verborgene-schaetze-monster-mysteries-draculaura-IPN3013454/|1 Stk.|Das Geheimnis lösen, die Tore der Monster High aufschließen und eine Monster High-Puppe mit Skulltimate Secrets: Monster Mysteries enthüllen! Kinder können gruselige Detektive spielen, indem sie mit dem magischen“ Lupenschlüssel nach Hinweisen auf der Karte suchen. Auf dem Weg dorthin entdecken sie mehr als 19 Überraschungen für außergewöhnlich schaurigen Auspack-Spaß! Wenn die Spielzeit vorbei ist, können Kinder ab 4 Jahren die mitgelieferte Puppe, die Kleidung und die Accessoires in dem gruseligen Schrank verstauen, der sowohl zum Geschichtenerzählen als auch zum Aufbewahren geeignet ist! Alle Artikel separat erhältlich. Einige Artikel werden nicht in allen Ländern vertrieben. Voll beweglich. Die Puppen können nicht von allein stehen. Abweichungen in Farbe und Gestaltung vorbehalten.||||||||4 Jahre||||||||||||||Non-Organic||||"{'target_group': 'Kindergartenkinder|Grundschüler', 'manufacturer': 'Mattel GmbH', 'Artikelnummer des Herstellers': 'HXH84', 'license': '0', 'Altersempfehlung ab': '4 Jahre', 'Altersempfehlung bis': '99 Jahre', 'Spieldauer in Min.': '0', 'Inhalt': '1 Stk.', 'Spieleranzahl': '0', 'Produkttyp': 'Ankleidepuppen', 'verschluckbare Magnete': 'Nein'}"||||||||||||||0|0|3013454_1.png|https://static.mueller.de/pdzoom/194735230495.webp|3013454_2.png|https://static.mueller.de/pdzoom/194735230495_5.webp|3013454_3.png|https://static.mueller.de/pdzoom/194735230495_6.webp|3013454_4.png|https://static.mueller.de/pdzoom/194735230495_4.webp|3013454_5.png|https://static.mueller.de/pdzoom/194735230495_3.webp|3013454_6.png|https://static.mueller.de/pdzoom/194735230495_2.webp||||||||||||Mattel GmbH||||||||||1 Stk.|||True||3013454P|||||||||10
3013456|mueller||||||||2024-10-28|Monster High Catty Noir Puppe|MONSTER HIGH||1|Stk.|Home|Spielwaren|Kuscheltiere & Puppen|Puppen|Anziehpuppen|Monster High Catty Noir Puppe||34,99 €|34,99 €||||||||||||||EUR|Home> Spielwaren> Kuscheltiere & Puppen> Puppen> Anziehpuppen> Monster High Catty Noir Puppe|https://www.mueller.at/p/monster-high-catty-noir-puppe-IPN3013456/|1 Stk.|"Monster High präsentiert Catty Noir, eine schnurrtastische Popstar-Werkatze, die an die Macht des Aberglaubens und die Kraft der Musik glaubt, um Monster zusammenzubringen. Die Catty Noir-Puppe in ihrem gruseligen Glamour-Outfit wird begleitet von ihrem Kätzchen Amulette und hat viele schaurig-schöne Zubehörteile, die ihr Glück bringen sollen. Kinder ab 4 Jahren werden ihre Monster-High-Puppensammlung liebend gern um diese Puppe erweitern. Voll beweglich. Die Puppe kann nicht von allein stehen. Abweichungen in Farbe und Gestaltung vorbehalten.

• Die Monster High Catty Noir-Puppe sieht einfach nur schnurrtastisch aus in ihrem bühnenreifen Killer-Look. Die zahlreichen Zubehörteile zum Thema regen zu monstermäßigem Geschichten- und Stylingspaß an.
• Die Werkatze mit ihren unheimlich coolen pinkfarbenen Haaren mit Mini-Flechtzöpfen trägt ein umwerfendes Kleid mit Spiegelscherben-Print, Puffärmeln und kniehohen Stiefeln.
• Die vielen schaurig-schönen Zubehörteile beflügeln die Vorstellungskraft: ein Rucksack, ein Mikrofon, ein Notenheft, ein zerbrochener Spiegel als Glücksbringer, ein iCoffin-Telefon, eine Trinkflasche und eine Sonnenbrille.
• Mit ihrem furchteinflößenden Sphynx-Kätzchen Amulette an ihrer Seite ist Catty Noir stets bereit, um auf der Bühne ihre Songs zum Besten zu geben oder einfach nur mit ihren Monsterfreunden in der Schule abzuhängen.
• Die gesamte Monster High Kollektion aus Puppen und Spielsets enthält noch mehr Inspiration für Modespaß und schrecklich coole Abenteuer. Alle Artikel separat erhältlich."||||||||4 Jahre||||||||||||||Non-Organic||||"{'target_group': 'Kindergartenkinder|Grundschüler', 'manufacturer': 'Mattel GmbH', 'Artikelnummer des Herstellers': 'HXH76', 'license': '0', 'Altersempfehlung ab': '4 Jahre', 'Altersempfehlung bis': '99 Jahre', 'Spieldauer in Min.': '0', 'Inhalt': '1 Stk.', 'Spieleranzahl': '0', 'Produkttyp': 'Ankleidepuppen', 'verschluckbare Magnete': 'Nein'}"||||||||||||||0|0|3013456_1.png|https://static.mueller.de/pdzoom/HXH76.webp|3013456_2.png|https://static.mueller.de/pdzoom/HXH76_2.webp|3013456_3.png|https://static.mueller.de/pdzoom/HXH76_6.webp|3013456_4.png|https://static.mueller.de/pdzoom/HXH76_5.webp|3013456_5.png|https://static.mueller.de/pdzoom/HXH76_3.webp|3013456_6.png|https://static.mueller.de/pdzoom/HXH76_4.webp||||||||||||Mattel GmbH||||||||||1 Stk.|||True||3013456P|||||||||10
3013457|mueller||||||||2024-10-28|Monster High Spectra Puppe|MONSTER HIGH||1|Stk.|Home|Spielwaren|Kuscheltiere & Puppen|Puppen|Anziehpuppen|Monster High Spectra Puppe||34,99 €|34,99 €|34,99 €|27,99 €||||20%|Sie sparen 20%|||||||EUR|Home> Spielwaren> Kuscheltiere & Puppen> Puppen> Anziehpuppen> Monster High Spectra Puppe|https://www.mueller.at/p/monster-high-spectra-puppe-IPN3013457/|1 Stk.|"Monster High präsentiert Spectra Vondergeist, eine todschicke Spukgestalt, die Freunden gern einen Schrecken einjagt! Die Spectra Vondergeist Puppe begeistert mit einem Outfit, das perfekt für eine fantastische Erscheinung wie sie passt. Mit dabei sind auch ihr Frettchen Rhuen und jede Menge schauerlich-schöner Zubehörteile! Kinder ab 4 Jahren werden ihre Monster-High-Puppensammlung liebend gern um diese Puppe erweitern. Voll beweglich. Die Puppe kann nicht von allein stehen. Abweichungen in Farbe und Gestaltung vorbehalten.
• Die Monster High Spectra Vondergeist Puppe in ihrem lilafarbenen Look ist der Inbegriff geisterhafter Eleganz! Die zahlreichen Zubehörteile zum Thema regen zu monstermäßigem Geschichten- und Stylingspaß an.• Mit ihrem durchscheinenden Mantel spukt diese Gestalt stilvoll durch die Hallen. Die Puppe trägt einen Jumpsuit mit Kettenaufdruck, einen silberglänzenden Gürtel mit Kugeln und Ketten sowie passende Schuhe.• Die vielen schaurig-schönen Zubehörteile beflügeln die Vorstellungskraft: ein Rucksack, ein Getränk für unterwegs, eine Sonnenbrille, Phantomnuggets mit geisterhafter Barbecue-Sauce und ein iCoffin-Telefon und -Tablet!• Zusammen mit ihrem geliebten Haustier Rhuen einem mysteriösen Frettchen, das aussieht, als habe es sich aus dem Nebel materialisiert ist Spectra Vondergeist bereit, all ihre Lieblingsplätze zu besuchen!• Die gesamte Monster High Kollektion aus Puppen und Spielsets enthält noch mehr Inspiration für Modespaß und schrecklich coole Abenteuer. Alle Artikel separat erhältlich."||||||||4 Jahre||||||||||||||Non-Organic||||"{'target_group': 'Kindergartenkinder|Grundschüler', 'manufacturer': 'Mattel GmbH', 'Artikelnummer des Herstellers': 'HXH77', 'license': '0', 'Altersempfehlung ab': '4 Jahre', 'Altersempfehlung bis': '99 Jahre', 'Spieldauer in Min.': '0', 'Inhalt': '1 Stk.', 'Spieleranzahl': '0', 'Produkttyp': 'Ankleidepuppen', 'verschluckbare Magnete': 'Nein'}"||||||||||||||5.0|1|3013457_1.png|https://static.mueller.de/pdzoom/194735230624.webp|3013457_2.png|https://static.mueller.de/pdzoom/194735230624_6.webp|3013457_3.png|https://static.mueller.de/pdzoom/194735230624_2.webp|3013457_4.png|https://static.mueller.de/pdzoom/194735230624_4.webp|3013457_5.png|https://static.mueller.de/pdzoom/194735230624_5.webp|3013457_6.png|https://static.mueller.de/pdzoom/194735230624_3.webp||||||||||||Mattel GmbH||||||||||1 Stk.|||False||3013457P|||||||||1
549700|mueller||||||||2024-10-28|GESTERN WAR HEUTE NOCH MORGEN (3 CD Best of) BÖHSE ONKELZ|||1|Stk.|Home|Multi-Media|Musik|Rock|GESTERN WAR HEUTE NOCH MORGEN (3 CD Best of) BÖHSE ONKELZ|||32,99 €|32,99 €||||||||||||||EUR|Home> Multi-Media> Musik> Rock> GESTERN WAR HEUTE NOCH MORGEN (3 CD Best of) BÖHSE ONKELZ|https://www.mueller.at/p/gestern-war-heute-noch-morgen-3-cd-best-of-boehse-onkelz-549700/|1 Stk.|||||||||||||||||||||||Non-Organic||||{'medium': 'CD', 'Künstler': 'Böhse Onkelz', 'Inhalt': '1 Stk.', 'Anzahl Medien im Artikel': '3', 'genre': 'Rock deutschsprachig', 'Label': 'V.I.E.R. T'}||||||||||||||0|0|549700_1.png|https://static.mueller.de/pdzoom/phononet_4049324230164_pv_4049324230164-0600px-001.webp|549700_2.png|https://static.mueller.de/pdzoom/phononet_4049324230164_pr_4049324230164-0600px-002.webp|549700_3.png|https://static.mueller.de/80035497-PR-1/pdzoom/gestern-war-heute-noch-morgen-3-cd-best-of-boehse-onkelz.webp||||||||||||||||||||||||||||1 Stk.|||True||549700P|||||||||5
3013460|mueller||||||||2024-10-28|Monster High Venus Puppe|MONSTER HIGH||1|Stk.|Home|Spielwaren|Kuscheltiere & Puppen|Puppen|Anziehpuppen|Monster High Venus Puppe||34,99 €|34,99 €||||||||||||||EUR|Home> Spielwaren> Kuscheltiere & Puppen> Puppen> Anziehpuppen> Monster High Venus Puppe|https://www.mueller.at/p/monster-high-venus-puppe-IPN3013460/|1 Stk.|"Monster High präsentiert Venus McFlytrap, ein bodenständiges Pflanzenmonster, das sich für den Umweltschutz engagiert. Neben ihrem unheimlich coolen Outfit bringt die Venus McFlytrap-Puppe ihr furchtbar niedliches Haustier Chewlian und jede Menge spuktastische Zubehörteile zum Geschichtenerzählen mit. Kinder ab 4 Jahren werden ihre Monster-High-Puppensammlung liebend gern um diese Puppe erweitern. Voll beweglich. Die Puppe kann nicht von allein stehen. Abweichungen in Farbe und Gestaltung vorbehalten.
• Die Monster High Venus McFlytrap-Puppe sieht in ihrem fa-buh-lösen Outfit verpflanzt stylish aus. Zum Lieferumfang der Puppe gehören zahlreiche Teile, die zum Geschichtenerzählen einladen und für jede Menge furchterregenden Spaß sorgen!• Dieses Pflanzenmonster hat zum Sterben schönes, natürlich strukturiertes Haar und trägt ein Nature“-T-Shirt im Lagen-Look mit einer kurzen, gemusterten Hose, nicht zusammenpassenden Socken und umrankten Plateauschuhen.• Sie hat zahlreiche Zubehörteile dabei, die die Fantasie beflügeln: ein Rucksack, eine Sonnenbrille, ein Buh-tanik-Notizbuch, ein Haarbefeuchter, ein iConnector, eine Wasserflasche und ein Bite-Riegel.• Mit ihrer furchtbar niedlichen Pflanzenkatze Chewlian an ihrer Seite ist Venus McFlytrap bereit für zahllose schaurig-schöne Abenteuer!• Die gesamte Monster High Kollektion aus Puppen und Spielsets enthält noch mehr Inspiration für Modespaß und schrecklich coole Abenteuer. Alle Artikel separat erhältlich."||||||||4 Jahre||||||||||||||Non-Organic||||"{'target_group': 'Kindergartenkinder|Grundschüler', 'manufacturer': 'Mattel GmbH', 'Artikelnummer des Herstellers': 'HRP81', 'license': '0', 'Altersempfehlung ab': '4 Jahre', 'Altersempfehlung bis': '99 Jahre', 'Spieldauer in Min.': '0', 'Inhalt': '1 Stk.', 'Spieleranzahl': '0', 'Produkttyp': 'Ankleidepuppen', 'verschluckbare Magnete': 'Nein'}"||||||||||||||0|0|3013460_1.png|https://static.mueller.de/pdzoom/194735183333.webp|3013460_2.png|https://static.mueller.de/pdzoom/194735183333_4.webp|3013460_3.png|https://static.mueller.de/pdzoom/194735183333_6.webp|3013460_4.png|https://static.mueller.de/pdzoom/194735183333_2.webp|3013460_5.png|https://static.mueller.de/pdzoom/194735183333_5.webp|3013460_6.png|https://static.mueller.de/pdzoom/194735183333_3.webp||||||||||||Mattel GmbH||||||||||1 Stk.|||True||3013460P|||||||||10
3013462|mueller||||||||2024-10-28|Monster High-Zaubertränke Minipuppen Sortiment|MONSTER HIGH||1|Stk.|Home|Spielwaren|Kuscheltiere & Puppen|Puppen|Anziehpuppen|Monster High-Zaubertränke Minipuppen Sortiment||12,99 €|12,99 €|12,99 €|9,99 €||||23%|Sie sparen 23%|||||||EUR|Home> Spielwaren> Kuscheltiere & Puppen> Puppen> Anziehpuppen> Monster High-Zaubertränke Minipuppen Sortiment|https://www.mueller.at/p/monster-high-zaubertraenke-minipuppen-sortiment-IPN3013462/|1 Stk.|"Eine Puppe in Grusel-Größe mit Monster High-Zaubertränken als Geschenk! Einfach den Zaubertrank mischen und eine gruselige Überraschung erleben. Jede verhexende Flasche enthält eine ca. 7 cm große Figur eines bei Fans beliebten Monster High-Charakters sowie drei magische“ Talismane für anpassbaren Spaß! Brauen in vier Schritten: Wasser und Talismane in die Flasche geben, schütteln, bis sich der Zaubertrank gebildet hat, die Mischung ausschütten und die Puppe bewundern! Kinder ab 4 Jahren werde es lieben, diese neueste Grusel-Erweiterung ihrer Monster High-Sammlung herauszuholen, damit zu spielen und sie zu präsentieren. Alle Artikel separat erhältlich. Figuren können abweichen. Die Puppen können nicht von allein stehen. Abweichungen in Farbe und Gestaltung vorbehalten.
• Welche Monster kommen zum Vorschein? Jede Monster High-Zaubertränke-Flasche verbirgt eine ca. 7 cm große Minipuppe eines buh-liebten Monster High-Charakters!• Den Kristall“-Schädel-Korken öffnen und kleine Talismane entdecken! Die Schädelsilhouette aufdrehen und die Talismane in die Flasche geben, um mit dem Fluch zu beginnen.• Wasser in die Zaubertrankflasche geben und zusammen mit den verzauberten“ Talismanen schütteln, um alles zum Brodeln zu bringen! Wenn die Flüssigkeit schimmert und herumwirbelt, ist es ein Zeichen dafür, dass der Fluch funktioniert ...• Jetzt ist es an der Zeit festzustellen, welches Monster erscheint. Die magische“ Zaubertrankflüssigkeit in einen Becher gießen, um die Puppe in Grusel-Größe darin zu entdecken!• Nicht die kleinen Talismane vergessen, die den Fluch aktivieren! Einfach für noch mehr Zauber an der Puppe oder an der spinnwebartigen Zaubertrankflasche als schaurig-schöne Deko befestigen.• Die Monster High-Zaubertränke mit Monstern wie Draculaura, Clawdeen Wolf, Frankie Stein, Cleo De Nile, Lagoona Blue und Spectra Vondergeist lassen sich zauberhaft präsentieren."||||||||4 Jahre||||||||||||||Non-Organic||||"{'particularities': 'Achtung: diesen Artikel gibt es in verschiedenen Ausführungen. Sie erhalten nur 1 Artikel (zufällige Auswahl im Lager). Eine Vorauswahl ist nicht möglich.', 'target_group': 'Kindergartenkinder|Grundschüler', 'manufacturer': 'Mattel GmbH', 'Artikelnummer des Herstellers': 'HYB10', 'license': '0', 'Altersempfehlung ab': '4 Jahre', 'Altersempfehlung bis': '99 Jahre', 'Spieldauer in Min.': '0', 'Inhalt': '1 Stk.', 'Spieleranzahl': '0', 'Produkttyp': 'Ankleidepuppen', 'verschluckbare Magnete': 'Nein'}"||||||||||||||0|0|3013462_1.png|https://static.mueller.de/pdzoom/194735242467.webp|3013462_2.png|https://static.mueller.de/pdzoom/194735242467_5.webp|3013462_3.png|https://static.mueller.de/pdzoom/194735242467_6.webp|3013462_4.png|https://static.mueller.de/pdzoom/194735242467_4.webp|3013462_5.png|https://static.mueller.de/pdzoom/194735242467_3.webp|3013462_6.png|https://static.mueller.de/pdzoom/194735242467_2.webp||||||||||||Mattel GmbH||||||||||1 Stk.|||True||3013462P|||||||||10
3013464|mueller||||||||2024-10-28|Polly Pocket Einhorn Party Pinata|POLLY POCKET||1|Stk.|Home|Spielwaren|Kuscheltiere & Puppen|Puppen|Anziehpuppen|Polly Pocket Einhorn Party Pinata||34,99 €|34,99 €|34,99 €|27,99 €||||20%|Sie sparen 20%|||||||EUR|Home> Spielwaren> Kuscheltiere & Puppen> Puppen> Anziehpuppen> Polly Pocket Einhorn Party Pinata|https://www.mueller.at/p/polly-pocket-einhorn-party-pinata-IPN3013464/|1 Stk.|"Mit dem Unicorn Partyland-Spielset ist es an der Zeit, den 35. Geburtstag von Polly Pocket zu feiern. Mit den zwei kleinen Puppen und über 25 Accessoires, darunter Einhorn-Haustiere, können die Feierlichkeiten beginnen. Diese Party wird ein Hit! Kinder können die Accessoires auf einzigartige Weise entdecken: Die Einhörner können sich in Regenbogenfarben übergeben und beim Anheben des Schweifs äpfeln sie verschiedene Überraschungs-Accessoires! Die Überraschungen sind für noch mehr Spielspaß wiederverwendbar. Die festliche Einhorn-Pinata lässt sich öffnen und präsentiert eine magische Feier, die die Puppen zu Heißluftballonfahrten, zum Schaukeln und Kuchenessen im Park einlädt. Mit Polly Pocket und ihren Freunden ist der Spielspaß beinahe endlos! Ideal für Kinder ab 4 Jahren, insbesondere für all diejenigen, die Regenbögen, Einhörner und Überraschungen lieben! Abweichungen in Farbe und Gestaltung vorbehalten.

• Dieses Polly Pocket Unicorn Partyland-Spielset bietet jede Menge festlichen Spielspaß! Gemeinsam mit 2 kleinen Puppen und 25 Accessoires, darunter Tiere, können alle den 35. Geburtstag von Polly Pocket feiern.
• Keine Partymuffel erlaubt! Die Einhörner können sich immer wieder in Regenbogenfarben übergeben und endlos Überraschungs-Accessoires äpfeln!
• Im Inneren der niedlichen Einhorn-Pinata kann die Party beginnen mit Accessoires wie Ballons, Partyhüten, einer schwingenden Mini-Pinata und einem Kuchen, der mit Freunden geteilt werden kann!
• Der Heißluftballon kann mit tollen Edelstein-Accessoires dekoriert werden. Hinter der Tür verbirgt sich außerdem ein zusätzlicher Bereich zum Spielen und Aufbewahren!
• Die Puppen können abwechselnd auf der beweglichen Schaukel spielen oder eine Runde auf dem Einhorn-Karussell fahren. Der Wasserfall lädt zum Planschen ein und bietet innen ebenfalls Platz zum Aufbewahren!
• Ein ideales Spielzeug für Kinder und Sammler ab 4 Jahren, sie werden das Unicorn Partyland-Spielset zum 35. Geburtstag von Polly Pocket lieben!"||||||||4 Jahre||||||||||||||Non-Organic||||"{'target_group': 'Kindergartenkinder|Grundschüler', 'manufacturer': 'Mattel GmbH', 'Artikelnummer des Herstellers': 'HYD96', 'license': '0', 'Altersempfehlung ab': '4 Jahre', 'Altersempfehlung bis': '99 Jahre', 'Spieldauer in Min.': '0', 'Inhalt': '1 Stk.', 'Spieleranzahl': '0', 'Produkttyp': 'Ankleidepuppen', 'verschluckbare Magnete': 'Nein'}"||||||||||||||0|0|3013464_1.png|https://static.mueller.de/pdzoom/HYD96.webp|3013464_2.png|https://static.mueller.de/pdzoom/HYD96_6.webp|3013464_3.png|https://static.mueller.de/pdzoom/HYD96_3.webp|3013464_4.png|https://static.mueller.de/pdzoom/HYD96_2.webp|3013464_5.png|https://static.mueller.de/pdzoom/HYD96_5.webp|3013464_6.png|https://static.mueller.de/pdzoom/HYD96_4.webp||||||||||||Mattel GmbH||||||||||1 Stk.|||True||3013464P|||||||||10
3013465|mueller||||||||2024-10-28|Polly Pocket Adventure Moped Schatulle|POLLY POCKET||1|Stk.|Home|Spielwaren|Kostüme & Partyartikel|Trends|Polly Pocket Adventure Moped Schatulle|||17,99 €|17,99 €||||||||||||||EUR|Home> Spielwaren> Kostüme & Partyartikel> Trends> Polly Pocket Adventure Moped Schatulle|https://www.mueller.at/p/polly-pocket-adventure-moped-schatulle-IPN3013465/|1 Stk.|"Diese niedliche Polly Pocket Adventure Moped-Schatulle hat eine Roller-Optik mit Hündchen, beweglichen Rädern, die sich drehen, und einem beweglichen Teil für die Kulisse! Im Inneren der Schatulle befindet sich ein lebendiger Strandort mit zwei kleinen Puppen und 12 Zubehörteilen, darunter ein Hündchen. Die Puppen lieben es, mit ihrem Roller die Stadt zu entdecken! Sie können an der Snackbar einen frischen Saft genießen oder mit Freunden im Park spielen. Am Abend bietet sich von der Hängematte aus ein besonderer Ausblick paradiesisch! Nach dem Spielen können Kinder das Spielset ganz einfach zusammenpacken und mitnehmen. Ideal für Kinder ab vier Jahren, insbesondere für all diejenigen, die Roller-Abenteuer lieben! Abweichungen in Farbe und Gestaltung vorbehalten.
• Eine Fahrt ins Paradies diese Polly Pocket Adventure Moped-Schatulle beinhaltet zwei kleine Puppen und 12 Zubehörteile, darunter ein Hündchen.• Auf der Schatulle befindet sich ein bunter Roller mit Hündchen, bewegliche Räder, die sich drehen, und ein bewegliches Teil, das die vorbeifliegende Umgebung darstellt. Im Inneren dagegen kann ein geschäftiger Strandort entdeckt werden!• Durch die Snackbar, die Hängematte und den Roller mit Korb eröffnen sich unzählige Möglichkeiten zum Geschichtenerzählen!• Einen Tag beim Springbrunnen im Park verbringen oder die Aussicht von der Hängematte aus genießen es gibt so viel zu entdecken!• Die Schatulle kann überallhin mitgenommen werden und macht auch unterwegs Spaß. Ein tolles Geschenk für Kinder ab vier Jahren, insbesondere für alle, die gerne tropische Abenteuer erleben!"||||||||4 Jahre||||||||||||||Non-Organic||||"{'target_group': 'Kindergartenkinder|Grundschüler', 'manufacturer': 'Mattel GmbH', 'Artikelnummer des Herstellers': 'HWN98', 'license': '0', 'Altersempfehlung ab': '4 Jahre', 'Altersempfehlung bis': '99 Jahre', 'Spieldauer in Min.': '0', 'Inhalt': '1 Stk.', 'Spieleranzahl': '0', 'Produkttyp': 'Kleinspielzeug', 'verschluckbare Magnete': 'Nein'}"||||||||||||||0|0|3013465_1.png|https://static.mueller.de/pdzoom/HWN98.webp|3013465_2.png|https://static.mueller.de/pdzoom/HWN98_3.webp|3013465_3.png|https://static.mueller.de/pdzoom/HWN98_2.webp|3013465_4.png|https://static.mueller.de/pdzoom/HWN98_6.webp|3013465_5.png|https://static.mueller.de/pdzoom/HWN98_5.webp|3013465_6.png|https://static.mueller.de/pdzoom/HWN98_4.webp||||||||||||Mattel GmbH||||||||||1 Stk.|||True||3013465P|||||||||10
3013466|mueller||||||||2024-10-28|Polly Pocket Affenmama und Baby|POLLY POCKET||1|Stk.|Home|Spielwaren|Kuscheltiere & Puppen|Puppen|Anziehpuppen|Polly Pocket Affenmama und Baby||27,99 €|27,99 €|27,99 €|21,99 €||||21%|Sie sparen 21%|||||||EUR|Home> Spielwaren> Kuscheltiere & Puppen> Puppen> Anziehpuppen> Polly Pocket Affenmama und Baby|https://www.mueller.at/p/polly-pocket-affenmama-und-baby-IPN3013466/|1 Stk.|"Mit Polly Pocket Affenmama und Baby geht es drunter und drüber dieses 2-in-1-Schatullen-Spielset steckt voller wilder Abenteuer! Das kompakte Affenbaby kuschelt sich in Mamas Beutel und beide öffnen sich dann zu ihren eigenen Dschungelszenen. Das Spielset beinhaltet zwei kleine Puppen und 12 Zubehörteile, darunter niedliche Äffchen. Im Affenbaby-Dschungel auf der Seilrutsche von einer Schatulle zur anderen schwingen, im Pool plantschen, in der Hängematte schaukeln oder Bananensnacks teilen. Perfekt zum Mitnehmen für unterwegs: Die Schatullen sind schnell gepackt und lassen sich leicht mit dem Trageriemen tragen. Ein tolles Geschenk für Kinder ab 4 Jahren, besonders für alle, die Dschungelabenteuer mit tierischen Freunden lieben! Abweichungen in Farbe und Gestaltung vorbehalten.

• In der Affenmama und Baby-Schatulle ist der Affenwahn ausgebrochen: Das Affenbaby verbindet sich mit der Affenmama-Schatulle und kuschelt sich in ihren Beutel.
• Beim 2-in-1-Spielset verdoppelt sich der Spaß mit den beiden kleinen Puppen Polly und Lila und zwei Dschungelszenen. Einfach die Schatullen öffnen und mit der Seilrutsche verbinden, um das ultimative Dschungelabenteuer zu erleben!
• Der Fantasie sind keine Grenzen gesetzt: im Pool planschen oder in der Hängematte entspannen, mit der Seilrutsche hinübergleiten, um mit Freunden im Baby-Affendschungel leckere Bananensnacks zu essen.
• Das Haus in der Affenmama-Schatulle öffnet sich zu zwei Etagen voller Spaß mit einem bequemen Tagesbett und einem Esstisch.
• Mit dem praktischen Trageriemen ist es supereinfach, alles einzupacken und Affenmama und -baby überall hin mitzunehmen!
• Mit so viel Möglichkeiten in einem leicht zu transportierenden Set ist dieses Polly Schatullen-Spielset ein tolles Geschenk für Kinder ab 4 Jahren, besonders für alle, die Tiere und wilde Abenteuer lieben!"||||||||4 Jahre||||||||||||||Non-Organic||||"{'target_group': 'Kindergartenkinder|Grundschüler', 'manufacturer': 'Mattel GmbH', 'Artikelnummer des Herstellers': 'HWP04', 'license': '0', 'Altersempfehlung ab': '4 Jahre', 'Altersempfehlung bis': '99 Jahre', 'Spieldauer in Min.': '0', 'Inhalt': '1 Stk.', 'Spieleranzahl': '0', 'Produkttyp': 'Ankleidepuppen', 'verschluckbare Magnete': 'Nein'}"||||||||||||||0|0|3013466_1.png|https://static.mueller.de/pdzoom/HWP04.webp|3013466_2.png|https://static.mueller.de/pdzoom/HWP04_6.webp|3013466_3.png|https://static.mueller.de/pdzoom/HWP04_3.webp|3013466_4.png|https://static.mueller.de/pdzoom/HWP04_5.webp|3013466_5.png|https://static.mueller.de/pdzoom/HWP04_4.webp|3013466_6.png|https://static.mueller.de/pdzoom/HWP04_2.webp||||||||||||Mattel GmbH||||||||||1 Stk.|||True||3013466P|||||||||10
3013469|mueller||||||||2024-10-28|Polly Pocket Barbie Schatulle|POLLY POCKET||1|Stk.|Home|Spielwaren|Kostüme & Partyartikel|Trends|Polly Pocket Barbie Schatulle|||19,99 €|19,99 €||||||||||||||EUR|Home> Spielwaren> Kostüme & Partyartikel> Trends> Polly Pocket Barbie Schatulle|https://www.mueller.at/p/polly-pocket-barbie-schatulle-IPN3013469/|1 Stk.|In dieser wunderbar rosafarbenen Schatulle, die der charakteristischen Barbie-Traumvilla im Mikroformat von Polly Pocket ähnelt, kommen Polly Pocket und Barbie zusammen! Das Puppenhaus-Spielset enthält drei Mikropuppen, ein Hündchen und 11 Zubehörteile, darunter einen Rollstuhl. In der kleinen Traumvilla können Kinder das Dach auffalten, um eine Rutsche freizulegen, mit dem rollstuhlgerechten Aufzug fahren oder das Bücherregal ausprobieren, das sich zu einem Bett öffnet. Barbie, Brooklyn und ihre Freundin lieben es, die Rutsche hinabzusausen und klatschend im Barbie-Pool zu landen: Bombe! Ein tolles Geschenk für Kinder ab 4 Jahren, insbesondere für alle, die Polly Pocket und Barbie lieben! Abweichungen in Farbe und Gestaltung vorbehalten.||||||||4 Jahre||||||||||||||Non-Organic||||"{'target_group': 'Kindergartenkinder|Grundschüler', 'manufacturer': 'Mattel GmbH', 'Artikelnummer des Herstellers': 'HWP11', 'license': 'Barbie', 'Altersempfehlung ab': '4 Jahre', 'Altersempfehlung bis': '99 Jahre', 'Spieldauer in Min.': '0', 'Inhalt': '1 Stk.', 'Spieleranzahl': '0', 'Produkttyp': 'Kleinspielzeug', 'verschluckbare Magnete': 'Nein'}"||||||||||||||0|0|3013469_1.png|https://static.mueller.de/pdzoom/194735217687.webp|3013469_2.png|https://static.mueller.de/pdzoom/194735217687_5.webp|3013469_3.png|https://static.mueller.de/pdzoom/194735217687_6.webp|3013469_4.png|https://static.mueller.de/pdzoom/194735217687_2.webp|3013469_5.png|https://static.mueller.de/pdzoom/194735217687_3.webp|3013469_6.png|https://static.mueller.de/pdzoom/194735217687_4.webp||||||||||||Mattel GmbH||||||||||1 Stk.|||False||3013469P|||||||||1
2879755|mueller||||||||2024-10-28|Sterntaler - Spielbuch Esel Emmily in Hellrot, zum Anbinden|STERNTALER||1|Stk.|Home|Spielwaren|Baby & Kleinkind|Babyspielzeug|Weiteres Spielzeug|Sterntaler - Spielbuch Esel Emmily in Hellrot, zum Anbinden||17,99 €|17,99 €||||||||||||||EUR|Home> Spielwaren> Baby & Kleinkind> Babyspielzeug> Weiteres Spielzeug> Sterntaler - Spielbuch Esel Emmily in Hellrot, zum Anbinden|https://www.mueller.at/p/sterntaler-spielbuch-esel-emmily-in-hellrot-zum-anbinden-IPN2879755/|1 Stk.|"Spielbuch Esel innen bedruckt, mit Knisterpapier, Quietsche, 8 Seiten
Altersempfehlung:
ab Geburt
Material:
Nicki: 75 % Baumwolle, 25 % Polyester, Flausch: 100 % Polyester, Polycotton: 60 % Baumwolle, 40 % Polyester
Das weiche Spielbuch mit Motiv Esel Emmily in Hellrot und Hellgrün aus Nicki, Flauschstoff und Polycotton ist besonders leicht zu greifen für kleine Kinderhände. Die 8 extra dicken Seiten lassen sich leicht umblättern. Die süßen und farbenfrohen Motive regen die Sinne deines Kindes an und ermutigen zum „Lesen“ und Entdecken. Dank der integrierten Quietsche und dem Knisterpapier ist das Spielbuch auch akustisch ein absolutes Highlight. Durch das praktische Befestigungsband lässt sich das Spielbuch schnell und einfach am Kinderwagen oder am Autositz festbinden und ist somit auch der perfekte Begleiter für unterwegs."||||||||0 Monate||||||||||||||Non-Organic||||"{'target_group': 'Säuglinge|Kleinkinder', 'Artikelnummer des Herstellers': '3502107', 'Altersempfehlung ab': '0 Monate', 'Inhalt': '1 Stk.', 'Produkttyp': 'Sonstiges Spielzeug'}"||||||||||||||0|0|2879755_1.png|https://static.mueller.de/pdzoom/4055579551787.webp|2879755_2.png|https://static.mueller.de/pdzoom/4055579551787_2.webp|2879755_3.png|https://static.mueller.de/pdzoom/4055579551787_3.webp|2879755_4.png|https://static.mueller.de/pdzoom/4055579551787_4.webp|2879755_5.png|https://static.mueller.de/pdzoom/4055579551787_5.webp||||||||||||||3502107||||||||||1 Stk.|||True||2879755P|||||||||10
417884|mueller||||||||2024-10-28|MAYBELLINE NEW YORK Nagellackentferner Express Acetonfrei|MAYBELLINE NEW YORK||125|ml|Home|Parfümerie|Pflege|Hand- & Fußpflege|Nagellackentferner|MAYBELLINE NEW YORK Nagellackentferner Express Acetonfrei||5,45 €|5,45 €|||||||||||43,60 € / 1 l|||EUR|Home> Parfümerie> Pflege> Hand- & Fußpflege> Nagellackentferner> MAYBELLINE NEW YORK Nagellackentferner Express Acetonfrei|https://www.mueller.at/p/maybelline-new-york-nagellackentferner-express-acetonfrei-417884/|125 ml|Vor jeder neuen Maniküre sollten Nagellackreste komplett entfernt werden. Der Express Nails Nagellackentferner ohne Aceton reinigt die Nägel gründlich, ohne sie dabei zu beanspruchen. Ob glitzernder Überlack oder aufwendiges Nagel-Design – der Nagellackentferner hinterlässt keine Rückstände. Die acetonfreie Formel ist dabei besonders schonend und daher auch bestens für Kunstnägel geeignet. Mehr noch: Das enthaltene Avocado-Öl pflegt die Nägel und Nagelhaut und spendet zusätzlich Feuchtigkeit. Für Reinigung und Pflege in einem! Acetonfrei – befreit die Nägel sanft vom Nagellack, ohne sie auszutrocknen||||||||||||||||||||||Non-Organic||||"{'target_group': 'Unisex', 'manufacturer': ""L'Oréal Deutschland GmbH"", 'Herstelleradresse': 'TSA 75000 93684 ST OUEN CEDEX FR', 'Anwendungshinweis': 'Die Nägel sanft vom Nagellack befreien? Ein paar Tropfen Express Nails Nagellackentferner ohne Aceton auf ein Wattepad geben und für einige Sekunden auf den Nagel drücken. So lässt sich die Farbe ohne viel Reiben lösen. Das Pad anschließend in Richtung Nagelspitze abziehen – somit geraten keine Lackreste unter die Nagelhaut.', 'package_contents': 'ETHYL ACETATE • ALCOHOL • AQUA / WATER • GLYCERIN • PARFUM / FRAGRANCE • PERSEA GRATISSIMA OIL / AVOCADO OIL • BENZYL SALICYLATE • BENZOPHENONE-1 • BENZYL ALCOHOL • HEXYL CINNAMAL • LIMONENE • EUGENOL • LINALOOL • HYDROXYCITRONELLAL • GERANIOL • CI 42090 / BLUE 1 (F.I.L. D188818/1).', 'Inhalt': '125 ml', 'Batterien erforderlich': 'Nein', 'Produkttyp': 'Nagellackentferner'}"||||||||||||||4.7778|9|417884_1.png|https://static.mueller.de/markant_04084200499709_pv_2263019/pdzoom/maybelline-new-york-nagellackentferner-express-acetonfrei.webp|417884_2.png|https://static.mueller.de/markant_04084200499709_pr_2263018/pdzoom/maybelline-new-york-nagellackentferner-express-acetonfrei.webp||||||||||||||||||||L'Oréal Deutschland GmbH||||||||||125 ml|ETHYL ACETATE • ALCOHOL • AQUA / WATER • GLYCERIN • PARFUM / FRAGRANCE • PERSEA GRATISSIMA OIL / AVOCADO OIL • BENZYL SALICYLATE • BENZOPHENONE-1 • BENZYL ALCOHOL • HEXYL CINNAMAL • LIMONENE • EUGENOL • LINALOOL • HYDROXYCITRONELLAL • GERANIOL • CI 42090 / BLUE 1 (F.I.L. D188818/1).||True||417884P||||Entzündlich|||||10
2879757|mueller||||||||2024-10-28|Sterntaler - Schmusetuch Esel Emmily in Hellrot, 26 cm|STERNTALER||1|Stk.|Home|Spielwaren|Baby & Kleinkind|Babyspielzeug|Weiteres Spielzeug|Sterntaler - Schmusetuch Esel Emmily in Hellrot, 26 cm||19,99 €|19,99 €||||||||||||||EUR|Home> Spielwaren> Baby & Kleinkind> Babyspielzeug> Weiteres Spielzeug> Sterntaler - Schmusetuch Esel Emmily in Hellrot, 26 cm|https://www.mueller.at/p/sterntaler-schmusetuch-esel-emmily-in-hellrot-26-cm-IPN2879757/|1 Stk.|"Altersempfehlung:
ab Geburt
Material:
Flausch: 100 % Polyester, Polycotton: 60 % Baumwolle, 40 % Polyester, Frottee: 90 % Baumwolle, 10 % Polyester
Das hübsche, kuschelweiche Schmusetuch Esel Emmily ist im Materialmix aus Flauschstoff, Polycotton und Jersey in modischem Hellrot harmonisch aufeinander abgestimmt. Dein Baby hat vom ersten Tag an einen tollen Begleiter durch dick und dünn. Liebevolle Details, wie Zipfel, Knoten und die niedliche Birnenapplikation wollen von kleinen Händchen erkundet werden. Das Schnuffeltuch gehört zur Sterntaler ""Kindergarten Collection"" - ist ohne Rassel oder Quietsche ausgestattet - und kann daher problemlos auch zur Ruhezeit im Kindergarten an der Seite deines Lieblings bleiben und stört andere Kinder nicht. Wie viele andere Produkte aus der Serie Esel Emmily kann dieser Artikel einfach im pflegeleicht Waschprogramm bei 40°C gereinigt werden."||||||||0 Monate||||||||||||||Non-Organic||||"{'target_group': 'Säuglinge|Kleinkinder', 'Artikelnummer des Herstellers': '3212107', 'Altersempfehlung ab': '0 Monate', 'Inhalt': '1 Stk.', 'Produkttyp': 'Sonstiges Spielzeug'}"||||||||||||||0|0|2879757_1.png|https://static.mueller.de/pdzoom/4055579551749.webp|2879757_2.png|https://static.mueller.de/pdzoom/4055579551749_2.webp|2879757_3.png|https://static.mueller.de/pdzoom/4055579551749_3.webp|2879757_4.png|https://static.mueller.de/pdzoom/4055579551749_4.webp||||||||||||||||3212107||||||||||1 Stk.|||True||2879757P|||||||||10
2879752|mueller||||||||2024-10-28|Sterntaler - Schmusetuch Eddy|STERNTALER||1|Stk.|Home|Spielwaren|Baby & Kleinkind|Babyspielzeug|Weiteres Spielzeug|Sterntaler - Schmusetuch Eddy||16,99 €|16,99 €||||||||||||||EUR|Home> Spielwaren> Baby & Kleinkind> Babyspielzeug> Weiteres Spielzeug> Sterntaler - Schmusetuch Eddy|https://www.mueller.at/p/sterntaler-schmusetuch-eddy-IPN2879752/|1 Stk.|Das niedliche Schmusetuch Elefant Eddy von Sterntaler ist bereits ab der Geburt ein treuer Begleiter für deinen kleinen Schatz, sei es für Zuhause oder Unterwegs! Er besteht aus gestreiftem Jersey und einem kuschelweichen Flauschstoff, welcher das Kuschelerlebnis besonders angenehm macht. Zudem eignen sich die Knoten an den Zipfeln optimal zum Greifen.||||||||0 Monate||||||||||||||Non-Organic||||"{'target_group': 'Säuglinge|Kleinkinder', 'Artikelnummer des Herstellers': '3202271', 'Altersempfehlung ab': '0 Monate', 'Inhalt': '1 Stk.', 'Produkttyp': 'Sonstiges Spielzeug'}"||||||||||||||0|0|2879752_1.png|https://static.mueller.de/pdzoom/4066891037156.webp|2879752_2.png|https://static.mueller.de/pdzoom/4066891037156_2.webp|2879752_3.png|https://static.mueller.de/pdzoom/4066891037156_3.webp||||||||||||||||||3202271||||||||||1 Stk.|||False||2879752P|||||||||1
2879753|mueller||||||||2024-10-28|Schwarzkopf Perfect Mousse Permanente Schaumcoloration 668/6-68 Haselnuss|SCHWARZKOPF||1|Stk.|Home|Drogerie|Pflege|Haarpflege|Coloration|Haarfarbe|Schwarzkopf Perfect Mousse Permanente Schaumcoloration 668/6-68 Haselnuss|7,75 €|7,75 €||||||||||||||EUR|Home> Drogerie> Pflege> Haarpflege> Coloration> Haarfarbe> Schwarzkopf Perfect Mousse Permanente Schaumcoloration 668/6-68 Haselnuss|https://www.mueller.at/p/schwarzkopf-perfect-mousse-permanente-schaumcoloration-668-6-68-haselnuss-IPN2879753/|1 Stk.|"Perfect Mousse permanente Schaumcoloration – Perfekte Grauabdeckung und intensive Pflege für strahlenden Glanz
Die Perfect Mousse Schaumcoloration bietet mit der Expertise von Schwarzkopf strahlenden Glanz sowie ein perfektes Farbergebnis und ermöglicht damit professionelle Haarfarben für zu Hause. Erleben Sie natürlich aussehende Farben mit strahlendem Glanz und perfekter Grauabdeckung. Die Kombination aus Schaumcoloration ohne Ammoniak und pflegendem Conditioner pflegt das Haar tiefenwirksam und lässt es gesund aussehen. 96 %** der Inhaltsstoffe des Conditioners sind natürlichen Ursprungs. Mit HaptIQ System in der Nachbehandlung sorgt die dauerhafte Haarfarbe für bis zu 90 %* weniger Haarbruch.Die besondere Conditioner-Formel mit HaptIQ System pflegt Ihr Haar wie folgt:1. Neue Mikroverbindungen werden im Haar gebildet.2. Die Haare werden nach dem Colorieren mit einer Schutzschicht umhüllt.3. Die Haarfasern werden von innen gestärkt – für bis zu 90 %* weniger Haarbruch und für langanhaltende Farbergebnisse.HaptIQ – Wunderschöne Haarergebnisse, die Sie fühlen können.Die Produktvorteile im Detail:

Perfekte Grauabdeckung
Intensive Pflege für strahlenden Glanz.
Anwendung so einfach wie ein Shampoo
Ohne Ammoniak
Mit HaptIQ System in der Nachbehandlung 

Anwendung: Einfache Anwendung wie ein Shampoo und ein perfektes Farbergebnis, denn die intensive und pflegende Schaumcoloration sorgt für ein einfaches und gleichmäßiges Auftragen, ohne zu tropfen.
* Instrumenteller Test mit und ohne Conditioner** einschließlich Wasser Expertise von Schwarzkopf – Die dauerhafte Haarfarbe bietet strahlenden Glanz sowie ein perfektes Farbergebnis und ermöglicht damit professionelle Haarfarben für zu Hause,Perfekte Grauabdeckung – Schwarzkopf Perfect Mousse sorgt für perfekte Grauabdeckung und verleiht intensive Pflege für strahlenden Glanz,Mit HaptIQ System – Die Nachbehandlung der Schwarzkopf Haarfarbe ohne Ammoniak verfügt über ein HaptIQ System und sorgt so für bis zu 90 %* weniger Haarbruch,Starke Pflegeleistung – Schaumcoloration & Conditioner pflegen das Haar tiefenwirksam und lassen es gesund aussehen. 96 %** der Inhaltsstoffe des Conditioners sind natürlichen Ursprungs,Einfache Anwendung – Die intensive und pflegende Schaumcoloration lässt sich einfach und gleichmäßig auftragen, ohne zu tropfen – für ein perfektes Farbergebnis"||Darf nicht in die Hände von Kindern gelangen.||||||||||||||||||||Non-Organic||||"{'Lagerhinweis': 'Darf nicht in die Hände von Kindern gelangen.', 'manufacturer': 'Schwarzkopf & Henkel a division of Henkel AG & Co. KGaA', 'Herstelleradresse': 'D-40191 Düsseldorf', 'Kontaktmöglichkeit': 'corporate.communications@henkel.com', 'Anwendungshinweis': 'Anwendung so einfach wie ein Shampoo!\nMit Pflege-Conditioner mit HaptIQ System. Verteilen Sie die Pflegespülung in Ihrem Haar. Wickeln Sie dieses für ein paar Minuten in ein warmes Handtuch, spülen Sie es großzügig aus und genießen Sie das gepflegte Haar.\n\nDiese Nuance ist für dunkelblondes bis mittelbraunes Haar geeignet.', 'package_contents': 'Color-Gel/Gel colorant: Aqua (Water, Eau), Coco-Glucoside, Coco-Betaine, Ethanolamine, Caprylyl/Capryl Glucoside,PEG-60 Hydrogenated Castor Oil, Sodium Chloride, Toluene-2,5-Diamine Sulfate, Polyquaternium-22, Serine, Parfum (Fragrance), Resorcinol, Sodium Sulfite, 2-Methylresorcinol, Tetrasodium EDTA, 2-Amino-3-Hydroxypyridine, m-Aminophenol, Ascorbic Acid, Phenoxyethanol, Plankton Extract | Entwicklerlotion/Lotion révélatrice: Aqua (Water, Eau), Hydrogen Peroxide, Etidronic Acid, Acrylates Copolymer, Sodium Laureth Sulfate, Sodium Hydroxide, 2,6-Dicarboxypyridine, Disodium Pyrophosphate|Pflege-Conditioner/Masque soin: Aqua (Water, Eau), Cetearyl Alcohol, Isopropyl Myristate, Behentrimonium Chloride, Magnesium Chloride, Magnesium Citrate, Amodimethicone/Morpholinomethyl Silsesquioxane Copolymer, Olea Europaea (Olive) Fruit Oil, Prunus Armeniaca (Apricot) Kernel Oil, Dimethylsilanol Hyaluronate, Biotin, Distearoylethyl Hydroxyethylmonium Methosulfate, Stearamidopropyl Dimethylamine, C', 'Inhalt': '1 Stk.', 'Colorationsstufe': 'PERMANENT', 'Produkttyp': 'Haarfarbe'}"||||||||||||||4.5946|111|2879753_1.png|https://static.mueller.de/markant_04015100801972_pv_3605638/pdzoom/schwarzkopf-perfect-mousse-permanente-schaumcoloration-668-6-68-haselnuss.webp|2879753_2.png|https://static.mueller.de/markant_04015100801972_pd_3934074/pdzoom/schwarzkopf-perfect-mousse-permanente-schaumcoloration-668-6-68-haselnuss.webp|2879753_3.png|https://static.mueller.de/markant_04015100801972_pd_3934079/pdzoom/schwarzkopf-perfect-mousse-permanente-schaumcoloration-668-6-68-haselnuss.webp|2879753_4.png|https://static.mueller.de/markant_04015100801972_pd_4512055/pdzoom/schwarzkopf-perfect-mousse-permanente-schaumcoloration-668-6-68-haselnuss.webp|2879753_5.png|https://static.mueller.de/markant_04015100801972_pd_3809148/pdzoom/schwarzkopf-perfect-mousse-permanente-schaumcoloration-668-6-68-haselnuss.webp|2879753_6.png|https://static.mueller.de/markant_04015100801972_pd_3605157/pdzoom/schwarzkopf-perfect-mousse-permanente-schaumcoloration-668-6-68-haselnuss.webp||||||||||||Schwarzkopf & Henkel a division of Henkel AG & Co. KGaA||||||||||1 Stk.|"Color-Gel/Gel colorant: Aqua (Water, Eau), Coco-Glucoside, Coco-Betaine, Ethanolamine, Caprylyl/Capryl Glucoside,PEG-60 Hydrogenated Castor Oil, Sodium Chloride, Toluene-2,5-Diamine Sulfate, Polyquaternium-22, Serine, Parfum (Fragrance), Resorcinol, Sodium Sulfite, 2-Methylresorcinol, Tetrasodium EDTA, 2-Amino-3-Hydroxypyridine, m-Aminophenol, Ascorbic Acid, Phenoxyethanol, Plankton Extract | Entwicklerlotion/Lotion révélatrice: Aqua (Water, Eau), Hydrogen Peroxide, Etidronic Acid, Acrylates Copolymer, Sodium Laureth Sulfate, Sodium Hydroxide, 2,6-Dicarboxypyridine, Disodium Pyrophosphate|Pflege-Conditioner/Masque soin: Aqua (Water, Eau), Cetearyl Alcohol, Isopropyl Myristate, Behentrimonium Chloride, Magnesium Chloride, Magnesium Citrate, Amodimethicone/Morpholinomethyl Silsesquioxane Copolymer, Olea Europaea (Olive) Fruit Oil, Prunus Armeniaca (Apricot) Kernel Oil, Dimethylsilanol Hyaluronate, Biotin, Distearoylethyl Hydroxyethylmonium Methosulfate, Stearamidopropyl Dimethylamine, C"||True||2879753P||||"Haarfärbemittel können schwere allergische Reaktionen hervorrufen.
Bitte folgende Hinweise lesen und beachten: Dieses Produkt ist nicht für Personen unter 16 Jahren bestimmt. Temporäre Tätowierungen mit „schwarzem Henna“ können das Allergierisiko erhöhen.
Färben Sie Ihr Haar nicht,
– wenn Sie einen Ausschlag im Gesicht haben oder wenn Ihre Kopfhaut empfindlich,
gereizt oder verletzt ist;
– wenn Sie schon einmal nach dem Färben Ihrer Haare eine Reaktion festgestellt
haben;
– wenn eine temporäre Tätowierung mit „schwarzem Henna“ bei Ihnen schon
einmal eine Reaktion verursacht hat.
Enthält Wasserstoffperoxid, Phenylendiamine (Toluylendiamine) und Resorcin. Vollständige Inhaltsstoffdeklaration siehe Packungsboden. Kontakt mit den Augen vermeiden. Sofort Augen spülen, falls das Erzeugnis mit den Augen in Berührung gekommen ist. Nicht zur Färbung von Wimpern und Augenbrauen verwenden. Nach Anwendung die Haare gut spülen. Geeignete Handschuhe tragen. Führen Sie einen Allergieverdachtstest 48"|||||10
2458513|mueller||||||||2024-10-28|Papi ist der Beste|||1|Stk.|Home|Multi-Media|Musik|Hörspiele|Papi ist der Beste|||16,99 €|16,99 €||||||||||||||EUR|Home> Multi-Media> Musik> Hörspiele> Papi ist der Beste|https://www.mueller.at/p/papi-ist-der-beste-2458513/|1 Stk.|||||||||||||||||||||||Non-Organic||||{'medium': 'CD', 'Künstler': 'Bibi Blocksberg', 'Inhalt': '1 Stk.', 'Anzahl Medien im Artikel': '3', 'genre': 'Hörspiel (Kinder)', 'Label': 'Kiddinx'}||||||||||||||0|0|2458513_1.png|https://static.mueller.de/pdzoom/phononet_4001504125998_pv_4001504125998-0600px-001.webp||||||||||||||||||||||||||||||||1 Stk.|||True||2458513P|||||||||5
2865121|mueller||||||||2024-10-28|HABA Kinderwagenkette Koala|HABA||1|Stk.|Home|Spielwaren|Baby & Kleinkind|Babyspielzeug|Spielzeug mit Rassel|HABA Kinderwagenkette Koala||22,99 €|22,99 €|22,99 €|19,99 €||||13%|Sie sparen 13%|||||||EUR|Home> Spielwaren> Baby & Kleinkind> Babyspielzeug> Spielzeug mit Rassel> HABA Kinderwagenkette Koala|https://www.mueller.at/p/haba-kinderwagenkette-koala-IPN2865121/|1 Stk.|Mit der HABA Kinderwagenkette Koala wird jede Spazierfahrt zum Entdecker-Abenteuer. Die goldigen Koalas und bunten Greif-Elemente aus Holz laden zum Schauen und Spielen ein. Der Klapperring rasselt fröhlich, wenn sich die Buggykette bewegt. Auch die hübschen Blätter aus Stoff regen zu erstem Greifen an. Unterwegs sorgt die tolle Mobile-Kette immer für jede Menge Abwechslung. Mit zwei robusten C-Ringen lässt sie sich kinderleicht an Kinderwagen, Buggy und Babyschale befestigen. Die Kinderwagenkette aus Holz fördert die Wahrnehmung und Motorik der Kleinsten und bringt Babys mit Bewegung und Geräuschen zum Staunen. Zauberhafter Spielspaß mit HABA.begeistert bei jeder Spazierfahrtzum Schauen, Greifen & Entdeckenfür fast alle Kinderwagenmodelle & Babyschalenmit zauberhaften Koalas & buntem Rasselringpasst perfekt zu anderen Koala-ProduktenAußenmantel:    Polycarbonate, Buche, PolyesterAlter ab    0+Länge    65 cm||||||||0 Monate||||||||||||||Non-Organic||||"{'target_group': 'Säuglinge|Kleinkinder', 'Artikelnummer des Herstellers': '1306661001', 'Altersempfehlung ab': '0 Monate', 'Inhalt': '1 Stk.', 'Produkttyp': 'Rasseln | Greiflinge'}"||||||||||||||0|0|2865121_1.png|https://static.mueller.de/pdzoom/4010168261164.webp|2865121_2.png|https://static.mueller.de/pdzoom/4010168261164_3.webp|2865121_3.png|https://static.mueller.de/pdzoom/4010168261164_2.webp||||||||||||||||||1306661001||||||||||1 Stk.|||True||2865121P|||||||||10
2879766|mueller||||||||2024-10-28|Garnier Skin Active Vitamin C Bright Eye Augencreme|GARNIER||15|ml|Home|Drogerie|Pflege|Gesichtspflege|Augenpflege|Garnier Skin Active Vitamin C Bright Eye Augencreme||11,45 €|11,45 €|||||||||||763,33 € / 1 l|||EUR|Home> Drogerie> Pflege> Gesichtspflege> Augenpflege> Garnier Skin Active Vitamin C Bright Eye Augencreme|https://www.mueller.at/p/garnier-skin-active-vitamin-c-bright-eye-augencreme-IPN2879766/|15 ml|Die Garnier SkinActive Vitamin C Glow Booster Anti-Müdigkeits Augencreme enthält eine Wirkstoffkombination aus 4% Niacinamid, Koffein, Vitamin C, Bananenpuder sowie Pigmente, die den natürlichen Glow fördern. Dadurch mildert die Augenpflege Anzeichen von Müdigkeit wie dunkle Augenringe, feine Linien, fahle Haut und Krähenfüße. Gleichzeitig trägt die Formel zu mehr Festigkeit, Geschmeidigkeit und Glätte eines erschöpften Hautbildes bei. Das enthaltene Vitamin C boostet den Glow, während Bananenpuder für seine ausgleichenden Eigenschaften bekannt ist. Somit erscheint die Augenpartie sofort strahlender und erfrischter. Creme gegen dunkle Augenringe zur Milderung von Müdigkeitsanzeichen sowie von feinen Linien||||||||||||||||||||||Non-Organic||||"{'target_group': 'Herren|Unisex|Damen', 'manufacturer': ""L'Oréal Deutschland GmbH"", 'Herstelleradresse': 'TSA 75000 93684 ST OUEN CEDEX FR', 'Kontaktmöglichkeit': '0211 544 77191', 'Anwendungshinweis': 'Die Garnier SkinActive Glow Booster Augenpflege nach der Reinigung entlang der Augenpartie auftragen und mithilfe der Fingerspitzen vorsichtig eintupfen. Danach die Creme gegen müde Augen sanft verblenden. Ein kühlender Effekt entsteht durch eine vorherige Lagerung im Kühlschrank. Nach der Verwendung der Augenpflege kann zusätzlich ein Concealer aufgetragen werden.', 'package_contents': 'AQUA / WATER • GLYCERIN • DIMETHICONE • PRUNUS ARMENIACA KERNEL OIL / APRICOT KERNEL OIL • NIACINAMIDE • ACRYLAMIDE/SODIUM ACRYLOYLDIMETHYLTAURATE COPOLYMER • SILICA • CI 77891 / TITANIUM DIOXIDE • ISOHEXADECANE • DIMETHICONE/VINYL DIMETHICONE CROSSPOLYMER • HYDROXYPROPYL TETRAHYDROPYRANTRIOL • CAFFEINE • SYNTHETIC FLUORPHLOGOPITE • PROPYLENE GLYCOL • PHENOXYETHANOL • ACRYLATES/C10-30 ALKYL ACRYLATE CROSSPOLYMER • TOCOPHEROL • CHLORPHENESIN • POLYSORBATE 80 • ASCORBYL GLUCOSIDE • TRIETHANOLAMINE • CI 77492 / IRON OXIDES • TRISODIUM ETHYLENEDIAMINE DISUCCINATE • MUSA SAPIENTUM FRUIT EXTRACT / BANANA FRUIT EXTRACT • ADENOSINE • HYDROLYZED HYALURONIC ACID • HYDROXYETHYLPIPERAZINE ETHANE SULFONIC ACID • MICA • SORBITAN OLEATE • MUSA PARADISIACA FRUIT JUICE / BANANA FRUIT JUICE • ANANAS SATIVUS FRUIT EXTRACT / PINEAPPLE FRUIT EXTRACT • CITRIC ACID • SODIUM BENZOATE • DISODIUM STEAROYL GLUTAMATE • LACTIC ACID • TIN OXIDE • POTASSIUM SORBATE • ALUMINUM HYDROXIDE (F.I.L. Z70015852/1).', 'skin_type': 'alle Hauttypen', 'product_property': 'erfrischend|schimmernd', 'Inhalt': '15 ml', 'scope_of_application': 'Augenpflege', 'Batterien erforderlich': 'Nein', 'Produkttyp': 'Creme'}"||||||||||||||4.6563|96|2879766_1.png|https://static.mueller.de/markant_03600542514118_pv_3713588/pdzoom/garnier-skin-active-vitamin-c-bright-eye-augencreme.webp|2879766_2.png|https://static.mueller.de/markant_03600542514118_pr_3649200/pdzoom/garnier-skin-active-vitamin-c-bright-eye-augencreme.webp|2879766_3.png|https://static.mueller.de/markant_03600542514118_pd_3649201/pdzoom/garnier-skin-active-vitamin-c-bright-eye-augencreme.webp|2879766_4.png|https://static.mueller.de/markant_03600542514118_pd_4799422/pdzoom/garnier-skin-active-vitamin-c-bright-eye-augencreme.webp|2879766_5.png|https://static.mueller.de/markant_03600542514118_pd_3649177/pdzoom/garnier-skin-active-vitamin-c-bright-eye-augencreme.webp|2879766_6.png|https://static.mueller.de/markant_03600542514118_pd_3649163/pdzoom/garnier-skin-active-vitamin-c-bright-eye-augencreme.webp||||||||||||L'Oréal Deutschland GmbH||||||||||15 ml|AQUA / WATER • GLYCERIN • DIMETHICONE • PRUNUS ARMENIACA KERNEL OIL / APRICOT KERNEL OIL • NIACINAMIDE • ACRYLAMIDE/SODIUM ACRYLOYLDIMETHYLTAURATE COPOLYMER • SILICA • CI 77891 / TITANIUM DIOXIDE • ISOHEXADECANE • DIMETHICONE/VINYL DIMETHICONE CROSSPOLYMER • HYDROXYPROPYL TETRAHYDROPYRANTRIOL • CAFFEINE • SYNTHETIC FLUORPHLOGOPITE • PROPYLENE GLYCOL • PHENOXYETHANOL • ACRYLATES/C10-30 ALKYL ACRYLATE CROSSPOLYMER • TOCOPHEROL • CHLORPHENESIN • POLYSORBATE 80 • ASCORBYL GLUCOSIDE • TRIETHANOLAMINE • CI 77492 / IRON OXIDES • TRISODIUM ETHYLENEDIAMINE DISUCCINATE • MUSA SAPIENTUM FRUIT EXTRACT / BANANA FRUIT EXTRACT • ADENOSINE • HYDROLYZED HYALURONIC ACID • HYDROXYETHYLPIPERAZINE ETHANE SULFONIC ACID • MICA • SORBITAN OLEATE • MUSA PARADISIACA FRUIT JUICE / BANANA FRUIT JUICE • ANANAS SATIVUS FRUIT EXTRACT / PINEAPPLE FRUIT EXTRACT • CITRIC ACID • SODIUM BENZOATE • DISODIUM STEAROYL GLUTAMATE • LACTIC ACID • TIN OXIDE • POTASSIUM SORBATE • ALUMINUM HYDROXIDE (F.I.L. Z70015852/1).||True||2879766P|||||||||10
3013403|mueller||||||||2024-10-28|Barbie Traumkleiderschrank mit Puppe|MATTEL||1|Stk.|Home|Spielwaren|Kuscheltiere & Puppen|Puppen|Anziehpuppen|Barbie Traumkleiderschrank mit Puppe||59,95 €|59,95 €||||||||||||||EUR|Home> Spielwaren> Kuscheltiere & Puppen> Puppen> Anziehpuppen> Barbie Traumkleiderschrank mit Puppe|https://www.mueller.at/p/barbie-traumkleiderschrank-mit-puppe-IPN3013403/|1 Stk.|Dieser Barbie Traumkleiderschrank steckt voller endloser Styles und Geschichten, die sich Kinder für Barbie ausdenken können! Im glitzernden, rosa Kleiderschrank verbirgt sich ein knapp 1 m breites Spielset mit 2 Kleiderstangen, über 20 Aufbewahrungsorten, einem aufklappbaren Schminktisch mit Klappspiegel, einem Ganzkörperspiegel und einem Schuhregal. Es gibt sogar ein Kissen für das Hündchen! Kinder werden es lieben, die enthaltene Barbie-Modepuppe mit über 25 Moden und Accessoires wie Kleidern, Schuhen, Halsketten und Handtaschen en masse zu stylen. 3 vollständige Looks für Barbie lassen sich kombinieren, um ins Stylen und Geschichtenerzählen einzutauchen! Kinder können der Barbie-Puppe dabei helfen, ein Outfit auszuwählen und sie vor dem Spiegel stylen und ausstaffieren. Dann geht es an den Schminktisch, bevor Barbie ganz stilvoll mit ihrem Hündchen einen wundervollen Tag beginnt! Alle Teile passen zur Aufbewahrung in den Schrank, der von einem rosa Barbie-Griff für den Spielspaß für unterwegs gehalten wird. Die Puppe kann nicht von allein stehen. Abweichungen in Farbe und Gestaltung vorbehalten.||||||||36 Monate||||||||||||||Non-Organic||||"{'target_group': 'Kindergartenkinder|Grundschüler', 'manufacturer': 'Mattel GmbH', 'Artikelnummer des Herstellers': 'HXD58', 'license': '0', 'Altersempfehlung ab': '36 Monate', 'Altersempfehlung bis': '99 Jahre', 'Spieldauer in Min.': '0', 'Inhalt': '1 Stk.', 'Spieleranzahl': '0', 'Produkttyp': 'Ankleidepuppen', 'verschluckbare Magnete': 'Nein'}"||||||||||||||0|0|3013403_1.png|https://static.mueller.de/pdzoom/HXD58.webp|3013403_2.png|https://static.mueller.de/pdzoom/HXD58_2.webp|3013403_3.png|https://static.mueller.de/pdzoom/HXD58_3.webp|3013403_4.png|https://static.mueller.de/pdzoom/HXD58_6.webp|3013403_5.png|https://static.mueller.de/pdzoom/HXD58_4.webp|3013403_6.png|https://static.mueller.de/pdzoom/HXD58_5.webp||||||||||||Mattel GmbH||||||||||1 Stk.|||False||3013403P|||||||||1
2879768|mueller||||||||2024-10-28|L'Oréal Paris RevitaLift Vitamin C Serum|L'ORÉAL PARIS||30|ml|Home|Drogerie|Pflege|Gesichtspflege|Spezialpflege|Seren & Ampullen|L'Oréal Paris RevitaLift Vitamin C Serum|24,89 €|24,89 €|||||||||||829,67 € / 1 l|||EUR|Home> Drogerie> Pflege> Gesichtspflege> Spezialpflege> Seren & Ampullen> L'Oréal Paris RevitaLift Vitamin C Serum|https://www.mueller.at/p/loreal-paris-revitalift-vitamin-c-serum-IPN2879768/|30 ml|Entdecken Sie das neue Revitalift Clinical 12% Pure Vitamin C + Vitamin E + Salicylsäure Serum von L'Oréal Paris: Das Serum wirkt den ersten Anzeichen der Hautalterung entgegen, wie etwa einem unebenmäßigen Hautton, vergrößerten Poren und ersten Fältchen. Bei 2x täglicher Anwendung verbessert sich im ersten Monat das Hautbild und der Hautton wird ebenmäßiger. Das Serum ist für empfindliche und sensible Haut sowie für alle Hauttöne und -typen geeignet. Verfeinern Sie mit der Wirksamkeit dieses antioxidativen Serums Ihre Poren, erhalten Sie einen ebenmäßigeren und strahlenderen Teint und mildern Sie Fältchen. Formel mit 12% reinem Vitamin C, Vitamin E und SalicylsäureFür ein verbessertes Hautbild und einen ebenmäßigeren Hautton in nur einem MonatAnwendung: Täglich morgens und abendsGeeignet für empfindliche und sensible Haut sowie für alle Hauttöne und -typenLieferumfang: 1x L'Oréal Paris Revitalift Clinical 12% pures Vitamin C Serum, Inhalt: 30 ml||Kühl und trocken lagern.||||||||||||||||||||Non-Organic||||"{'Lagerhinweis': 'Kühl und trocken lagern.', 'target_group': 'Damen', 'manufacturer': ""L'Oréal Deutschland GmbH"", 'Herstelleradresse': 'TSA 75000 93684 ST OUEN CEDEX FR', 'Kontaktmöglichkeit': '0211 544 77191', 'Anwendungshinweis': ""Für ein verbessertes Hautbild und einen ebenmäßigeren Hautton mit dem Revitalift Clinical von L'Oréal Paris: Täglich morgens und abends 2-3 Tropfen auf das gereinigte Gesicht und den Hals auftragen, dabei die Augenpartie aussparen. Morgens zusätzlich Feuchtigkeitspflege mit LSF 20 auftragen, abends passende Nachtpflege verwenden."", 'package_contents': 'AQUA / WATER • ASCORBIC ACID • DIMETHICONE • GLYCERIN • ALCOHOL DENAT. • POTASSIUM HYDROXIDE • POLYSILICONE-11 • PENTAERYTHRITYL TETRAETHYLHEXANOATE • ACETYL DIPEPTIDE-1 CETYL ESTER • ADENOSINE • SODIUM HYALURONATE • TOCOPHEROL • SILICA • AMMONIUM POLYACRYLOYLDIMETHYL TAURATE • BUTYLENE GLYCOL • CAPRYLYL GLYCOL • C13-14 ISOPARAFFIN • HYDROXYETHYLCELLULOSE • LAURETH-7 • PEG-20 METHYL GLUCOSE SESQUISTEARATE • POLOXAMER 338 • POLYACRYLAMIDE • SORBITAN LAURATE • XANTHAN GUM • BIS-PEG/PPG-16/16 PEG/PPG-16/16 DIMETHICONE • CAPRYLIC/CAPRIC TRIGLYCERIDE • PENTAERYTHRITYL TETRA-DI-T-BUTYL HYDROXYHYDROCINNAMATE • SALICYLIC ACID • PARFUM / FRAGRANCE (F.I.L. Z70013603/1).', 'skin_type': 'reife Haut', 'product_property': 'Anti-Aging|porenverfeinernd', 'Inhalt': '30 ml', 'scope_of_application': 'Spezialpflege', 'Batterien erforderlich': 'Nein', 'Produkttyp': 'Serum'}"||||||||||||||4.7153|2037|2879768_1.png|https://static.mueller.de/markant_03600524069742_pv_3715653/pdzoom/loreal-paris-revitalift-vitamin-c-serum.webp|2879768_2.png|https://static.mueller.de/markant_03600524069742_pd_3872294/pdzoom/loreal-paris-revitalift-vitamin-c-serum.webp|2879768_3.png|https://static.mueller.de/markant_03600524069742_pd_3811579/pdzoom/loreal-paris-revitalift-vitamin-c-serum.webp|2879768_4.png|https://static.mueller.de/markant_03600524069742_pd_3811578/pdzoom/loreal-paris-revitalift-vitamin-c-serum.webp|2879768_5.png|https://static.mueller.de/markant_03600524069742_pd_3811582/pdzoom/loreal-paris-revitalift-vitamin-c-serum.webp|2879768_6.png|https://static.mueller.de/markant_03600524069742_pd_3811580/pdzoom/loreal-paris-revitalift-vitamin-c-serum.webp||||||||||||L'Oréal Deutschland GmbH||||||||||30 ml|AQUA / WATER • ASCORBIC ACID • DIMETHICONE • GLYCERIN • ALCOHOL DENAT. • POTASSIUM HYDROXIDE • POLYSILICONE-11 • PENTAERYTHRITYL TETRAETHYLHEXANOATE • ACETYL DIPEPTIDE-1 CETYL ESTER • ADENOSINE • SODIUM HYALURONATE • TOCOPHEROL • SILICA • AMMONIUM POLYACRYLOYLDIMETHYL TAURATE • BUTYLENE GLYCOL • CAPRYLYL GLYCOL • C13-14 ISOPARAFFIN • HYDROXYETHYLCELLULOSE • LAURETH-7 • PEG-20 METHYL GLUCOSE SESQUISTEARATE • POLOXAMER 338 • POLYACRYLAMIDE • SORBITAN LAURATE • XANTHAN GUM • BIS-PEG/PPG-16/16 PEG/PPG-16/16 DIMETHICONE • CAPRYLIC/CAPRIC TRIGLYCERIDE • PENTAERYTHRITYL TETRA-DI-T-BUTYL HYDROXYHYDROCINNAMATE • SALICYLIC ACID • PARFUM / FRAGRANCE (F.I.L. Z70013603/1).||True||2879768P||||Achtung Augenkontakt vermeiden|||||10
2879769|mueller||||||||2024-10-28|L'Oréal Paris RevitaLift Vitamin C UV-Fluid LSF50+|L'ORÉAL PARIS||50|ml|Home|Drogerie|Pflege|Gesichtspflege|Spezialpflege|Seren & Ampullen|L'Oréal Paris RevitaLift Vitamin C UV-Fluid LSF50+|19,95 €|19,95 €|||||||||||399,00 € / 1 l|||EUR|Home> Drogerie> Pflege> Gesichtspflege> Spezialpflege> Seren & Ampullen> L'Oréal Paris RevitaLift Vitamin C UV-Fluid LSF50+|https://www.mueller.at/p/loreal-paris-revitalift-vitamin-c-uv-fluid-lsf50-IPN2879769/|50 ml|Der innovativste und fortschrittlichste UV-Schutz mit Vitamin C von L'Oréal Paris: Das Revitalift Clinical LSF 50+ Antioxidative Vitamin C Anti-UV Fluid von L'Oréal Paris ist ein ultra-leichtes und feuchtigkeitsspendendes Fluid, das die Haut täglich mit einem Lichtschutzfaktor 50+ vor schädlicher UV-Strahlung schützt. Es beugt den ersten Anzeichen der Hautalterung, wie ersten Fältchen und Pigmentflecken, effektiv vor. Dermatolog:innen empfehlen, die Haut jeden Tag vor UV-Strahlung zu schützen, da 80% der Hautalterung durch UV-Strahlung verursacht wird. Das Produkt ist für alle Hauttypen geeignet und hat ein unsichtbares Finish. Es enthält eine patentierte Technologie und ist wissenschaftlich bestätigt wirksam. Innovativer und fortschrittlicher UV-Schutz mit Vitamin CSchutz vor schdlicher UV-Strahlung mit LSF 50+ und Prvention gegen HautalterungAnwendung: Tgliches Auftragen nach der Gesichtspflegeroutine und vor dem Make-upPatentierte Technologie zur Milderung von Falten und PigmentfleckenLieferumfang: 1x L'Oral Paris Revitalift Clinical Tgliches Anti-UV Fluid LSF 50+, Inhalt: 50 ml||Intensive Mittagssonne vermeiden. Auch Sonnenschutzmittel mit hohen Lichtschutzfaktoren bieten keinen vollständigen Schutz vor UV-Strahlen. Babys und Kleinkinder durch angemessene Kleidung sowie Sonnenschutzmittel mit einem LSF größer 25 vor direkter Sonneneinstrahlung schützen.||||||||||||||||||||Non-Organic||||"{'Lichtschutzfaktor': '50', 'Lagerhinweis': 'Intensive Mittagssonne vermeiden. Auch Sonnenschutzmittel mit hohen Lichtschutzfaktoren bieten keinen vollständigen Schutz vor UV-Strahlen. Babys und Kleinkinder durch angemessene Kleidung sowie Sonnenschutzmittel mit einem LSF größer 25 vor direkter Sonneneinstrahlung schützen.', 'target_group': 'Damen', 'manufacturer': ""L'Oréal Deutschland GmbH"", 'Herstelleradresse': 'TSA 75000 93684 ST OUEN CEDEX FR', 'Kontaktmöglichkeit': '0211 544 77191', 'Anwendungshinweis': ""Zum Vorbeugen von ersten Anzeichen der Hautalterung mit dem Revitalift Clinical Serum von L'Oréal Paris: Vor dem Gebrauch gut schütteln. Jeden Morgen gleichmäßig auf das Gesicht auftragen - nach der Gesichtspflege und vor dem Make-up anwenden. Dabei muss die Augenpartie nicht ausgespart werden."", 'package_contents': 'AQUA / WATER • ALCOHOL DENAT. • DIISOPROPYL SEBACATE • SILICA • ISOPROPYL MYRISTATE • ETHYLHEXYL SALICYLATE • ETHYLHEXYL TRIAZONE • BIS-ETHYLHEXYLOXYPHENOL METHOXYPHENYL TRIAZINE • BUTYL METHOXYDIBENZOYLMETHANE • GLYCERIN • PROPANEDIOL • C12-22 ALKYL ACRYLATE/HYDROXYETHYLACRYLATE COPOLYMER • DROMETRIZOLE TRISILOXANE • PERLITE • CAPRYLIC/CAPRIC TRIGLYCERIDE • TOCOPHEROL • ASCORBYL GLUCOSIDE • HYDROXYACETOPHENONE • HYDROXYETHYLCELLULOSE • SODIUM HYALURONATE • TRIETHANOLAMINE • TRISODIUM ETHYLENEDIAMINE DISUCCINATE • CAPRYLYL GLYCOL • TEREPHTHALYLIDENE DICAMPHOR SULFONIC ACID • ACRYLATES/C10-30 ALKYL ACRYLATE CROSSPOLYMER • PARFUM / FRAGRANCE (F.I.L. Z70013153/1).', 'skin_type': 'trockene Haut|unreine Haut|reife Haut|normale Haut|ölige Haut|sensible Haut', 'product_property': 'Anti-Aging|porenverfeinernd', 'Inhalt': '50 ml', 'scope_of_application': 'Spezialpflege', 'Batterien erforderlich': 'Nein', 'Produkttyp': 'Fluid'}"||||||||||||||4.7207|222|2879769_1.png|https://static.mueller.de/markant_03600524069674_pv_3715652/pdzoom/loreal-paris-revitalift-vitamin-c-uv-fluid-lsf50.webp|2879769_2.png|https://static.mueller.de/markant_03600524069674_pv_4097425/pdzoom/loreal-paris-revitalift-vitamin-c-uv-fluid-lsf50.webp|2879769_3.png|https://static.mueller.de/markant_03600524069674_pd_4289239/pdzoom/loreal-paris-revitalift-vitamin-c-uv-fluid-lsf50.webp|2879769_4.png|https://static.mueller.de/markant_03600524069674_pd_4289236/pdzoom/loreal-paris-revitalift-vitamin-c-uv-fluid-lsf50.webp|2879769_5.png|https://static.mueller.de/markant_03600524069674_pd_3777367/pdzoom/loreal-paris-revitalift-vitamin-c-uv-fluid-lsf50.webp|2879769_6.png|https://static.mueller.de/markant_03600524069674_pd_3665296/pdzoom/loreal-paris-revitalift-vitamin-c-uv-fluid-lsf50.webp||||||||||||L'Oréal Deutschland GmbH||||||||||50 ml|AQUA / WATER • ALCOHOL DENAT. • DIISOPROPYL SEBACATE • SILICA • ISOPROPYL MYRISTATE • ETHYLHEXYL SALICYLATE • ETHYLHEXYL TRIAZONE • BIS-ETHYLHEXYLOXYPHENOL METHOXYPHENYL TRIAZINE • BUTYL METHOXYDIBENZOYLMETHANE • GLYCERIN • PROPANEDIOL • C12-22 ALKYL ACRYLATE/HYDROXYETHYLACRYLATE COPOLYMER • DROMETRIZOLE TRISILOXANE • PERLITE • CAPRYLIC/CAPRIC TRIGLYCERIDE • TOCOPHEROL • ASCORBYL GLUCOSIDE • HYDROXYACETOPHENONE • HYDROXYETHYLCELLULOSE • SODIUM HYALURONATE • TRIETHANOLAMINE • TRISODIUM ETHYLENEDIAMINE DISUCCINATE • CAPRYLYL GLYCOL • TEREPHTHALYLIDENE DICAMPHOR SULFONIC ACID • ACRYLATES/C10-30 ALKYL ACRYLATE CROSSPOLYMER • PARFUM / FRAGRANCE (F.I.L. Z70013153/1).||True||2879769P||||Intensive Mittagssonne vermeiden. Auch Sonnenschutzmittel mit hohen Lichtschutzfaktoren bieten keinen vollständigen Schutz vor UV-Strahlen. Babys und Kleinkinder durch angemessene Kleidung sowie Sonnenschutzmittel mit einem LSF größer 25 vor direkter Sonneneinstrahlung schützen.|||||10
3013406|mueller||||||||2024-10-28|GILDE Fotorahmen LED|GILDE||1|Stk.|Home|Haushalt|Wohnen & Dekorieren|Bilder & Rahmen|GILDE Fotorahmen LED|||18,99 €|18,99 €||||||||||||||EUR|Home> Haushalt> Wohnen & Dekorieren> Bilder & Rahmen> GILDE Fotorahmen LED|https://www.mueller.at/p/gilde-fotorahmen-led-IPN3013406/|1 Stk.|GILDE Fotorahmen LED||||||||||||||||||||||Non-Organic||||{'manufacturer': 'Gilde Handwerk Macrander', 'Herstelleradresse': 'Dingdener Straße 199, DE-46395 Bocholt', 'Kontaktmöglichkeit': 'info@gildehandwerk.de', 'Materialdetails': 'MDF (mitteldichte Holzfaserplatte)', 'Material': 'MDF', 'Höhe': '21.5 cm', 'Breite': '25 cm', 'Tiefe': '2.5 cm', 'Inhalt': '1 Stk.'}||||||||MDF (mitteldichte Holzfaserplatte)||||||0|0|3013406_1.png|https://static.mueller.de/pdzoom/4063387514092_1.webp|3013406_2.png|https://static.mueller.de/pdzoom/4063387514092_4.webp|3013406_3.png|https://static.mueller.de/pdzoom/4063387514092_3.webp||||||||||||||||||Gilde Handwerk Macrander||||||||||1 Stk.|||True||3013406P|||||||||10
3013407|mueller||||||||2024-10-28|Enchantimals Oneda Otter und Kelpie|ENCHANTIMALS||1|Stk.|Home|Spielwaren|Kuscheltiere & Puppen|Puppen|Anziehpuppen|Enchantimals Oneda Otter und Kelpie||9,99 €|9,99 €||||||||||||||EUR|Home> Spielwaren> Kuscheltiere & Puppen> Puppen> Anziehpuppen> Enchantimals Oneda Otter und Kelpie|https://www.mueller.at/p/enchantimals-oneda-otter-und-kelpie-IPN3013407/|1 Stk.|"Die Enchantimals Oneda Otter-Puppe ist für einen stilvollen Strandaufenthalt mit ihrem Otter-Tierfreund Kelpie bereit! Die Oneda-Puppe hat besonders lange Haare, die sich perfekt zum Stylen eignen. Kinder werden es lieben, die Oneda-Puppe und den Tierfreund Kelpie für einen Tag mit Freunden am Sunshine Beach herzurichten. Dieses Duo ist nicht nur immer zusammen, sondern sieht sich auch ähnlich! Die Haarreifen und Moden mit tropischem Motto, wie ein Rock zum Ausziehen, sorgen dafür, dass Kinder den ganzen Tag lang Abenteuer am Sunshine Beach erleben können! Abweichungen in Farbe und Gestaltung vorbehalten.
• Das sind die Oneda Otter-Puppe und ihr Tierfreund Kelpie: das niedlichste Freundschaftsduo!• Stilvoll auf zum Sunshine Beach mit 1 trendigen Puppe, die einen Badeanzug und einen ausziehbaren Rock trägt und von ihrem passenden Tierfreund begleitet wird!• Kinder werden es lieben, das lange und üppige Haar der Oneda-Puppe zu frisieren: Es ist so seidig glatt!• Oneda Otter und ihr Tierfreund Kelpie sind immer zusammen und sehen sich sogar ähnlich für doppelt so viel Spaß!• Ideal für Kinder ab 4 Jahren, insbesondere für alle, die gern mit ihren BBFs Haare stylen!"||||||||4 Jahre||||||||||||||Non-Organic||||"{'target_group': 'Kindergartenkinder|Grundschüler', 'manufacturer': 'Mattel GmbH', 'Artikelnummer des Herstellers': 'HXB98', 'license': '0', 'Altersempfehlung ab': '4 Jahre', 'Altersempfehlung bis': '99 Jahre', 'Spieldauer in Min.': '0', 'Inhalt': '1 Stk.', 'Spieleranzahl': '0', 'Produkttyp': 'Sonstige Spielpuppen', 'verschluckbare Magnete': 'Nein'}"||||||||||||||0|0|3013407_1.png|https://static.mueller.de/pdzoom/194735225514.webp|3013407_2.png|https://static.mueller.de/pdzoom/194735225514_2.webp|3013407_3.png|https://static.mueller.de/pdzoom/194735225514_4.webp|3013407_4.png|https://static.mueller.de/pdzoom/194735225514_3.webp|3013407_5.png|https://static.mueller.de/pdzoom/194735225514_5.webp|3013407_6.png|https://static.mueller.de/pdzoom/194735225514_6.webp||||||||||||Mattel GmbH||||||||||1 Stk.|||True||3013407P|||||||||10
3013408|mueller||||||||2024-10-28|Enchantimals SUNSHINE BEACH Persida Panther und Mistery|ENCHANTIMALS||1|Stk.|Home|Spielwaren|Kuscheltiere & Puppen|Puppen|Anziehpuppen|Enchantimals SUNSHINE BEACH Persida Panther und Mistery||15,99 €|15,99 €||||||||||||||EUR|Home> Spielwaren> Kuscheltiere & Puppen> Puppen> Anziehpuppen> Enchantimals SUNSHINE BEACH Persida Panther und Mistery|https://www.mueller.at/p/enchantimals-sunshine-beach-persida-panther-und-mistery-IPN3013408/|1 Stk.|"Das Enchantimals Panthermädchen Persida Panther freut sich auf einen stilvollen Tag am Strand mit ihrem Panther-Tierfreund Mistery! Die Persida-Puppe hat extrem langes und farbenfrohes Haar, das sich perfekt zum Stylen eignet. Kinder werden es lieben, die Persida-Puppe und den Tierfreund Mistery für einen Tag mit Freunden am Sunshine Beach zu frisieren. Das Set enthält eine Bürste, drei Haarspangen und eine Haarverlängerung für das ultimative Hairstyling-Abenteuer. Dieses Duo ist nicht nur immer zusammen, sondern sieht sich auch ähnlich! Die Haarreifen und Moden mit tropischem Motto, wie ein Rock zum Ausziehen, sorgen dafür, dass Kinder den ganzen Tag lang Abenteuer am Sunshine Beach erleben können! Abweichungen in Farbe und Gestaltung vorbehalten.

• Hier kommen die Persida Panther-Puppe und ihr Freund Mistery ein unzertrennliches Freundepaar mit Deluxe-Haar!
• Mit 1 Puppe, 1 Tierfreund, tropischer Mode und Styling-Accessoires ist ein stilvoller Auftritt am Sunshine Beach garantiert.
• Kinder werden es lieben, mit dem langen und üppigen Haar der Persida-Puppe zu spielen: Es ist so seidig glatt!
• Persida Panther und ihr Tierfreund Mistery sind immer zusammen und sehen sich sogar ähnlich für doppelt so viel Spaß!
• Ideal für Kinder ab 4 Jahren, insbesondere für alle, die gern mit ihren BBFs Haare stylen!"||||||||4 Jahre||||||||||||||Non-Organic||||"{'target_group': 'Kindergartenkinder|Grundschüler', 'manufacturer': 'Mattel GmbH', 'Artikelnummer des Herstellers': 'HTJ69', 'license': '0', 'Altersempfehlung ab': '4 Jahre', 'Altersempfehlung bis': '99 Jahre', 'Spieldauer in Min.': '0', 'Inhalt': '1 Stk.', 'Spieleranzahl': '0', 'Produkttyp': 'Sonstige Spielpuppen', 'verschluckbare Magnete': 'Nein'}"||||||||||||||0|0|3013408_1.png|https://static.mueller.de/pdzoom/HTJ69.webp|3013408_2.png|https://static.mueller.de/pdzoom/HTJ69_5.webp|3013408_3.png|https://static.mueller.de/pdzoom/HTJ69_4.webp|3013408_4.png|https://static.mueller.de/pdzoom/HTJ69_6.webp|3013408_5.png|https://static.mueller.de/pdzoom/HTJ69_2.webp|3013408_6.png|https://static.mueller.de/pdzoom/HTJ69_3.webp||||||||||||Mattel GmbH||||||||||1 Stk.|||True||3013408P|||||||||10
2458510|mueller||||||||2024-10-28|Freunde in Not|||1|Stk.|Home|Multi-Media|Musik|Hörspiele|Freunde in Not|||16,99 €|16,99 €||||||||||||||EUR|Home> Multi-Media> Musik> Hörspiele> Freunde in Not|https://www.mueller.at/p/freunde-in-not-2458510/|1 Stk.|||||||||||||||||||||||Non-Organic||||{'medium': 'CD', 'Künstler': 'Bibi & Tina', 'Inhalt': '1 Stk.', 'Anzahl Medien im Artikel': '3', 'genre': 'Hörspiel (Kinder)', 'Label': 'Kiddinx'}||||||||||||||0|0|2458510_1.png|https://static.mueller.de/pdzoom/phononet_4001504125981_pv_4001504125981-0600px-001.webp||||||||||||||||||||||||||||||||1 Stk.|||True||2458510P|||||||||5
2879761|mueller||||||||2024-10-28|Sterntaler - Spielbuch Elefant Eddy in Mittelgrün, zum Anbinden|STERNTALER||1|Stk.|Home|Spielwaren|Baby & Kleinkind|Babyspielzeug|Weiteres Spielzeug|Sterntaler - Spielbuch Elefant Eddy in Mittelgrün, zum Anbinden||17,99 €|17,99 €||||||||||||||EUR|Home> Spielwaren> Baby & Kleinkind> Babyspielzeug> Weiteres Spielzeug> Sterntaler - Spielbuch Elefant Eddy in Mittelgrün, zum Anbinden|https://www.mueller.at/p/sterntaler-spielbuch-elefant-eddy-in-mittelgruen-zum-anbinden-IPN2879761/|1 Stk.|"Stoff Spielbuch, innen bedruckt, Knisterpapier u. Quietsche, 8 Seiten
Größe (B x H x L in cm):
11,5x13x4
Altersempfehlung:
ab Geburt
Material:
60 % Baumwolle, 40 % Polyester
Babys erstes Spielbuch aus Stoff ist auf jeden Fall zu empfehlen. Liebevoll im Design, sorgfältig in der Verarbeitung und gut zu greifen für kleine Kinderhände. Die bunt bedruckten Innenseiten wecken die Neugierde des Nachwuchses und regen die Fantasie an. Mit Knisterpapier und integrierter Quietsche wird zudem für helle Freude und Spaß gesorgt. Das Spielbuch aus der Serie Elefant Eddy kann dein Kind fast überall hin begleiten und dank Bindebänder unterwegs nicht so leicht verloren gehen. Das Interesse an Büchern kann nicht früh genug geweckt werden und trägt zur Sprachförderung bei. Das Spielbuch ist ein unverzichtbarer Begleiter für die Entwicklung deines Kindes und ein niedliches Geschenk für schöne Gelegenheiten - als Mitbringsel zur Baby Shower Party, Geburt oder Taufe!"||||||||0 Monate||||||||||||||Non-Organic||||"{'target_group': 'Säuglinge|Kleinkinder', 'Artikelnummer des Herstellers': '3502211', 'Altersempfehlung ab': '0 Monate', 'Inhalt': '1 Stk.', 'Produkttyp': 'Sonstiges Spielzeug'}"||||||||||||||0|0|2879761_1.png|https://static.mueller.de/pdzoom/4066891033714.webp|2879761_2.png|https://static.mueller.de/pdzoom/4066891033714_4.webp|2879761_3.png|https://static.mueller.de/pdzoom/4066891033714_5.webp|2879761_4.png|https://static.mueller.de/pdzoom/4066891033714_3.webp|2879761_5.png|https://static.mueller.de/pdzoom/4066891033714_2.webp||||||||||||||3502211||||||||||1 Stk.|||False||2879761P|||||||||1
2879762|mueller||||||||2024-10-28|Sterntaler - Spielbuch Bär Ben in Helltürkis, zum Anbinden|STERNTALER||1|Stk.|Home|Spielwaren|Baby & Kleinkind|Babyspielzeug|Weiteres Spielzeug|Sterntaler - Spielbuch Bär Ben in Helltürkis, zum Anbinden||17,99 €|17,99 €||||||||||||||EUR|Home> Spielwaren> Baby & Kleinkind> Babyspielzeug> Weiteres Spielzeug> Sterntaler - Spielbuch Bär Ben in Helltürkis, zum Anbinden|https://www.mueller.at/p/sterntaler-spielbuch-baer-ben-in-helltuerkis-zum-anbinden-IPN2879762/|1 Stk.|"Spielbuch innen bedruckt, 8 Seiten, mit Quietsche und Knisterpapier
Größe (B x H x L in cm):
11,5 x 13 x 4 cm
Altersempfehlung:
ab Geburt
Material:
Softvelour: 100 % Polyester, Polycotton: 60 % Baumwolle, 40 % Polyester
Das weiche Spielbuch mit dem Motiv Bär Ben in Braun und Grün aus Polycotton ist besonders leicht für kleine Kinderhände zu greifen und die 8 extra dicken Seiten lassen sich leicht umblättern. Die süßen und farbenfrohen Motive regen die Sinne deines Babys an und ermutigen zum „Lesen“ und Entdecken. Dank der integrierten Quietsche und dem Knisterpapier ist das Spielbuch auch akustisch ein absolutes Highlight. Durch das praktische Befestigungsband lässt sich das Spielbuch schnell und einfach am Kinderwagen oder am Autositz festbinden und ist somit auch der perfekte Begleiter für unterwegs."||||||||0 Monate||||||||||||||Non-Organic||||"{'target_group': 'Säuglinge|Kleinkinder', 'Artikelnummer des Herstellers': '3502002', 'Altersempfehlung ab': '0 Monate', 'Inhalt': '1 Stk.', 'Produkttyp': 'Sonstiges Spielzeug'}"||||||||||||||0|0|2879762_1.png|https://static.mueller.de/pdzoom/4004701141846.webp|2879762_2.png|https://static.mueller.de/pdzoom/4004701141846_3.webp|2879762_3.png|https://static.mueller.de/pdzoom/4004701141846_4.webp|2879762_4.png|https://static.mueller.de/pdzoom/4004701141846_2.webp|2879762_5.png|https://static.mueller.de/pdzoom/4004701141846_5.webp|2879762_6.png|https://static.mueller.de/pdzoom/4004701141846_6.webp||||||||||||3502002||||||||||1 Stk.|||True||2879762P|||||||||10
2879764|mueller||||||||2024-10-28|Skin Active Mizellen Gesichtswasser PHA/AHA Peeling|GARNIER||400|ml|Home|Drogerie|Pflege|Gesichtspflege|Reinigung|Gesichtsreiniger|Skin Active Mizellen Gesichtswasser PHA/AHA Peeling|5,95 €|5,95 €|5,95 €|4,95 €||||17%|Sie sparen 17%||||12,38 € / 1 l|||EUR|Home> Drogerie> Pflege> Gesichtspflege> Reinigung> Gesichtsreiniger> Skin Active Mizellen Gesichtswasser PHA/AHA Peeling|https://www.mueller.at/p/skin-active-mizellen-gesichtswasser-pha-aha-peeling-IPN2879764/|400 ml|Das SkinActive Sanftes Mizellen Peelingwasser von Garnier reinigt die Haut sanft und entfernt Make-up sowie Hautschüppchen in nur einer Anwendung. Dadurch wirkt die Haut sofort weicher und ebenmäßiger. In der Reinigung für Gesicht, Lippen und Augen sind 1% PHA und Glykolsäure sowie Mizellen enthalten. Mizellen ziehen als sanfte Reinigungsstoffe Make-up und Unreinheiten wie ein Magnet an, während PHA und Glykolsäure für ihre Peelingfunktion bekannt sind und zur Hauterneuerung beitragen. Das Gesichtswasser hinterlässt keine sichtbaren Rückstände. Dank hoher Verträglichkeit kann es von allen Hauttypen, auch bei empfindlicher Haut, verwendet werden. Mit dem Gesichtswasser wird die Haut schonend gereinigt, Make-up effektiv entfernt und abgestorbene Hautschüppchen abgetragen – wie ein PeelingDas Mizellen Peelingwasser eignet sich für Gesicht, Lippen und Augen und hinterlässt keine sichtbaren RückständeDie Formel mit Mizellen und 1% PHA sowie Glykolsäure hält die Funktion der Hautschutzbarriere aufrechtMizellen sind sanfte Reinigungsstoffe, die Make-up und Unreinheiten wie ein Magnet anziehenPHA und Glykolsäure sind für ihre Peelingfunktion bekannt: Unterstützen die Abtragung von Hautschüppchen und tragen zur Hauterneuerung bei||Kühl und trocken lagern.||||||||||||||||||||Non-Organic||||"{'Lagerhinweis': 'Kühl und trocken lagern.', 'target_group': 'Damen', 'manufacturer': ""L'Oréal Deutschland GmbH"", 'Herstelleradresse': 'TSA 75000 93684 ST OUEN CEDEX FR', 'Kontaktmöglichkeit': '0211 544 77191', 'Anwendungshinweis': 'Eine kleine Menge des SkinActive Sanftes Mizellen Peelingwasser auf ein Wattepad oder einen Wattebausch geben und damit sanft über Gesicht, Augen und Lippen fahren, bis keinerlei Rückstände mehr vorhanden sind. Sowohl Reiben als auch Abwaschen sind dabei nicht notwendig. Das Gesichtswasser kann morgens und abends verwendet werden.', 'package_contents': 'AQUA / WATER • HEXYLENE GLYCOL • GLUCONOLACTONE • GLYCERIN • ANANAS SATIVUS FRUIT EXTRACT / PINEAPPLE FRUIT EXTRACT • PAPAIN • GLYCOLIC ACID • PPG-26-BUTETH-26 • PEG-32 • PEG-40 HYDROGENATED CASTOR OIL • SODIUM CHLORIDE • SODIUM HYDROXIDE • COCO-BETAINE • POLOXAMER 184 • DISODIUM EDTA • PROPANEDIOL • POLYSORBATE 20 • MYRTRIMONIUM BROMIDE • PARFUM / FRAGRANCE (F.I.L. Z70014210/1).', 'skin_type': 'trockene Haut|unreine Haut|reife Haut|normale Haut|ölige Haut|sensible Haut', 'product_property': 'reinigend', 'Inhalt': '400 ml', 'scope_of_application': 'Reinigung', 'Batterien erforderlich': 'Nein', 'Produkttyp': 'Gesichtswasser'}"||||||||||||||4.6286|105|2879764_1.png|https://static.mueller.de/markant_03600542522274_pv_3652606/pdzoom/skin-active-mizellen-gesichtswasser-pha-aha-peeling.webp|2879764_2.png|https://static.mueller.de/markant_03600542522274_pr_3617113/pdzoom/skin-active-mizellen-gesichtswasser-pha-aha-peeling.webp|2879764_3.png|https://static.mueller.de/markant_03600542522274_pd_3617029/pdzoom/skin-active-mizellen-gesichtswasser-pha-aha-peeling.webp|2879764_4.png|https://static.mueller.de/markant_03600542522274_pd_3699339/pdzoom/skin-active-mizellen-gesichtswasser-pha-aha-peeling.webp|2879764_5.png|https://static.mueller.de/markant_03600542522274_pd_3617026/pdzoom/skin-active-mizellen-gesichtswasser-pha-aha-peeling.webp|2879764_6.png|https://static.mueller.de/markant_03600542522274_pd_3617036/pdzoom/skin-active-mizellen-gesichtswasser-pha-aha-peeling.webp||||||||||||L'Oréal Deutschland GmbH||||||||||400 ml|AQUA / WATER • HEXYLENE GLYCOL • GLUCONOLACTONE • GLYCERIN • ANANAS SATIVUS FRUIT EXTRACT / PINEAPPLE FRUIT EXTRACT • PAPAIN • GLYCOLIC ACID • PPG-26-BUTETH-26 • PEG-32 • PEG-40 HYDROGENATED CASTOR OIL • SODIUM CHLORIDE • SODIUM HYDROXIDE • COCO-BETAINE • POLOXAMER 184 • DISODIUM EDTA • PROPANEDIOL • POLYSORBATE 20 • MYRTRIMONIUM BROMIDE • PARFUM / FRAGRANCE (F.I.L. Z70014210/1).||True||2879764P|||||||||10
153696|mueller||||||||2024-10-28|New Bright - R/C Trucks 1:24, 1 Stück, sortiert|NEW BRIGHT||1|Stk.|Home|Spielwaren|Verkehr & Action|Fahr- & Flugzeuge|RC Fahrzeuge|New Bright - R/C Trucks 1:24, 1 Stück, sortiert||19,99 €|19,99 €||||||||||||||EUR|Home> Spielwaren> Verkehr & Action> Fahr- & Flugzeuge> RC Fahrzeuge> New Bright - R/C Trucks 1:24, 1 Stück, sortiert|https://www.mueller.at/p/new-bright-r-c-trucks-1-24-1-stueck-sortiert-153696/|1 Stk.|"Voll funktionsfähiger RC-Truck im Maßstab 1:24. Mach dich auf den Weg und beeindrucke deine Freunde!
Voll funktionsfähige Funksteuerung
Vorwärts- und Rückwärtsfahren
Links- / Rechtslenkung
benötigte Batterieen:
(3) ""AA"" für Fahrzeug
(2) ""AA"" für die Funkfernbedienung"||||||||3 Jahre||||||||||||||Non-Organic||||"{'particularities': 'Achtung: Diesen Artikel gibt es in verschiedenen Ausführungen. Sie erhalten nur 1 Artikel (zufällige Auswahl im Lager). Eine Vorauswahl ist nicht möglich.', 'target_group': 'Grundschüler|Kindergartenkinder', 'Kontaktmöglichkeit': 'New Bright Industrial Co., Ltd.', 'Artikelnummer des Herstellers': '2424', 'Altersempfehlung ab': '3 Jahre', 'Batterie-Typ': 'Al/Mn', 'Inhalt': '1 Stk.', 'Maßstab': 'ca. 1:24', 'Produkttyp': 'RC Fahrzeuge'}"||||||||||||||5.0|1|153696_1.png|https://static.mueller.de/284127767-PV-0/pdzoom/new-bright-r-c-trucks-1-24-1-stueck-sortiert.webp|153696_2.png|https://static.mueller.de/284127767-PB-1/pdzoom/new-bright-r-c-trucks-1-24-1-stueck-sortiert.webp|153696_3.png|https://static.mueller.de/284127767-PB-2/pdzoom/new-bright-r-c-trucks-1-24-1-stueck-sortiert.webp||||||||||||||||||2424||||||||||1 Stk.|||True||153696P|||||||||10
403215|mueller||||||||2024-10-28|MICRO CELL Color & Repair Sandy Beach|MICRO CELL||10|ml|Home|Parfümerie|Pflege|Hand- & Fußpflege|Nagelpflege|MICRO CELL Color & Repair Sandy Beach||12,45 €|12,45 €|||||||||||1 245,00 € / 1 l|||EUR|Home> Parfümerie> Pflege> Hand- & Fußpflege> Nagelpflege> MICRO CELL Color & Repair Sandy Beach|https://www.mueller.at/p/micro-cell-color-repair-sandy-beach-403215/|10 ml|"Micro Cell 2000 Colour Repair ist mehr als nur ein Nagellack. 

Mit dieser einzigartigen Nail Beautylösung ist es dem erfahrenen Micro Cell Expertenteam erstmals gelungen, eine Kombination aus Nagel Make-Up und Nagelfestigung zu entwickeln, die sechs grundlegende Wirkeigenschaften einer optimalen Nagelverschönerung in sich vereint. 

Mit dem Prinzip Colour und Repair stellt Micro Cell 2000 die Weichen für eine unschlagbare Nagellackgeneration, die nicht nur zur verschönerung der Nägel beiträgt, sondern auch die Stabilität und das gesunde Wachstum der Nägel fördert. 

Die innovative Wirkweise dieses schnell trocknenden Long-Lasting-Hochglanzlackes basiert auf einer besonders hochwertigen Nagellackrezeptur, die zusätzlich mit dem bewährten Micro Cell Repair-Komplex sowie mit Silicium, Calcium, Grünalge und einem speziellen Diamant-Glossy angereichert wurde."||||||||||||||||||||||Non-Organic||||"{'target_group': 'Damen', 'manufacturer': 'Parico GmbH Import + Vertrieb', 'Herstelleradresse': 'Thüringerstraße 21, 46286 Dorsten-Wulfen', 'Anwendungshinweis': 'Gleichmäßig auf den Nagel auftragen.', 'package_contents': 'BUTYL ACETATE, ETHYL ACETATE, NITROCELLULOSE, ADIPIC ACID/NEOPENTYL GLYCOL/TRIMELLITIC ANHYDRIDE COPOLYMER, ACETYL TRIBUTYL CITRATE, ISOPROPYL ALCOHOL, STEARALKONIUM BENTONITE, N-BUTYL ALCOHOL, ACRYLATES COPOLYMER, STYRENE/ACRYLATES COPOLYMER, BENZOPHENONE-1, SILICA, TRIMETHYLPENTANEDIYL DIBENZOATE, POLYVINYL BUTYRAL, ALUMINA, MICA, ALGAE EXTRACT, HEXANAL, MANNITOL, DIMETHYL OXOBENZO DIOXASILANE, DIATOMACEOUS EARTH, TIN OXIDE, CALCIUM PANTOTHENATE, ZINC SULFATE, CI 77891 (TITANIUM DIOXIDE), CI 77491 (RED IRON OXIDE), CI 77499 (BLACK IRON OXIDE), CI 19140 (YELLOW 5 LAKE).', 'product_property': 'aufbauend|festigend|stärkend', 'Inhalt': '10 ml', 'scope_of_application': 'Nagelpflege', 'Produkttyp': 'Pflegelack'}"||||||||||||||0|0|403215_1.png|https://static.mueller.de/5401103845-PV-0/pdzoom/micro-cell-color-repair-sandy-beach.webp||||||||||||||||||||||Parico GmbH Import + Vertrieb||||||||||10 ml|BUTYL ACETATE, ETHYL ACETATE, NITROCELLULOSE, ADIPIC ACID/NEOPENTYL GLYCOL/TRIMELLITIC ANHYDRIDE COPOLYMER, ACETYL TRIBUTYL CITRATE, ISOPROPYL ALCOHOL, STEARALKONIUM BENTONITE, N-BUTYL ALCOHOL, ACRYLATES COPOLYMER, STYRENE/ACRYLATES COPOLYMER, BENZOPHENONE-1, SILICA, TRIMETHYLPENTANEDIYL DIBENZOATE, POLYVINYL BUTYRAL, ALUMINA, MICA, ALGAE EXTRACT, HEXANAL, MANNITOL, DIMETHYL OXOBENZO DIOXASILANE, DIATOMACEOUS EARTH, TIN OXIDE, CALCIUM PANTOTHENATE, ZINC SULFATE, CI 77891 (TITANIUM DIOXIDE), CI 77491 (RED IRON OXIDE), CI 77499 (BLACK IRON OXIDE), CI 19140 (YELLOW 5 LAKE).||True||403215P|||||||||10
61346|mueller||||||||2024-10-28|Symphonica|||1|Stk.|Home|Multi-Media|Musik|Pop|Symphonica|||7,99 €|7,99 €||||||||||||||EUR|Home> Multi-Media> Musik> Pop> Symphonica|https://www.mueller.at/p/symphonica-61346/|1 Stk.|||||||||||||||||||||||Non-Organic||||{'medium': 'CD', 'Künstler': 'Michael,George', 'Inhalt': '1 Stk.', 'Anzahl Medien im Artikel': '1', 'genre': 'Pop international', 'Label': 'EMI'}||||||||||||||0|0|61346_1.png|https://static.mueller.de/pdzoom/phononet_0602537699322_pv_0602537699322-0600px-001.webp||||||||||||||||||||||||||||||||1 Stk.|||True||61346P|||||||||5
3013411|mueller||||||||2024-10-28|Enchantimals Rosa Tiger|ENCHANTIMALS||1|Stk.|Home|Spielwaren|Kuscheltiere & Puppen|Puppen|Anziehpuppen|Enchantimals Rosa Tiger||9,99 €|9,99 €||||||||||||||EUR|Home> Spielwaren> Kuscheltiere & Puppen> Puppen> Anziehpuppen> Enchantimals Rosa Tiger|https://www.mueller.at/p/enchantimals-rosa-tiger-IPN3013411/|1 Stk.|"Das Enchantimals-Tigermädchen Texie Tiger ist für einen stilvollen Strandaufenthalt mit ihrem Tiger-Tierfreund Sabre bereit! Die Texie-Puppe hat extrem langes und farbenfrohes Haar, das sich perfekt zum Stylen eignet. Kinder werden es lieben, die Texie-Puppe und den Tierfreund Sabre für einen Tag mit Freunden am Sunshine Beach herzurichten. Dieses Duo ist nicht nur immer zusammen, sondern sieht sich auch ähnlich! Die Haarreifen und Moden mit tropischem Motto, wie ein Rock zum Ausziehen, sorgen dafür, dass Kinder den ganzen Tag lang Abenteuer am Sunshine Beach erleben können! Abweichungen in Farbe und Gestaltung vorbehalten.
• Das sind die Texie Tigerpuppe und Freund Sabre ein unzertrennliches Freundeduo!• Stilvoll auf zum Sunshine Beach mit 1 trendigen Puppe, die einen Badeanzug und einen abnehmbaren Rock trägt und von ihrem passenden Tierfreund begleitet wird!• Kinder werden es lieben, das lange und üppige Haar der Texie-Puppe zu frisieren: Es ist so seidig glatt!• Texie Tiger und ihr Tierfreund Sabre sind immer zusammen und sehen sich sogar ähnlich für doppelt so viel Spaß!• Ideal für Kinder ab 4 Jahren, insbesondere für alle, die gern mit ihren BBFs Haare stylen!"||||||||4 Jahre||||||||||||||Non-Organic||||"{'target_group': 'Kindergartenkinder|Grundschüler', 'manufacturer': 'Mattel GmbH', 'Artikelnummer des Herstellers': 'HXB97', 'license': '0', 'Altersempfehlung ab': '4 Jahre', 'Altersempfehlung bis': '99 Jahre', 'Spieldauer in Min.': '0', 'Inhalt': '1 Stk.', 'Spieleranzahl': '0', 'Produkttyp': 'Sonstige Spielpuppen', 'verschluckbare Magnete': 'Nein'}"||||||||||||||0|0|3013411_1.png|https://static.mueller.de/pdzoom/194735225521.webp|3013411_2.png|https://static.mueller.de/pdzoom/194735225521_6.webp|3013411_3.png|https://static.mueller.de/pdzoom/194735225521_5.webp|3013411_4.png|https://static.mueller.de/pdzoom/194735225521_2.webp|3013411_5.png|https://static.mueller.de/pdzoom/194735225521_4.webp|3013411_6.png|https://static.mueller.de/pdzoom/194735225521_3.webp||||||||||||Mattel GmbH||||||||||1 Stk.|||True||3013411P|||||||||10
3013413|mueller||||||||2024-10-28|MAKE UP FACTORY Pore Minimizing Primer|MAKE UP FACTORY||20|ml|Home|Parfümerie|Make-up|Teint|Grundierung|MAKE UP FACTORY Pore Minimizing Primer||19,95 €|19,95 €|||||||||||997,50 € / 1 l|||EUR|Home> Parfümerie> Make-up> Teint> Grundierung> MAKE UP FACTORY Pore Minimizing Primer|https://www.mueller.at/p/make-up-factory-pore-minimizing-primer-IPN3013413/|20 ml|Mit dem Pore Minimizing Primer wird das Porenbild sofort sichtbar verfeinert. Er ebnet und mattiert das Hautbild und sorgt für ein langanhaltendes, makelloses Make up. Die seidenglatte Textur lässt sich einfach auftragen, zieht sofort ein und hinterlässt ein unsichtbares Finish! Der Primer kann sowohl alleine als unter bzw. über dem Make up aufgetragen werden.||||||||||||||||||||||Non-Organic||||"{'Effekt': 'mattierend|abdeckend|Glättung', 'consistency': 'Fluid', 'target_group': 'Herren|Unisex|Damen', 'manufacturer': 'ICB innovative cosmetic brands GmbH', 'Herstelleradresse': 'Gaußstr. 13, DE-85757 Karlsfeld', 'Kontaktmöglichkeit': 'produktdaten@artdeco.com', 'Anwendungshinweis': 'Dünn nach der Tagespflege auf die gereinigte Haut geben und mit den Fingerspitzen sanft verteilen. Anschließend wie gewohnt das Make up aufgetragen.', 'package_contents': 'AQUA (WATER), PROPANEDIOL, DISTARCH PHOSPHATE, GLYCERIN, CELLULOSE, SODIUM CARBOMER, 1,2-HEXANEDIOL, ROSA CENTIFOLIA FLOWER WATER, SODIUM POLYACRYLATE STARCH, HYDROXYACETOPHENONE, SODIUM BENZOATE, SODIUM HYDROXIDE, MALTODEXTRIN, ACRYLATES/C10-30 ALKYL ACRYLATE CROSSPOLYMER, BIXA ORELLANA SEED EXTRACT, TETRASODIUM GLUTAMATE DIACETATE, CYDONIA OBLONGA (QUINCE) LEAF EXTRACT, CITRIC ACID, SILICA, POTASSIUM SORBATE', 'Deckkraft': 'leicht', 'skin_type': 'alle Hauttypen', 'Inhalt': '20 ml', 'scope_of_application': 'Gesicht|Wangen', 'Produktart': 'Grundierung', 'Produkttyp': 'Primer'}"||||||||||||||0|0|3013413_1.png|https://static.mueller.de/pdzoom/4045915922661.webp|3013413_2.png|https://static.mueller.de/pdzoom/4045915922661_5.webp||||||||||||||||||||ICB innovative cosmetic brands GmbH||||||||||20 ml|AQUA (WATER), PROPANEDIOL, DISTARCH PHOSPHATE, GLYCERIN, CELLULOSE, SODIUM CARBOMER, 1,2-HEXANEDIOL, ROSA CENTIFOLIA FLOWER WATER, SODIUM POLYACRYLATE STARCH, HYDROXYACETOPHENONE, SODIUM BENZOATE, SODIUM HYDROXIDE, MALTODEXTRIN, ACRYLATES/C10-30 ALKYL ACRYLATE CROSSPOLYMER, BIXA ORELLANA SEED EXTRACT, TETRASODIUM GLUTAMATE DIACETATE, CYDONIA OBLONGA (QUINCE) LEAF EXTRACT, CITRIC ACID, SILICA, POTASSIUM SORBATE||True||3013413P|||||||||1
2879778|mueller||||||||2024-10-28|Eichhorn-Bahn - Eichhorn - Bahnset mit Brücke|EICHHORN||1|Stk.|Home|Spielwaren|Baby & Kleinkind|Kleinkindspielzeug|Eichhorn-Bahn - Eichhorn - Bahnset mit Brücke|||64,99 €|64,99 €||||||||||||||EUR|Home> Spielwaren> Baby & Kleinkind> Kleinkindspielzeug> Eichhorn-Bahn - Eichhorn - Bahnset mit Brücke|https://www.mueller.at/p/eichhorn-bahn-eichhorn-bahnset-mit-bruecke-IPN2879778/|1 Stk.|"Schienenbahn, Kurven, Gerade, Weichen, Brücke, Zug 5-tlg., 55-tlg., Streckenlänge: 500cm, Buchenholz, BSK, 3J+ 
Eichhorn Bahn, Bahnset mit Brücke, 55-tlg.: Das Eichhorn ""Bahnset mit Brücke"" hat eine Gesamtlänge von 500cm. Im Set sind Schienen, Bergschienen, Weichen, Schilder, Bäume, Häuser, ein Auto, ein Übergang und ein 5-teiliger Zug enthalten. Für die Herstellung der Eichhorn Schienenbahn wird ausschließlich Holz aus nachhaltiger Forstwirtschaft verwendet. Sie ist mit fast allen Schienenbahnen kombinierbar. Für Kinder ab 3 Jahren geeignet."||||||||3 Monate||||||||||||||Non-Organic||||{'target_group': 'Kindergartenkinder', 'Artikelnummer des Herstellers': '100006204', 'Altersempfehlung ab': '3 Monate', 'Inhalt': '1 Stk.', 'Produkttyp': 'Kindergarten'}||||||||||||||0|0|2879778_1.png|https://static.mueller.de/pdzoom/4003046009248.webp|2879778_2.png|https://static.mueller.de/pdzoom/4003046009248_6.webp|2879778_3.png|https://static.mueller.de/pdzoom/4003046009248_5.webp|2879778_4.png|https://static.mueller.de/pdzoom/4003046009248_4.webp|2879778_5.png|https://static.mueller.de/pdzoom/4003046009248_3.webp|2879778_6.png|https://static.mueller.de/pdzoom/4003046009248_2.webp||||||||||||100006204||||||||||1 Stk.|||True||2879778P|||||||||10
3013414|mueller||||||||2024-10-28|Enchantimals Schildkröte|ENCHANTIMALS||1|Stk.|Home|Spielwaren|Kuscheltiere & Puppen|Puppen|Anziehpuppen|Enchantimals Schildkröte||9,99 €|9,99 €||||||||||||||EUR|Home> Spielwaren> Kuscheltiere & Puppen> Puppen> Anziehpuppen> Enchantimals Schildkröte|https://www.mueller.at/p/enchantimals-schildkroete-IPN3013414/|1 Stk.|"Die Enchantimals-Schildkrötenmädchenpuppe Tolene Turtle ist für einen stilvollen Strandaufenthalt mit ihrem Schildkröten-Tierfreund Holder bereit! Die Tolene-Puppe hat extrem langes und farbenfrohes Haar, das sich perfekt zum Stylen eignet. Kinder werden es lieben, die Tolene-Puppe und den Tierfreund Holder für einen Tag mit Freunden am Sunshine Beach herzurichten. Dieses Duo ist nicht nur immer zusammen, sondern sieht sich auch ähnlich! Die Haarreifen und Moden mit tropischem Motto, wie ein Rock zum Ausziehen, sorgen dafür, dass Kinder den ganzen Tag lang Abenteuer am Sunshine Beach erleben können! Abweichungen in Farbe und Gestaltung vorbehalten.
• Das sind die Tolene Turtle-Puppe und Freund Holder ein unzertrennliches Freundeduo!• Stilvoll auf zum Sunshine Beach mit 1 trendigen Puppe, die einen Badeanzug und einen abnehmbaren Rock trägt und von ihrem passenden Tierfreund begleitet wird!• Kinder werden es lieben, das lange und üppige Haar der Tolene-Puppe zu frisieren: Es ist so farbenfroh und seidig glatt!• Tolene Turtle und ihr Tierfreund Holder sind immer zusammen und sehen sich sogar ähnlich für doppelt so viel Spaß!• Ideal für Kinder ab 4 Jahren, insbesondere für alle, die gern mit ihren BBFs Haare stylen!
 "||||||||4 Jahre||||||||||||||Non-Organic||||"{'target_group': 'Kindergartenkinder|Grundschüler', 'manufacturer': 'Mattel GmbH', 'Artikelnummer des Herstellers': 'HXB96', 'license': '0', 'Altersempfehlung ab': '4 Jahre', 'Altersempfehlung bis': '99 Jahre', 'Spieldauer in Min.': '0', 'Inhalt': '1 Stk.', 'Spieleranzahl': '0', 'Produkttyp': 'Sonstige Spielpuppen', 'verschluckbare Magnete': 'Nein'}"||||||||||||||0|0|3013414_1.png|https://static.mueller.de/pdzoom/194735225507.webp|3013414_2.png|https://static.mueller.de/pdzoom/194735225507_2.webp|3013414_3.png|https://static.mueller.de/pdzoom/194735225507_4.webp|3013414_4.png|https://static.mueller.de/pdzoom/194735225507_5.webp|3013414_5.png|https://static.mueller.de/pdzoom/194735225507_3.webp|3013414_6.png|https://static.mueller.de/pdzoom/194735225507_6.webp||||||||||||Mattel GmbH||||||||||1 Stk.|||True||3013414P|||||||||10
2879779|mueller||||||||2024-10-28|Polkaklang ein Leben lang!|||1|Stk.|Home|Multi-Media|Musik|Volksmusik|Polkaklang ein Leben lang!|||19,90 €|19,90 €|19,90 €|16,99 €||||15%|Sie sparen 15%|||||||EUR|Home> Multi-Media> Musik> Volksmusik> Polkaklang ein Leben lang!|https://www.mueller.at/p/polkaklang-ein-leben-lang-IPN2879779/|1 Stk.|||||||||||||||||||||||Non-Organic||||{'medium': 'CD', 'Künstler': 'Avsenik,Saso & seine Oberkrainer', 'Inhalt': '1 Stk.', 'Anzahl Medien im Artikel': '1', 'genre': 'Volkstümliche Musik', 'Label': 'MCP Sound'}||||||||||||||0|0|2879779_1.png|https://static.mueller.de/pdzoom/phononet_9002986714460_pv_9002986714460-0600px-001.webp|2879779_2.png|https://static.mueller.de/pdzoom/phononet_9002986714460_pr_9002986714460-0600px-002.webp||||||||||||||||||||||||||||||1 Stk.|||True||2879779P|||||||||5
3013415|mueller||||||||2024-10-28|Barbie Mysteries: Das geheimnisvolle Pferdeabenteuer“ interaktives Spielzeugpferd mit Geräuschen, Musik und Zubehör|MATTEL||1|Stk.|Home|Spielwaren|Kuscheltiere & Puppen|Puppen|Anziehpuppen|Barbie Mysteries: Das geheimnisvolle Pferdeabenteuer“ interaktives Spielzeugpferd mit Geräuschen, Musik und Zubehör||49,99 €|49,99 €|49,99 €|39,99 €||||20%|Sie sparen 20%|||||||EUR|Home> Spielwaren> Kuscheltiere & Puppen> Puppen> Anziehpuppen> Barbie Mysteries: Das geheimnisvolle Pferdeabenteuer“ interaktives Spielzeugpferd mit Geräuschen, Musik und Zubehör|https://www.mueller.at/p/barbie-mysteries-das-geheimnisvolle-pferdeabenteuer-interaktives-spielzeugpferd-mit-geraeuschen-musik-und-zubehoer-IPN3013415/|1 Stk.|Tornado galoppiert aus der Netflix-Serie Barbie Mysteries: Das geheimnisvolle Pferdeabenteuer“ als interaktives Spielzeugpferd mit über 20 Geräuschen und vielen Spielmöglichkeiten von der Pflege über die Darbietung bis hin zum Frisieren ins Spiel. Dieses Barbie-Pferd tanzt, blinzelt mit den Augen, spielt von der Show inspirierte Lieder und macht lustige Geräusche wie Wiehern, Kauen, Galoppieren und mehr. Zubehörteile wie eine Trophäe, Futter, eine Bürste und ein Futterbehälter lassen der Fantasie mit Barbie und ihrem neuen Pferdefreund Tornado freien Lauf! Abweichungen in Farbe und Gestaltung vorbehalten.||||||||36 Monate||||||||||||||Non-Organic||||"{'target_group': 'Kindergartenkinder|Grundschüler', 'manufacturer': 'Mattel GmbH', 'Artikelnummer des Herstellers': 'HXJ42', 'license': '0', 'Altersempfehlung ab': '36 Monate', 'Altersempfehlung bis': '99 Jahre', 'Spieldauer in Min.': '0', 'Inhalt': '1 Stk.', 'Spieleranzahl': '0', 'Produkttyp': 'Ankleidepuppen', 'verschluckbare Magnete': 'Nein'}"||||||||||||||0|0|3013415_1.png|https://static.mueller.de/pdzoom/HXJ42.webp|3013415_2.png|https://static.mueller.de/pdzoom/HXJ42_5.webp|3013415_3.png|https://static.mueller.de/pdzoom/HXJ42_4.webp|3013415_4.png|https://static.mueller.de/pdzoom/HXJ42_3.webp|3013415_5.png|https://static.mueller.de/pdzoom/HXJ42_2.webp|3013415_6.png|https://static.mueller.de/pdzoom/HXJ42_6.webp||||||||||||Mattel GmbH||||||||||1 Stk.|||True||3013415P|||||||||10
3013417|mueller||||||||2024-10-28|Ken & Barbie Fashionista Puppe 2PK - 65th Anniversary|MATTEL||1|Stk.|Home|Spielwaren|Kuscheltiere & Puppen|Puppen|Anziehpuppen|Ken & Barbie Fashionista Puppe 2PK - 65th Anniversary||34,99 €|34,99 €|34,99 €|27,99 €||||20%|Sie sparen 20%|||||||EUR|Home> Spielwaren> Kuscheltiere & Puppen> Puppen> Anziehpuppen> Ken & Barbie Fashionista Puppe 2PK - 65th Anniversary|https://www.mueller.at/p/ken-barbie-fashionista-puppe-2pk-65th-anniversary-IPN3013417/|1 Stk.|65 Jahre legendäre Mode und unverkennbarer Stil anlässlich dieses Jubiläums feiern die Barbie und Ken Fashionistas Puppen weiterhin die Diversität und bieten unendlich viele Möglichkeiten zum Erfinden toller Geschichten und cooler Outfits. In ihrem Look, der von den legendären Rollschuh-Outfits der Puppen aus den 80er Jahren inspiriert ist, regen Barbie und Ken die Fantasie an und sind bereit, auf ihren Rollerskates gemeinsam die Stadt unsicher zu machen. Der abgestimmte Streifenlook und sechs Zubehörteile sorgen für noch mehr Spaß beim Stylen und Geschichtenerzählen! Sammler und Kinder werden dieses klassische Set mit modernem Touch lieben! Die Puppen können nicht von allein stehen oder Rollschuh laufen. Abweichungen in Farbe und Gestaltung vorbehalten.||||||||36 Monate||||||||||||||Non-Organic||||"{'target_group': 'Kindergartenkinder|Grundschüler', 'manufacturer': 'Mattel GmbH', 'Artikelnummer des Herstellers': 'HXK90', 'license': '0', 'Altersempfehlung ab': '36 Monate', 'Altersempfehlung bis': '99 Jahre', 'Spieldauer in Min.': '0', 'Inhalt': '1 Stk.', 'Spieleranzahl': '0', 'Produkttyp': 'Ankleidepuppen', 'verschluckbare Magnete': 'Nein'}"||||||||||||||0|0|3013417_1.png|https://static.mueller.de/pdzoom/194735232437.webp|3013417_2.png|https://static.mueller.de/pdzoom/194735232437_5.webp|3013417_3.png|https://static.mueller.de/pdzoom/194735232437_4.webp|3013417_4.png|https://static.mueller.de/pdzoom/194735232437_3.webp|3013417_5.png|https://static.mueller.de/pdzoom/194735232437_6.webp|3013417_6.png|https://static.mueller.de/pdzoom/194735232437_2.webp||||||||||||Mattel GmbH||||||||||1 Stk.|||True||3013417P|||||||||10
114056|mueller||||||||2024-10-28|Greatest Hits...So Far!!!|||1|Stk.|Home|Multi-Media|Musik|Pop|Greatest Hits...So Far!!!|||7,99 €|7,99 €||||||||||||||EUR|Home> Multi-Media> Musik> Pop> Greatest Hits...So Far!!!|https://www.mueller.at/p/greatest-hits-so-far-114056/|1 Stk.|||||||||||||||||||||||Non-Organic||||{'medium': 'CD', 'Künstler': 'P!nk', 'Inhalt': '1 Stk.', 'Anzahl Medien im Artikel': '1', 'genre': 'Pop international', 'Label': 'SONY MUSIC'}||||||||||||||0|0|114056_1.png|https://static.mueller.de/pdzoom/phononet_0888430172722_pv_0888430172722-0600px-001.webp|114056_2.png|https://static.mueller.de/pdzoom/phononet_0888430172722_pr_0888430172722-0600px-002.webp|114056_3.png|https://static.mueller.de/212892694-PR-1/pdzoom/greatest-hits-so-far.webp||||||||||||||||||||||||||||1 Stk.|||True||114056P|||||||||5
3013419|mueller||||||||2024-10-28|Barbie Mini BarbieLand Color Reveal Puppen Serie 1|BARBIE||1|Stk.|Home|Spielwaren|Kuscheltiere & Puppen|Puppen|Anziehpuppen|Barbie Mini BarbieLand Color Reveal Puppen Serie 1||4,99 €|4,99 €|4,99 €|3,99 €||||20%|Sie sparen 20%|||||||EUR|Home> Spielwaren> Kuscheltiere & Puppen> Puppen> Anziehpuppen> Barbie Mini BarbieLand Color Reveal Puppen Serie 1|https://www.mueller.at/p/barbie-mini-barbieland-color-reveal-puppen-serie-1-IPN3013419/|1 Stk.|Willkommen in der Welt der Barbie-Puppe im Mini BarbieLand ein Ort für große Vorstellungskraft und Träume im Miniformat! Mit den BarbieLand Color-Reveal-Minipuppen können sich Kinder beim Auspacken über eine tolle Überraschung freuen. In der kleinen Röhre ist eine Minipuppe mit einer bunten Beschichtung versteckt, die mit Wasser ihren Look preisgibt einfach der Anleitung folgen! Welche Puppe wird es sein? Jede der ca. 4 cm großen Figuren kann in der Taille gebeugt werden und steht auf einer herzförmigen Basis, die genau zu den Mini-BarbieLand-Spielsets passt (separat erhältlich). Die Puppe kann auch in der Miniröhre aufbewahrt werden. Fans ab 4 Jahren werden es nicht erwarten können, all diese niedlichen Puppen zu sammeln, um ihre eigene Miniwelt aufzubauen! Alle Artikel separat erhältlich. Abweichungen in Farbe und Gestaltung vorbehalten.||||||||4 Jahre||||||||||||||Non-Organic||||"{'particularities': 'Achtung: diesen Artikel gibt es in verschiedenen Ausführungen. Sie erhalten nur 1 Artikel (zufällige Auswahl im Lager). Eine Vorauswahl ist nicht möglich.', 'target_group': 'Kindergartenkinder|Grundschüler', 'manufacturer': 'Mattel GmbH', 'Artikelnummer des Herstellers': 'HYF28', 'license': '0', 'Altersempfehlung ab': '4 Jahre', 'Altersempfehlung bis': '99 Jahre', 'Spieldauer in Min.': '0', 'Inhalt': '1 Stk.', 'Spieleranzahl': '0', 'Produkttyp': 'Ankleidepuppen', 'verschluckbare Magnete': 'Nein'}"||||||||||||||0|0|3013419_1.png|https://static.mueller.de/pdzoom/194735245239.webp|3013419_2.png|https://static.mueller.de/pdzoom/194735245239_2.webp|3013419_3.png|https://static.mueller.de/pdzoom/194735245239_3.webp|3013419_4.png|https://static.mueller.de/pdzoom/194735245239_6.webp|3013419_5.png|https://static.mueller.de/pdzoom/194735245239_5.webp|3013419_6.png|https://static.mueller.de/pdzoom/194735245239_4.webp||||||||||||Mattel GmbH||||||||||1 Stk.|||True||3013419P|||||||||10
2879770|mueller||||||||2024-10-28|DR. GRANDEL Cleansing Milk|DR. GRANDEL||400|ml|Home|Parfümerie|Pflege|Gesichtspflege|Reinigung|Reinigungsmilch & -balm|DR. GRANDEL Cleansing Milk|19,00 €|19,00 €|||||||||||47,50 € / 1 l|||EUR|Home> Parfümerie> Pflege> Gesichtspflege> Reinigung> Reinigungsmilch & -balm> DR. GRANDEL Cleansing Milk|https://www.mueller.at/p/dr-grandel-cleansing-milk-IPN2879770/|400 ml|Feel soft! Cleansing Milk ist eine sanfte Reinigung für ein gereinigtes, weiches und geschmeidiges Hautgefühl. Die cremig-leichte Formulierung befreit die Haut sanft von Schmutzpartikeln und Make-up. Wirkt feuchtigkeitsspendend und rückfettend. Für ein reines, gepflegtes Hautbild.||||||||||||||||||||||Non-Organic||||"{'manufacturer': 'DR. GRANDEL GmbH', 'Herstelleradresse': 'Pfladergasse 7-13, 86150 Augsburg', 'Kontaktmöglichkeit': 'info@grandel.de', 'Anwendungshinweis': 'Auf die trockene Haut von Gesicht, Hals und Dekolleté auftragen und mit feuchten Händen einmassieren. Anschließend mit lauwarmem Wasser abwaschen.', 'package_contents': 'Aqua (Water), Caprylic/Capric Triglyceride, Canola Oil, Glycerin, Simmondsia Chinensis (Jojoba) Seed Oil, Decyl Glucoside, Trilaureth-4 Phosphate, Cetearyl Alcohol, Glyceryl Stearate, Potassium Palmitoyl Hydrolyzed Wheat Protein, Panthenol, Xanthan Gum, Sodium PCA, Acrylates/C10-30 Alkyl Acrylate Crosspolymer, Citric Acid, Pantolactone, Phenoxyethanol, Methylparaben, Propylparaben, Ethylparaben, Benzyl Salicylate, Alpha-Isomethyl Ionone, Parfum (Fragrance).', 'skin_type': 'Mischhaut|normale Haut|trockene Haut', 'Inhalt': '400 ml', 'scope_of_application': 'Reinigung', 'Produkttyp': 'Reinigungsmilch'}"||||||||||||||0|0|2879770_1.png|https://static.mueller.de/pdzoom/4011396416296.webp||||||||||||||||||||||DR. GRANDEL GmbH||||||||||400 ml|Aqua (Water), Caprylic/Capric Triglyceride, Canola Oil, Glycerin, Simmondsia Chinensis (Jojoba) Seed Oil, Decyl Glucoside, Trilaureth-4 Phosphate, Cetearyl Alcohol, Glyceryl Stearate, Potassium Palmitoyl Hydrolyzed Wheat Protein, Panthenol, Xanthan Gum, Sodium PCA, Acrylates/C10-30 Alkyl Acrylate Crosspolymer, Citric Acid, Pantolactone, Phenoxyethanol, Methylparaben, Propylparaben, Ethylparaben, Benzyl Salicylate, Alpha-Isomethyl Ionone, Parfum (Fragrance).||False||2879770P|||||||||1
2879771|mueller||||||||2024-10-28|Eichhorn - Bahn, Kreis|EICHHORN||1|Stk.|Home|Spielwaren|Baby & Kleinkind|Kleinkindspielzeug|Eichhorn - Bahn, Kreis|||24,99 €|24,99 €||||||||||||||EUR|Home> Spielwaren> Baby & Kleinkind> Kleinkindspielzeug> Eichhorn - Bahn, Kreis|https://www.mueller.at/p/eichhorn-bahn-kreis-IPN2879771/|1 Stk.|"Eichhorn Bahn, Kreis, 20-tlg.: Auf dem Eichhorn Bahn ""Kreis"" kann die kleine Lok mit dem 2-tlg. Wagon auf einer Strecke von 135cm ihre Runden um das kleine Haus und den Baum drehen. Eine Schranke ist ebenfalls im Set enthalten. Für die Herstellung der Eichhorn Schienenbahn wird ausschließlich 100% Holz aus nachhaltiger Forstwirtschaft verwendet. Sie ist mit fast allen Schienenbahnen kombinierbar. Für Kinder ab 3 Jahren geeignet."||||||||3 Monate||||||||||||||Non-Organic||||{'target_group': 'Kindergartenkinder', 'Artikelnummer des Herstellers': '100006299', 'Altersempfehlung ab': '3 Monate', 'Batterie-Typ': 'Zn/C', 'Inhalt': '1 Stk.', 'Produkttyp': 'Kindergarten'}||||||||||||||0|0|2879771_1.png|https://static.mueller.de/pdzoom/2879771_a.webp|2879771_2.png|https://static.mueller.de/pdzoom/2879771_c.webp|2879771_3.png|https://static.mueller.de/pdzoom/2879771_b.webp||||||||||||||||||100006299||||||||||1 Stk.|||True||2879771P|||||||||10
2879772|mueller||||||||2024-10-28|DR. GRANDEL Cleansing Purigel|DR. GRANDEL||400|ml|Home|Parfümerie|Pflege|Gesichtspflege|Reinigung|Reinigungsgel|DR. GRANDEL Cleansing Purigel|19,00 €|19,00 €|||||||||||47,50 € / 1 l|||EUR|Home> Parfümerie> Pflege> Gesichtspflege> Reinigung> Reinigungsgel> DR. GRANDEL Cleansing Purigel|https://www.mueller.at/p/dr-grandel-cleansing-purigel-IPN2879772/|400 ml|Feel fresh! Purigel ist ein Reinigungsgel für ein porentief reines, erfrischtes Hautgefühl. In Verbindung mit Wasser verwandelt sich die gelige Formulierung in einen hauchzarten Schaum. Schmutzpartikel und Make-up werden gründlich entfernt. Für ein frisches, klares Hautbild.||||||||||||||||||||||Non-Organic||||"{'manufacturer': 'DR. GRANDEL GmbH', 'Herstelleradresse': 'Pfladergasse 7-13, 86150 Augsburg', 'Kontaktmöglichkeit': 'info@grandel.de', 'Anwendungshinweis': 'In die Handflächen geben, mit etwas Wasser aufschäumen und Gesicht, Hals und Dekolleté reinigen. Anschließend abwaschen.', 'package_contents': 'Aqua (Water), Pentylene Glycol, PEG-7 Glyceryl Cocoate, Sodium Laureth Sulfate, Sodium Laureth-8 Sulfate, Hydroxyethylcellulose, Magnesium Laureth Sulfate, Magnesium Laureth-8 Sulfate, Sodium Oleth Sulfate, Magnesium Oleth Sulfate, Buteth-3, Sodium Benzotriazolyl Butylphenol Sulfonate, Caprylhydroxamic Acid, Tributyl Citrate, Citric Acid, Linalool, Hexyl Cinnamal, Limonene, Parfum (Fragrance), CI 42090 (Blue 1), CI 19140 (Yellow 5).', 'skin_type': 'Mischhaut|normale Haut|ölige Haut', 'Inhalt': '400 ml', 'scope_of_application': 'Reinigung', 'Produkttyp': 'Reinigungsgel'}"||||||||||||||0|0|2879772_1.png|https://static.mueller.de/pdzoom/4011396416302.webp||||||||||||||||||||||DR. GRANDEL GmbH||||||||||400 ml|Aqua (Water), Pentylene Glycol, PEG-7 Glyceryl Cocoate, Sodium Laureth Sulfate, Sodium Laureth-8 Sulfate, Hydroxyethylcellulose, Magnesium Laureth Sulfate, Magnesium Laureth-8 Sulfate, Sodium Oleth Sulfate, Magnesium Oleth Sulfate, Buteth-3, Sodium Benzotriazolyl Butylphenol Sulfonate, Caprylhydroxamic Acid, Tributyl Citrate, Citric Acid, Linalool, Hexyl Cinnamal, Limonene, Parfum (Fragrance), CI 42090 (Blue 1), CI 19140 (Yellow 5).||False||2879772P|||||||||1
2879773|mueller||||||||2024-10-28|Eichhorn - Tierset in Holzbox, 14 Puzzleteile in Form verschiedener Tiere|EICHHORN||1|Stk.|Home|Spielwaren|Baby & Kleinkind|Kleinkindspielzeug|Eichhorn - Tierset in Holzbox, 14 Puzzleteile in Form verschiedener Tiere|||17,99 €|17,99 €||||||||||||||EUR|Home> Spielwaren> Baby & Kleinkind> Kleinkindspielzeug> Eichhorn - Tierset in Holzbox, 14 Puzzleteile in Form verschiedener Tiere|https://www.mueller.at/p/eichhorn-tierset-in-holzbox-14-puzzleteile-in-form-verschiedener-tiere-IPN2879773/|1 Stk.|Eichhorn Tierset in Holzbox: Mit dem schönen Eichhorn Tierset in der Holzbox können die Kinder die 14 Puzzleteile in Form verschiedener Tiere zusammenlegen und zum Spielen verwenden. Die Tiere sind auch als Spielfiguren zu sehen und können in der Holzbox perfekt aufbewahrt werden. Das Eichhorn Tierset besteht aus insgesamt 15 Teilen aus hochwertigem Kiefernholz. Das Spielen mit den Tieren sowie das Mix und Match fördert die Feinmotorik, das Zuordnungsvermögen, so wie das Kombinationsvermögen, die Phantasie und die Konzentration. Für Kinder ab einem Jahr geeignet.||||||||1 Jahre||||||||||||||Non-Organic||||"{'target_group': 'Kleinkinder|Kindergartenkinder', 'Artikelnummer des Herstellers': '100003772', 'Altersempfehlung ab': '1 Jahre', 'Inhalt': '1 Stk.', 'Produkttyp': 'Stapeln und Stecken'}"||||||||||||||5.0|1|2879773_1.png|https://static.mueller.de/pdzoom/4003046010008.webp|2879773_2.png|https://static.mueller.de/pdzoom/4003046010008_6.webp|2879773_3.png|https://static.mueller.de/pdzoom/4003046010008_7.webp|2879773_4.png|https://static.mueller.de/pdzoom/4003046010008_5.webp|2879773_5.png|https://static.mueller.de/pdzoom/4003046010008_2.webp|2879773_6.png|https://static.mueller.de/pdzoom/4003046010008_4.webp||||||||||||100003772||||||||||1 Stk.|||True||2879773P|||||||||10
2879775|mueller||||||||2024-10-28|DR. GRANDEL Cleansing Soft Tonic|DR. GRANDEL||400|ml|Home|Parfümerie|Pflege|Gesichtspflege|Reinigung|Gesichtswasser|DR. GRANDEL Cleansing Soft Tonic|19,00 €|19,00 €|||||||||||47,50 € / 1 l|||EUR|Home> Parfümerie> Pflege> Gesichtspflege> Reinigung> Gesichtswasser> DR. GRANDEL Cleansing Soft Tonic|https://www.mueller.at/p/dr-grandel-cleansing-soft-tonic-IPN2879775/|400 ml|Feel soft! Soft Tonic ist ein sanftes Gesichtswasser für ein weiches, entspanntes Hautgefühl. Das feuchtigkeitsspendende Tonic vervollständigt die Reinigungsroutine optimal. Für ein ausgeglichenes Hautbild. Ohne Alkohol.||||||||||||||||||||||Non-Organic||||"{'Kontaktmöglichkeit': 'info@grandel.de', 'Anwendungshinweis': 'Mit den Händen oder mit Wattepads auf die gereinigte Haut von Gesicht, Hals und Dekolleté auftragen.', 'package_contents': 'Aqua (Water), Butylene Glycol, Pentylene Glycol, Sodium PCA, PEG-40 Hydrogenated Castor Oil, Trideceth-9, Allantoin, Disodium EDTA, Propylene Glycol, Magnesium Ascorbyl Phosphate, Hexyl Cinnamal, Linalool, Benzyl Alcohol, Limonene, Citronellol, Geraniol, Benzyl Salicylate, Alpha-Isomethyl Ionone, Parfum (Fragrance).', 'skin_type': 'Mischhaut|normale Haut|trockene Haut', 'Inhalt': '400 ml', 'scope_of_application': 'Reinigung', 'Produkttyp': 'Gesichtswasser'}"||||||||||||||0|0|2879775_1.png|https://static.mueller.de/pdzoom/4011396416289.webp||||||||||||||||||||||||||||||||400 ml|Aqua (Water), Butylene Glycol, Pentylene Glycol, Sodium PCA, PEG-40 Hydrogenated Castor Oil, Trideceth-9, Allantoin, Disodium EDTA, Propylene Glycol, Magnesium Ascorbyl Phosphate, Hexyl Cinnamal, Linalool, Benzyl Alcohol, Limonene, Citronellol, Geraniol, Benzyl Salicylate, Alpha-Isomethyl Ionone, Parfum (Fragrance).||False||2879775P|||||||||1
61351|mueller||||||||2024-10-28|Home Sweet Home! Live aus der Olympiahalle München|||1|Stk.|Home|Multi-Media|Musik|Volksmusik|Home Sweet Home! Live aus der Olympiahalle München|||5,00 €|5,00 €||||||||||||||EUR|Home> Multi-Media> Musik> Volksmusik> Home Sweet Home! Live aus der Olympiahalle München|https://www.mueller.at/p/home-sweet-home-live-aus-der-olympiahalle-muenchen-61351/|1 Stk.|||||||||||||||||||||||Non-Organic||||{'medium': 'CD', 'Künstler': 'Gabalier,Andreas', 'Inhalt': '1 Stk.', 'Anzahl Medien im Artikel': '2', 'genre': 'Volkstümliche Musik', 'Label': 'Electrola'}||||||||||||||5.0|1|61351_1.png|https://static.mueller.de/pdzoom/phononet_0602537636983_pv_0602537636983-0600px-001.webp||||||||||||||||||||||||||||||||1 Stk.|||True||61351P|||||||||5
2879790|mueller||||||||2024-10-28|Elizabeth Arden White Tea Skin Solutions Bi-Phase Toning Lotion|ELIZABETH ARDEN||200|ml|Home|Parfümerie|Pflege|Gesichtspflege|Tagespflege|Elizabeth Arden White Tea Skin Solutions Bi-Phase Toning Lotion||37,95 €|37,95 €|||||||||||189,75 € / 1 l|||EUR|Home> Parfümerie> Pflege> Gesichtspflege> Tagespflege> Elizabeth Arden White Tea Skin Solutions Bi-Phase Toning Lotion|https://www.mueller.at/p/elizabeth-arden-white-tea-skin-solutions-bi-phase-toning-lotion-IPN2879790/|200 ml|Basiert auf Wissenschaft und mit Nährstoffen der Natur. Die White Tea Skin Solutions Moisture Infusing Bi-Phase Toning Lotion, unterstützt durch EGCG*, ist eine beruhigende, alkoholfreie Lotion, die verlorene Feuchtigkeit wieder auffüllt, die Haut glättet und strafft. Die Lotion enthält eine optimierte Mischung aus Wassermelonen-, Linsenfrucht- und Apfelextrakten, pflegt und reinigt die Haut schonend. Sie nährt und reinigt die Haut und sorgt für eine sichtbare Verbesserung. Für ein gesundes, strahlendes Aussehen in nur 7 Tagen. Sanft genug für alle Hauttypen, auch für empfindliche Haut. Vegan. *Epigallocatechin-Gallat-Glucosid, ein aktives Molekül des Weißen Tees.||||||||||||||||||||||Non-Organic||||"{'target_group': 'Damen', 'manufacturer': 'Elizabeth Arden', 'Herstelleradresse': 'Beautyge, S.L. 08940 Barcelona, Spain', 'Anwendungshinweis': 'Nach der Reinigung, schütteln, um die Creme zu aktivieren und auf die Handfläche oder ein Wattepad geben. Sanft auf Gesicht und Hals drücken.', 'package_contents': 'Aqua/Water/Eau, Pentylene Glycol, Glycerin, C15-19 Alkane, C13-16 Isoparaffin, Butylene Glycol, Camellia Sinensis Leaf Extract, Caprylic/Capric Triglyceride, Citric Acid, Citrullus Lanatus (Watermelon) Fruit Extract, Dipotassium Glycyrrhizate, Disodium EDTA, Epigallocatechin Gallatyl Glucoside, Helianthus Annuus (Sunflower) Seed Oil, Hydrolyzed Glycosaminoglycans, Hydroxyethylcellulose, Isononyl Isononanoate, Lens Esculenta (Lentil) Fruit Extract, Polydextrose, Propylene Glycol, Pyrus Malus (Apple) Fruit Extract, Rosmarinus Officinalis (Rosemary) Leaf Extract, Sodium Chloride, Sodium Citrate, Sodium Hyaluronate, Sodium Lactate, Sodium PCA, Tocopheryl Acetate, Trehalose, Urea, Parfum (Fragrance), Citronellol, Phenoxyethanol, Sodium Benzoate.', 'skin_type': 'alle Hauttypen|sensible Haut', 'Inhalt': '200 ml', 'scope_of_application': 'Pflege', 'Produkttyp': 'Lotion'}"||||||||||||||0|0|2879790_1.png|https://static.mueller.de/pdzoom/85805247959_9.webp|2879790_2.png|https://static.mueller.de/pdzoom/85805247959_2.webp|2879790_3.png|https://static.mueller.de/pdzoom/85805247959_8.webp|2879790_4.png|https://static.mueller.de/pdzoom/85805247959_7.webp|2879790_5.png|https://static.mueller.de/pdzoom/85805247959.webp|2879790_6.png|https://static.mueller.de/pdzoom/85805247959_6.webp||||||||||||Elizabeth Arden||||||||||200 ml|Aqua/Water/Eau, Pentylene Glycol, Glycerin, C15-19 Alkane, C13-16 Isoparaffin, Butylene Glycol, Camellia Sinensis Leaf Extract, Caprylic/Capric Triglyceride, Citric Acid, Citrullus Lanatus (Watermelon) Fruit Extract, Dipotassium Glycyrrhizate, Disodium EDTA, Epigallocatechin Gallatyl Glucoside, Helianthus Annuus (Sunflower) Seed Oil, Hydrolyzed Glycosaminoglycans, Hydroxyethylcellulose, Isononyl Isononanoate, Lens Esculenta (Lentil) Fruit Extract, Polydextrose, Propylene Glycol, Pyrus Malus (Apple) Fruit Extract, Rosmarinus Officinalis (Rosemary) Leaf Extract, Sodium Chloride, Sodium Citrate, Sodium Hyaluronate, Sodium Lactate, Sodium PCA, Tocopheryl Acetate, Trehalose, Urea, Parfum (Fragrance), Citronellol, Phenoxyethanol, Sodium Benzoate.||True||2879790P|||||||||1
3013421|mueller||||||||2024-10-28|Barbie Mini BarbieLand Puppe und Cabrio|BARBIE||1|Stk.|Home|Spielwaren|Kuscheltiere & Puppen|Puppen|Puppenmöbel & Zubehör|Barbie Mini BarbieLand  Puppe und Cabrio||7,99 €|7,99 €|7,99 €|5,99 €||||25%|Sie sparen 25%|||||||EUR|Home> Spielwaren> Kuscheltiere & Puppen> Puppen> Puppenmöbel & Zubehör> Barbie Mini BarbieLand  Puppe und Cabrio|https://www.mueller.at/p/barbie-mini-barbieland-puppe-und-cabrio-IPN3013421/|1 Stk.|Willkommen in der Welt der Barbie-Puppe im Mini BarbieLand ein Ort für große Vorstellungskraft und Träume im Miniformat! Diese Mini-Auto-Sets für traumhafte Fahrten mit Überraschungen sind bereit zum Spielen oder Präsentieren. Diese Nachbildung des ikonischen Barbie-Cabrios in kleinerem Maßstab beinhaltet einen Farbwechsel sowie ein Straßenschild und einen Briefkasten als Zubehör zum Geschichtenerzählen. Das Set enthält eine bezaubernd gestylte, ca. 4 cm große Barbie-Puppe, die ihre Taille beugen kann, sodass sie sitzen und zu großen Abenteuern im Mini BarbieLand fahren kann. Fans ab 4 Jahren werden es nicht erwarten können, all diese niedlichen Fahrzeuge zu sammeln, um ihre eigene Miniwelt aufzubauen! Alle Artikel separat erhältlich. Abweichungen in Farbe und Gestaltung vorbehalten.||||||||4 Jahre||||||||||||||Non-Organic||||"{'target_group': 'Kindergartenkinder|Grundschüler', 'manufacturer': 'Mattel GmbH', 'Artikelnummer des Herstellers': 'HYF42', 'license': '0', 'Altersempfehlung ab': '4 Jahre', 'Altersempfehlung bis': '99 Jahre', 'Spieldauer in Min.': '0', 'Inhalt': '1 Stk.', 'Spieleranzahl': '0', 'Produkttyp': 'Sonstiges', 'verschluckbare Magnete': 'Nein'}"||||||||||||||0|0|3013421_1.png|https://static.mueller.de/pdzoom/194735245215.webp|3013421_2.png|https://static.mueller.de/pdzoom/194735245215_3.webp|3013421_3.png|https://static.mueller.de/pdzoom/194735245215_2.webp|3013421_4.png|https://static.mueller.de/pdzoom/194735245215_4.webp|3013421_5.png|https://static.mueller.de/pdzoom/194735245215_6.webp|3013421_6.png|https://static.mueller.de/pdzoom/194735245215_5.webp||||||||||||Mattel GmbH||||||||||1 Stk.|||True||3013421P|||||||||10
3013422|mueller||||||||2024-10-28|Barbie Mini BarbieLand Fashionistas Puppen Serie 1|BARBIE||1|Stk.|Home|Spielwaren|Kuscheltiere & Puppen|Puppen|Anziehpuppen|Barbie Mini BarbieLand Fashionistas Puppen Serie 1||4,99 €|4,99 €|4,99 €|3,99 €||||20%|Sie sparen 20%|||||||EUR|Home> Spielwaren> Kuscheltiere & Puppen> Puppen> Anziehpuppen> Barbie Mini BarbieLand Fashionistas Puppen Serie 1|https://www.mueller.at/p/barbie-mini-barbieland-fashionistas-puppen-serie-1-IPN3013422/|1 Stk.|Willkommen in der Welt der Barbie-Puppe im Mini BarbieLand ein Ort für große Vorstellungskraft und Träume im Miniformat! Diese Mini-Fashionistas im Überraschungsoutfit freuen sich schon darauf, sich zu präsentieren. Um das Geheimnis des Lippenstifts zu lüften, einfach an der Hülse drehen und zusehen, wie eine ca. 4 cm große Barbie- oder Ken-Puppe herauskommt kleine Überraschung, großer Spaß! Jede Figur kann in der Taille gebeugt werden und steht auf einer herzförmigen Basis, die genau zu den Mini-BarbieLand-Spielsets (separat erhältlich) passt. Fans ab 4 Jahren werden es nicht erwarten können, all diese niedlichen Puppen zu sammeln, um ihre eigene Miniwelt aufzubauen! Alle Artikel separat erhältlich. Abweichungen in Farbe und Gestaltung vorbehalten.||||||||4 Jahre||||||||||||||Non-Organic||||"{'particularities': 'Achtung: diesen Artikel gibt es in verschiedenen Ausführungen. Sie erhalten nur 1 Artikel (zufällige Auswahl im Lager). Eine Vorauswahl ist nicht möglich.', 'target_group': 'Kindergartenkinder|Grundschüler', 'manufacturer': 'Mattel GmbH', 'Artikelnummer des Herstellers': 'HYF19', 'license': '0', 'Altersempfehlung ab': '4 Jahre', 'Altersempfehlung bis': '99 Jahre', 'Spieldauer in Min.': '0', 'Inhalt': '1 Stk.', 'Spieleranzahl': '0', 'Produkttyp': 'Ankleidepuppen', 'verschluckbare Magnete': 'Nein'}"||||||||||||||5.0|1|3013422_1.png|https://static.mueller.de/pdzoom/194735245192.webp|3013422_2.png|https://static.mueller.de/pdzoom/194735245192_2.webp|3013422_3.png|https://static.mueller.de/pdzoom/194735245192_3.webp|3013422_4.png|https://static.mueller.de/pdzoom/194735245192_4.webp|3013422_5.png|https://static.mueller.de/pdzoom/194735245192_5.webp|3013422_6.png|https://static.mueller.de/pdzoom/194735245192_6.webp||||||||||||Mattel GmbH||||||||||1 Stk.|||True||3013422P|||||||||10
3013423|mueller||||||||2024-10-28|EBERHARD FABER Kindergartenrucksack mini Kids Eule|EBERHARD FABER||1|Stk.|Home|Spielwaren|Buch & Schulbedarf|Schulranzen & Taschen|EBERHARD FABER Kindergartenrucksack mini Kids Eule|||24,95 €|24,95 €||||||||||||||EUR|Home> Spielwaren> Buch & Schulbedarf> Schulranzen & Taschen> EBERHARD FABER Kindergartenrucksack mini Kids Eule|https://www.mueller.at/p/eberhard-faber-kindergartenrucksack-mini-kids-eule-IPN3013423/|1 Stk.|Der praktische Kindergartenrucksack wiegt nur 180g. Er transportiert nicht nur alles, was die Kleinen in der Krippe oder in der Kita benötigen, sondern ist auch der perfekte Begleiter für Ausflüge. Das fröhliche Eulen Design macht ihn bei kleinen Mädchen und kleinen Jungs gleichermaßen beliebt. Das große Hauptfach mit einem Volumen von 5 Litern bietet ausreichend Platz für Brotdose und Trinkflasche, aber auch die Seitentaschen sind für große Trinkflaschen geeignet. Die gepolsterte Rückseite und die ergonomischen, höhenverstellbaren Gurte sorgen für guten Tragekomfort.||||||||||||||||||||||Non-Organic||||{'manufacturer': 'Eberhard Faber Vertrieb GmbH', 'Herstelleradresse': 'Nürnberger Str. 2, 90546 Stein', 'Artikelnummer des Herstellers': '577603', 'Höhe': '32 mm', 'Breite': '235 mm', 'Tiefe': '320 mm', 'Inhalt': '1 Stk.', 'Produkttyp': 'Rucksäcke'}||||||||||||||0|0|3013423_1.png|https://static.mueller.de/pdzoom/4087205776035_5.webp|3013423_2.png|https://static.mueller.de/pdzoom/4087205776035_8.webp|3013423_3.png|https://static.mueller.de/pdzoom/4087205776035_6.webp|3013423_4.png|https://static.mueller.de/pdzoom/4087205776035_3.webp|3013423_5.png|https://static.mueller.de/pdzoom/4087205776035_9.webp||||||||||||||Eberhard Faber Vertrieb GmbH||||||||||1 Stk.|||True||3013423P|||||||||10
2879788|mueller||||||||2024-10-28|Elizabeth Arden White Tea Skin Solutions Gentle Purifying Cleanser|ELIZABETH ARDEN||125|ml|Home|Parfümerie|Pflege|Gesichtspflege|Reinigung|Reinigungsgel|Elizabeth Arden White Tea Skin Solutions Gentle Purifying Cleanser|26,95 €|26,95 €|||||||||||215,60 € / 1 l|||EUR|Home> Parfümerie> Pflege> Gesichtspflege> Reinigung> Reinigungsgel> Elizabeth Arden White Tea Skin Solutions Gentle Purifying Cleanser|https://www.mueller.at/p/elizabeth-arden-white-tea-skin-solutions-gentle-purifying-cleanser-IPN2879788/|125 ml|Basiert auf Wissenschaft und mit Nährstoffen der Natur. Der White Tea Skin Solutions Gentle Purifying Cleanser ist angereichert mit EGCG*, das reich an Antioxidantien ist. Er löst effektiv Make-up, Unreinheiten und sogar überschüssigen Talg und schützt die Haut vor Umwelteinflüssen. Gemischt mit reinigenden Myrtenblättern macht dieses erfrischende Reinigungsgel die Haut weich und gepflegt, ohne ihr wichtige Feuchtigkeit zu entziehen. Die Haut fühlt sich sofort ausgeglichen und besänftigt an und sieht gesund und strahlend aus. Sanft genug für alle Hauttypen, auch für empfindliche Haut. Vegan. *Epigallocatechin-Gallat-Glucosid, ein aktives Molekül des Weißen Tees.||||||||||||||||||||||Non-Organic||||"{'target_group': 'Damen', 'manufacturer': 'Elizabeth Arden', 'Herstelleradresse': 'Beautyge, S.L. 08940 Barcelona, Spain', 'Anwendungshinweis': 'Eine kleine Menge des Produkts auf das leicht feuchte Gesicht auftragen, dabei die Augenpartie aussparen. Wasser hinzufügen und langsam in die Haut einmassieren. Gründlich abspülen. Vermeiden Sie den Kontakt mit den Augen.', 'package_contents': 'Aqua/Water/Eau Glycerin, Cocamidopropyl Betaine, Potassium Cocoyl Glycinate, Sodium Cocoamphoacetate, PEG-7 Glyceryl Cocoate, Coco-Glucoside, Acrylates Copolymer, Arginine Cocoate, Citric Acid, Butylene Glycol, Camellia Sinensis Leaf Extract, Caprylyl Glycol, Epigallocatechin Gallatyl Glucoside, Helianthus Annuus (Sunflower) Seed Oil, Myrtus Communis Leaf Extract, PEG-120 Methyl Glucose Dioleate, Polyquaternium-7, Rosmarinus Officinalis (Rosemary) Leaf Extract, Sodium Hydroxide, Styrene/Acrylates Copolymer, Parfum (Fragrance), Citronellol, Geraniol, Benzoic Acid, Phenoxyethanol. B02042.', 'skin_type': 'alle Hauttypen|sensible Haut', 'Inhalt': '125 ml', 'scope_of_application': 'Reinigung', 'Produkttyp': 'Reinigungsgel'}"||||||||||||||0|0|2879788_1.png|https://static.mueller.de/pdzoom/85805242916_PV.webp|2879788_2.png|https://static.mueller.de/pdzoom/85805242916_2.webp|2879788_3.png|https://static.mueller.de/pdzoom/85805242916_1.webp|2879788_4.png|https://static.mueller.de/pdzoom/85805242916_5.webp|2879788_5.png|https://static.mueller.de/pdzoom/85805242916_3.webp|2879788_6.png|https://static.mueller.de/pdzoom/85805242916_7.webp||||||||||||Elizabeth Arden||||||||||125 ml|Aqua/Water/Eau Glycerin, Cocamidopropyl Betaine, Potassium Cocoyl Glycinate, Sodium Cocoamphoacetate, PEG-7 Glyceryl Cocoate, Coco-Glucoside, Acrylates Copolymer, Arginine Cocoate, Citric Acid, Butylene Glycol, Camellia Sinensis Leaf Extract, Caprylyl Glycol, Epigallocatechin Gallatyl Glucoside, Helianthus Annuus (Sunflower) Seed Oil, Myrtus Communis Leaf Extract, PEG-120 Methyl Glucose Dioleate, Polyquaternium-7, Rosmarinus Officinalis (Rosemary) Leaf Extract, Sodium Hydroxide, Styrene/Acrylates Copolymer, Parfum (Fragrance), Citronellol, Geraniol, Benzoic Acid, Phenoxyethanol. B02042.||True||2879788P|||||||||7
2601195|mueller||||||||2024-10-28|Jahrtausendhits-Die berühmten drei Worte|||1|Stk.|Home|Multi-Media|Musik|Pop|Jahrtausendhits-Die berühmten drei Worte|||5,99 €|5,99 €||||||||||||||EUR|Home> Multi-Media> Musik> Pop> Jahrtausendhits-Die berühmten drei Worte|https://www.mueller.at/p/jahrtausendhits-die-beruehmten-drei-worte-2601195/|1 Stk.|||||||||||||||||||||||Non-Organic||||{'medium': 'CD', 'Künstler': 'Borg,Andy', 'Inhalt': '1 Stk.', 'Anzahl Medien im Artikel': '1', 'genre': 'Schlager', 'Label': '06369 Euro'}||||||||||||||0|0|2601195_1.png|https://static.mueller.de/pdzoom/phononet_9002986531159_pv_9002986531159-0600px-001.webp|2601195_2.png|https://static.mueller.de/pdzoom/phononet_9002986531159_pr_9002986531159-0600px-002.webp|2601195_3.png|https://static.mueller.de/6719757461-PR-1/pdzoom/jahrtausendhits-die-beruehmten-drei-worte.webp||||||||||||||||||||||||||||1 Stk.|||False||2601195P|||||||||1
2879789|mueller||||||||2024-10-28|King C. Gillette Rasierpinsel|GILLETTE||1|Stk.|Home|Drogerie|Accessoires|Rasurzubehör|King C. Gillette Rasierpinsel|||12,99 €|12,99 €||||||||||||||EUR|Home> Drogerie> Accessoires> Rasurzubehör> King C. Gillette Rasierpinsel|https://www.mueller.at/p/king-c-gillette-rasierpinsel-IPN2879789/|1 Stk.|"
Erzeugt einen dicken Schaum
Für eine klassische Rasur
Synthetische Fasern für ein superweiches Gefühl
Ergonomischer Griff für eine komfortable Anwendung
Peelt sanft für eine gründliche Rasur
"||||||||||||||||||||||Non-Organic||||{'manufacturer': 'Procter & Gamble Service GmbH', 'Herstelleradresse': 'Sulzbacher Str. 40, 65823 Sulzbach/Taunus', 'Kontaktmöglichkeit': '0800 000 5071', 'package_contents': '-', 'Inhalt': '1 Stk.', 'scope_of_application': 'Rasur', 'Produkttyp': 'Rasierpinsel'}||||||||||||||0|0|2879789_1.png|https://static.mueller.de/pdzoom/8001090878632-VS2024.webp||||||||||||||||||||||Procter & Gamble Service GmbH||||||||||1 Stk.|-||True||2879789P|||||||||10
3013425|mueller||||||||2024-10-28|Barbie Mini BarbieLand Cutie Reveal Serie 1|BARBIE||1|Stk.|Home|Spielwaren|Kuscheltiere & Puppen|Puppen|Anziehpuppen|Barbie Mini BarbieLand Cutie Reveal Serie 1||4,99 €|4,99 €|4,99 €|3,99 €||||20%|Sie sparen 20%|||||||EUR|Home> Spielwaren> Kuscheltiere & Puppen> Puppen> Anziehpuppen> Barbie Mini BarbieLand Cutie Reveal Serie 1|https://www.mueller.at/p/barbie-mini-barbieland-cutie-reveal-serie-1-IPN3013425/|1 Stk.|Willkommen in der Welt der Barbie-Puppe im Mini BarbieLand ein Ort für große Vorstellungskraft und Träume im Miniformat! Mit den Mini BarbieLand Cutie-Reveal-Puppen erwartet Kinder beim Auspacken eine niedliche Überraschung. Einfach die kleine Röhre öffnen, die als Plüschtier verkleidete Minipuppe entnehmen und den Kopf entfernen, damit die Puppe ihren Look preisgibt so hübsch! Ein passendes Mini-Haustier ist auch mit dabei. Welche Puppe wird es sein? Jede der ca. 4 cm großen Figuren kann in der Taille gebeugt werden und steht auf einer herzförmigen Basis, die genau zu den Mini-BarbieLand-Spielsets passt (separat erhältlich). Die Puppe kann auch in der Miniröhre aufbewahrt werden. Fans ab 4 Jahren werden es nicht erwarten können, all diese niedlichen Puppen zu sammeln, um ihre eigene Miniwelt aufzubauen! Alle Artikel separat erhältlich. Abweichungen in Farbe und Gestaltung vorbehalten.||||||||4 Jahre||||||||||||||Non-Organic||||"{'particularities': 'Achtung: diesen Artikel gibt es in verschiedenen Ausführungen. Sie erhalten nur 1 Artikel (zufällige Auswahl im Lager). Eine Vorauswahl ist nicht möglich.', 'target_group': 'Kindergartenkinder|Grundschüler', 'manufacturer': 'Mattel GmbH', 'Artikelnummer des Herstellers': 'HYM25', 'license': '0', 'Altersempfehlung ab': '4 Jahre', 'Altersempfehlung bis': '99 Jahre', 'Spieldauer in Min.': '0', 'Inhalt': '1 Stk.', 'Spieleranzahl': '0', 'Produkttyp': 'Ankleidepuppen', 'verschluckbare Magnete': 'Nein'}"||||||||||||||0|0|3013425_1.png|https://static.mueller.de/pdzoom/194735250981.webp|3013425_2.png|https://static.mueller.de/pdzoom/194735250981_6.webp|3013425_3.png|https://static.mueller.de/pdzoom/194735250981_4.webp|3013425_4.png|https://static.mueller.de/pdzoom/194735250981_5.webp|3013425_5.png|https://static.mueller.de/pdzoom/194735250981_3.webp|3013425_6.png|https://static.mueller.de/pdzoom/194735250981_2.webp||||||||||||Mattel GmbH||||||||||1 Stk.|||True||3013425P|||||||||10
4677|mueller||||||||2024-10-28|Weleda CITRUS Fresh Deo Spray|WELEDA||100|ml|Home|Parfümerie|Pflege|Körperpflege|Deodorants|Weleda CITRUS Fresh Deo Spray||13,95 €|13,95 €|||||||||||139,50 € / 1 l|||EUR|Home> Parfümerie> Pflege> Körperpflege> Deodorants> Weleda CITRUS Fresh Deo Spray|https://www.mueller.at/p/weleda-citrus-fresh-deo-spray-285769774/|100 ml|Das Citrus Fresh Deo Spray umgibt Sie mit einer belebenden Brise fruchtiger Zitronenfrische - ohne die Poren zu verschließen. Ätherische Öle aus den Schalen von Citrusfrüchten wirken mild desodorierend, ohne die natürlichen Hautfunktionen zu beeinflussen. Das bedeutet, dass die natürlichen Ausscheidungsprozesse über die Haut, die für einen gesunden Gesamtorganismus notwendig sind, nicht unterbunden und die Poren nicht verschlossen werden. Wirksamkeit und Hautverträglichkeit sind dermatologisch getestet. Ohne Aluminiumsalze. Schützt zuverlässig vor Körpergeruch,Desodoriert auf natürliche Weise,Erhält die regulierenden Hautfunktionen||||||||||||||||||||||Non-Organic||||"{'target_group': 'Unisex', 'manufacturer': 'Weleda AG', 'Herstelleradresse': 'Möhlerstraße 3, D-73525 Schwäbisch Gmünd', 'dermatologically_tested': 'Ja', 'Anwendungshinweis': 'Auf die gereinigte Haut unter den Achseln sprühen. Nicht einatmen und den Kontakt mit Augen und Schleimhäuten vermeiden.', 'package_contents': 'Ingredients (INCI): Alcohol+, Water (Aqua), Triethyl Citrate, Limonene, Citrus Limon (Lemon) Peel Oil+, Fragrance (Parfum), Linalool, Geraniol, Citral, Farnesol. +organic ingredient', 'skin_type': 'alle Hauttypen|Mischhaut|unreine Haut|reife Haut|normale Haut|ölige Haut', 'product_property': 'erfrischend', 'Inhalt': '100 ml', 'scope_of_application': 'Deodorants', 'Produkttyp': 'Spray'}"||||||||||||||3.5|2|4677_1.png|https://static.mueller.de/markant_04001638097079_pv_4052214/pdzoom/weleda-citrus-fresh-deo-spray.webp|4677_2.png|https://static.mueller.de/markant_04001638097079_pv_4052213/pdzoom/weleda-citrus-fresh-deo-spray.webp|4677_3.png|https://static.mueller.de/markant_04001638097079_pd_4052211/pdzoom/weleda-citrus-fresh-deo-spray.webp|4677_4.png|https://static.mueller.de/markant_04001638097079_pv_4052214/pdzoom/weleda-citrus-fresh-deo-spray.webp|4677_5.png|https://static.mueller.de/markant_04001638097079_pr_4052212/pdzoom/weleda-citrus-fresh-deo-spray.webp|4677_6.png|https://static.mueller.de/markant_04001638097079_pd_3688604/pdzoom/weleda-citrus-fresh-deo-spray.webp||||||||||||Weleda AG||||||||||100 ml|Ingredients (INCI): Alcohol+, Water (Aqua), Triethyl Citrate, Limonene, Citrus Limon (Lemon) Peel Oil+, Fragrance (Parfum), Linalool, Geraniol, Citral, Farnesol. +organic ingredient||True||4677P||||Gefahr Nicht in die Augen oder auf Schleimhäute sprühen. Entzündlich.|||||10
2601197|mueller||||||||2024-10-28|50 Jahre-50 Hits|||1|Stk.|Home|Multi-Media|Musik|Pop|50 Jahre-50 Hits|||14,99 €|14,99 €||||||||||||||EUR|Home> Multi-Media> Musik> Pop> 50 Jahre-50 Hits|https://www.mueller.at/p/50-jahre-50-hits-2601197/|1 Stk.|||||||||||||||||||||||Non-Organic||||{'medium': 'CD', 'Künstler': 'Amigos', 'Inhalt': '1 Stk.', 'Anzahl Medien im Artikel': '3', 'genre': 'Schlager', 'Label': '08573 MCP'}||||||||||||||0|0|2601197_1.png|https://static.mueller.de/pdzoom/phononet_9002986713296_pv_9002986713296-0600px-001.webp|2601197_2.png|https://static.mueller.de/pdzoom/phononet_9002986713296_pr_9002986713296-0600px-002.webp|2601197_3.png|https://static.mueller.de/6719757463-PR-1/pdzoom/50-jahre-50-hits.webp||||||||||||||||||||||||||||1 Stk.|||True||2601197P|||||||||5
3013427|mueller||||||||2024-10-28|Barbie Mini BarbieLand Puppe und Traumboot|BARBIE||1|Stk.|Home|Spielwaren|Kuscheltiere & Puppen|Puppen|Puppenmöbel & Zubehör|Barbie Mini BarbieLand Puppe und Traumboot||7,99 €|7,99 €||||||||||||||EUR|Home> Spielwaren> Kuscheltiere & Puppen> Puppen> Puppenmöbel & Zubehör> Barbie Mini BarbieLand Puppe und Traumboot|https://www.mueller.at/p/barbie-mini-barbieland-puppe-und-traumboot-IPN3013427/|1 Stk.|Willkommen in der Welt der Barbie-Puppe im Mini BarbieLand ein Ort für große Vorstellungskraft und Träume im Miniformat! Diese Mini-Auto-Sets für traumhafte Fahrten mit Überraschungen sind bereit zum Spielen oder Präsentieren. Diese Nachbildung des legendären Barbie-Traumboots in kleinerem Maßstab umfasst einen Pool mit Rutsche und einen erfrischenden Farbwechseleffekt. Das Set enthält eine bezaubernd gestylte, ca. 4 cm große Barbie-Puppe, die sich an der Taille beugen lässt, sodass sie sitzen und zu großen Abenteuern im Mini BarbieLand fahren kann. Fans ab 4 Jahren werden es nicht erwarten können, all diese niedlichen Fahrzeuge zu sammeln, um ihre eigene Miniwelt aufzubauen! Alle Artikel separat erhältlich. Abweichungen in Farbe und Gestaltung vorbehalten.||||||||4 Jahre||||||||||||||Non-Organic||||"{'target_group': 'Kindergartenkinder|Grundschüler', 'manufacturer': 'Mattel GmbH', 'Artikelnummer des Herstellers': 'HYF41', 'license': '0', 'Altersempfehlung ab': '4 Jahre', 'Altersempfehlung bis': '99 Jahre', 'Spieldauer in Min.': '0', 'Inhalt': '1 Stk.', 'Spieleranzahl': '0', 'Produkttyp': 'Sonstiges', 'verschluckbare Magnete': 'Nein'}"||||||||||||||0|0|3013427_1.png|https://static.mueller.de/pdzoom/194735245178.webp|3013427_2.png|https://static.mueller.de/pdzoom/194735245178_6.webp|3013427_3.png|https://static.mueller.de/pdzoom/194735245178_4.webp|3013427_4.png|https://static.mueller.de/pdzoom/194735245178_5.webp|3013427_5.png|https://static.mueller.de/pdzoom/194735245178_3.webp|3013427_6.png|https://static.mueller.de/pdzoom/194735245178_2.webp||||||||||||Mattel GmbH||||||||||1 Stk.|||True||3013427P|||||||||10
3013428|mueller||||||||2024-10-28|Barbie Mini BarbieLand Puppe und DreamCamper|BARBIE||1|Stk.|Home|Spielwaren|Kuscheltiere & Puppen|Puppen|Puppenmöbel & Zubehör|Barbie Mini BarbieLand Puppe und DreamCamper||7,99 €|7,99 €|7,99 €|5,99 €||||25%|Sie sparen 25%|||||||EUR|Home> Spielwaren> Kuscheltiere & Puppen> Puppen> Puppenmöbel & Zubehör> Barbie Mini BarbieLand Puppe und DreamCamper|https://www.mueller.at/p/barbie-mini-barbieland-puppe-und-dreamcamper-IPN3013428/|1 Stk.|Willkommen in der Welt der Barbie-Puppe im Mini BarbieLand ein Ort für große Vorstellungskraft und Träume im Miniformat! Diese Mini-Auto-Sets für traumhafte Fahrten mit Überraschungen sind bereit zum Spielen oder Präsentieren. Diese Nachbildung des legendären Barbie DreamCamper in kleinerem Maßstab umfasst funktionierende Türen und einen Pool mit Farbwechsel! Das Set enthält eine bezaubernd gestylte, ca. 4 cm große Barbie-Puppe, die ihre Taille beugen kann, sodass sie sitzen und zu großen Abenteuern im Mini BarbieLand fahren kann. Fans ab 4 Jahren werden es nicht erwarten können, all diese niedlichen Fahrzeuge zu sammeln, um ihre eigene Miniwelt aufzubauen! Alle Artikel separat erhältlich. Abweichungen in Farbe und Gestaltung vorbehalten.||||||||4 Jahre||||||||||||||Non-Organic||||"{'target_group': 'Kindergartenkinder|Grundschüler', 'manufacturer': 'Mattel GmbH', 'Artikelnummer des Herstellers': 'HYF39', 'license': '0', 'Altersempfehlung ab': '4 Jahre', 'Altersempfehlung bis': '99 Jahre', 'Spieldauer in Min.': '0', 'Inhalt': '1 Stk.', 'Spieleranzahl': '0', 'Produkttyp': 'Sonstiges', 'verschluckbare Magnete': 'Nein'}"||||||||||||||0|0|3013428_1.png|https://static.mueller.de/pdzoom/194735245208.webp|3013428_2.png|https://static.mueller.de/pdzoom/194735245208_2.webp|3013428_3.png|https://static.mueller.de/pdzoom/194735245208_3.webp|3013428_4.png|https://static.mueller.de/pdzoom/194735245208_5.webp|3013428_5.png|https://static.mueller.de/pdzoom/194735245208_6.webp|3013428_6.png|https://static.mueller.de/pdzoom/194735245208_4.webp||||||||||||Mattel GmbH||||||||||1 Stk.|||True||3013428P|||||||||10
2879782|mueller||||||||2024-10-28|Festplatte 1TB, USB 3.0, 6.35cm (2.5''), schwarz|||1|Stk.|Home|Multi-Media|Unterhaltungselektronik|Speichermedien|Festplatte 1TB, USB 3.0, 6.35cm (2.5''), schwarz|||69,99 €|69,99 €||||||||||||||EUR|Home> Multi-Media> Unterhaltungselektronik> Speichermedien> Festplatte 1TB, USB 3.0, 6.35cm (2.5''), schwarz|https://www.mueller.at/p/festplatte-1tb-usb-3-0-6-35cm-2-5-schwarz-IPN2879782/|1 Stk.|Die 2. Generation der portablen USB 3.0 Festplatte von Verbatim ist die perfekte Speicherlösung für alle Anwender, die auch unterwegs Daten schnell und sicher speichern möchten. Die kompakte Bauform und das geringe Gewicht ermöglichen einen problemlosen Transport, so dass das Laufwerk jederzeit mit dabei sein kann. USB 3.0 bietet bis zu 10 mal schnellere Datenübertragungsraten als USB 2.0 (basierend auf USB-Busgeschwindigkeit) und ermöglicht ultra-schnelle Tansfers. Dank Abwärtskompatibilität kann die Festplatte auch an älteren USB 1.1/2.0 Anschlüssen verwendet werden (mit entsprechend verringerter Geschwindigkeit). Die Stromversorgung erfolgt direkt über den USB-Anschluss, so dass kein zusätzliches Netzteil für den Betrieb benötigt wird. Mit nur einem Kabel ist die Festplatte damit sofort einsatzbereit. Dank der lüfterlosen Bauweise ist sie im Betrieb außerdem flüsterleise. Neben dem modernen, eleganten Design überzeugt das Laufwerk auch durch die USB REC & PLAY Funktionalität, die den Einsatz an PVR-fähigen Fernsehgeräten und Receivern ermöglicht. Damit können Fernsehsendungen problemlos aufgenommen und wiedergegeben werden (PVR = Personal Video Recorder). Im Lieferumfang sind eine Backup-Software (Nero) zur Sicherung der gespeicherten Daten sowie ein Programm zum Energiesparen enthalten.||||||||||||||||||||||Non-Organic||||{'scope_of_delivery': 'Festplatte, Kabel, Software', 'Inhalt': '1 Stk.', 'Produkttyp': 'Datenträger'}||||||||||||||0|0|2879782_1.png|https://static.mueller.de/pdzoom/0023942531944-pv.webp|2879782_2.png|https://static.mueller.de/0023942531944-pd-1/pdzoom/festplatte-1tb-usb-3-0-6-35cm-2-5-schwarz.webp||||||||||||||||||||||||||||||1 Stk.|||True||2879782P|||||||||3
2879783|mueller||||||||2024-10-28|Eichhorn - Constructor, LKW´s|EICHHORN||1|Stk.|Home|Spielwaren|Baby & Kleinkind|Kleinkindspielzeug|Eichhorn - Constructor, LKW´s|||29,99 €|29,99 €|29,99 €|24,99 €||||17%|Sie sparen 17%|||||||EUR|Home> Spielwaren> Baby & Kleinkind> Kleinkindspielzeug> Eichhorn - Constructor, LKW´s|https://www.mueller.at/p/eichhorn-constructor-lkw-s-IPN2879783/|1 Stk.|Eichhorn Constructor LKW's: Baue dir aus dem 135-teiligen Eichhorn Constructor Set eines von 4 tollen Modellen. Mit Hilfe der mitgelieferten Werkzeuge, der Anleitung und den Schrauben werden die Holzteile und Verbindungselemente miteinander fixiert und eines der Modelle entsteht. Das Zusammenfügen fördert und schult das räumliche Denken und die Feinmotorik. Die Modellvarianten bei diesem Set: LKW, Pick-Up, Kipper, Lieferwagen. Für die Herstellung der Eichhorn Constructor Artikel wird ausschließlich Holz aus nachhaltiger Forstwirtschaft verwendet. Für Kinder ab 5 Jahren geeignet. Dieser Eichhorn Artikel ist Made in Germany.||||||||5 Jahre||||||||||||||Non-Organic||||"{'target_group': 'Kindergartenkinder|Grundschüler', 'Artikelnummer des Herstellers': '100039200', 'Altersempfehlung ab': '5 Jahre', 'Inhalt': '1 Stk.', 'Produkttyp': 'Erstes Konstruieren'}"||||||||||||||0|0|2879783_1.png|https://static.mueller.de/pdzoom/4051902001929_2.webp|2879783_2.png|https://static.mueller.de/pdzoom/4051902001929_7.webp|2879783_3.png|https://static.mueller.de/pdzoom/4051902001929_6.webp|2879783_4.png|https://static.mueller.de/pdzoom/4051902001929_5.webp|2879783_5.png|https://static.mueller.de/pdzoom/4051902001929_4.webp|2879783_6.png|https://static.mueller.de/pdzoom/4051902001929_3.webp||||||||||||100039200||||||||||1 Stk.|||True||2879783P|||||||||10
2879784|mueller||||||||2024-10-28|DVD Recorder, USB 2.0, 8x/6x/24x, Slimline|||1|Stk.|Home|Multi-Media|Unterhaltungselektronik|Speichermedien|DVD Recorder, USB 2.0, 8x/6x/24x, Slimline|||39,99 €|39,99 €||||||||||||||EUR|Home> Multi-Media> Unterhaltungselektronik> Speichermedien> DVD Recorder, USB 2.0, 8x/6x/24x, Slimline|https://www.mueller.at/p/dvd-recorder-usb-2-0-8x-6x-24x-slimline-IPN2879784/|1 Stk.|Der besonders kompakte DVD-Recorder zeichnet sich durch den zuverlässigen Betrieb aus. Die Stromversorgung erfolgt über den USB-Anschluss, wodurch der Betrieb mit nur einem Kabel möglich ist und kein zusätzliches Netzteil benötigt wird. Das Gerät ist so ideal für den mobilen Einsatz geeignet - vor allem in Verbindung mit Note- und Ultrabooks, die keinen integrierten Recorder mehr haben. Im Lieferumfang ist die Software Nero Burn & Archive enthalten, mit der einfach CDs und DVDs sowie Datensicherungen erstellt werden können. Die Unterstützung von M-DISC ermöglicht eine bis zu 1000-jährige Datensicherheit. Das Laufwerk erkennt dabei automatisch die eingelegte M-DISC und passt die Lasertemperatur beim Schreiben an. Dadurch werden Daten regelrecht in das patentierte, steinähnliche Material der M-DISC eingraviert. Damit stellt die M-DISC das ideale Speichermedium für Daten, Backups, Fotos und Videos dar. Da die beschriebenen M-DISCs auch mit herkömmlichen DVD-Laufwerken (ohne explizite M-DISC-Funktionalität) gelesen werden können, ergibt sich zudem eine besonders hohe Kompatibilität.||||||||||||||||||||||Non-Organic||||{'scope_of_delivery': 'Recorder, Kabel, Software', 'Inhalt': '1 Stk.', 'Produkttyp': 'Datenträger'}||||||||||||||0|0|2879784_1.png|https://static.mueller.de/pdzoom/0023942989387-pv.webp|2879784_2.png|https://static.mueller.de/0023942989387-pd-1/pdzoom/dvd-recorder-usb-2-0-8x-6x-24x-slimline.webp||||||||||||||||||||||||||||||1 Stk.|||True||2879784P|||||||||3
2879785|mueller||||||||2024-10-28|Blu-ray Recorder, USB 3.0, 6x/8x/24x, Slimline|||1|Stk.|Home|Multi-Media|Unterhaltungselektronik|Speichermedien|Blu-ray Recorder, USB 3.0, 6x/8x/24x, Slimline|||89,99 €|89,99 €||||||||||||||EUR|Home> Multi-Media> Unterhaltungselektronik> Speichermedien> Blu-ray Recorder, USB 3.0, 6x/8x/24x, Slimline|https://www.mueller.at/p/blu-ray-recorder-usb-3-0-6x-8x-24x-slimline-IPN2879785/|1 Stk.|Der kompakte und leichte Blu-ray BDXL/DVD-Recorder zeichnet sich durch den zuverlässigen Betrieb aus. Die Stromversorgung erfolgt über den USB-Anschluss, so dass für den Betrieb nur ein einziges Kabel und kein zusätzliches Netzteil benötigt wird. Das Gerät ist so ideal für den mobilen Einsatz geeignet - vor allem in Verbindung mit Note-/Ultrabooks, die keinen internen Recorder mehr haben. Im Lieferumfang ist die Software Nero Burn & Archive enthalten, mit der einfach CDs, DVDs und Blu-rays sowie Datensicherungen erstellt werden können. Die Unterstützung von M-DISC ermöglicht eine bis zu 1000-jährige Datensicherheit. Das Laufwerk erkennt dabei automatisch die eingelegte M-DISC und passt die Lasertemperatur beim Schreiben an. Dadurch werden Daten regelrecht in das patentierte, steinähnliche Material der M-DISC eingraviert. Damit stellt die M-DISC das ideale Speichermedium für Daten, Backups, Fotos und Videos dar. Da die beschriebenen M-DISCs auch mit herkömmlichen DVD-Laufwerken (ohne explizite M-DISC-Funktionalität) gelesen werden können, ergibt sich zudem eine besonders hohe Kompatibilität.||||||||||||||||||||||Non-Organic||||{'scope_of_delivery': 'Recorder, Kabel, Software, Blu-ray Disc (25GB)', 'Inhalt': '1 Stk.', 'Produkttyp': 'Datenträger'}||||||||||||||0|0|2879785_1.png|https://static.mueller.de/pdzoom/0023942438908-pv.webp|2879785_2.png|https://static.mueller.de/0023942438908-pd-1/pdzoom/blu-ray-recorder-usb-3-0-6x-8x-24x-slimline.webp||||||||||||||||||||||||||||||1 Stk.|||True||2879785P|||||||||3
2879786|mueller||||||||2024-10-28|Eichhorn - Constructor, Dinosaurier|EICHHORN||1|Stk.|Home|Spielwaren|Baby & Kleinkind|Kleinkindspielzeug|Eichhorn - Constructor, Dinosaurier|||24,99 €|24,99 €||||||||||||||EUR|Home> Spielwaren> Baby & Kleinkind> Kleinkindspielzeug> Eichhorn - Constructor, Dinosaurier|https://www.mueller.at/p/eichhorn-constructor-dinosaurier-IPN2879786/|1 Stk.|Eichhorn Constructor Dinosaurier: Baue dir aus 100-Teilen eins von 3 möglichen Dino-Modellen. Mit Hilfe der mitgelieferten Werkzeuge, der Anleitung und den Schrauben werden die Holzteile und Verbindungselemente miteinander fixiert und eines der Modelle entsteht. Der Dinokopf ist jeweils aus angenehmem festem Filz. Das Zusammenfügen fördert und schult das räumliche Denken und die Feinmotorik. Die Modellvarianten bei diesem Set: Stegosaurus, T-Rex, Bronchiosaurus. Für die Herstellung der Eichhorn Constructor Artikel wird ausschließlich Holz aus nachhaltiger Forstwirtschaft verwendet. Für Kinder ab 4 Jahren geeignet. Dieser Eichhorn Artikel ist Made in Germany.||||||||4 Jahre||||||||||||||Non-Organic||||"{'target_group': 'Kindergartenkinder|Grundschüler', 'Artikelnummer des Herstellers': '100039201', 'Altersempfehlung ab': '4 Jahre', 'Inhalt': '1 Stk.', 'Produkttyp': 'Kindergarten'}"||||||||||||||0|0|2879786_1.png|https://static.mueller.de/pdzoom/4051902001943.webp|2879786_2.png|https://static.mueller.de/pdzoom/4051902001943_4.webp|2879786_3.png|https://static.mueller.de/pdzoom/4051902001943_3.webp|2879786_4.png|https://static.mueller.de/pdzoom/4051902001943_2.webp||||||||||||||||100039201||||||||||1 Stk.|||True||2879786P|||||||||10
2879787|mueller||||||||2024-10-28|King C. Gillette Rasiercreme|GILLETTE||175|ml|Home|Drogerie|Pflege|Herrenpflege & Rasur|Rasur|Rasierschaum & -gel|King C. Gillette Rasiercreme|8,99 €|8,99 €|||||||||||51,37 € / 1 l|||EUR|Home> Drogerie> Pflege> Herrenpflege & Rasur> Rasur> Rasierschaum & -gel> King C. Gillette Rasiercreme|https://www.mueller.at/p/king-c-gillette-rasiercreme-IPN2879787/|175 ml|"
Mit unverkennbarem King C. Gillette-Duft
Für eine klassische Rasur
Glatte und cremige Schaumtextur
Reichhaltige Formel schützt Sie vor Hautirritationen
"||||||||||||||||||||||Non-Organic||||{'manufacturer': 'Procter & Gamble', 'Herstelleradresse': '65823 Schwalbach/Ts., Germany', 'Kontaktmöglichkeit': 'www.de.pg.com', 'package_contents': 'Aqua, Palmitic Acid, Stearic Acid, Glycerin, Coconut Acid, Potassium Hydroxide, Triethanolamine, Parfum, Benzyl Alcohol, Sodium Hydroxide, Menthol, Hydroxypropyl Methylcellulose, Argania Spinosa Kernel Oil, Linalool, Mentha Piperita Oil, Coumarin, Limonene, Sodium Chloride, Glyoxal', 'Inhalt': '175 ml', 'scope_of_application': 'Rasur', 'Produkttyp': 'Rasiercreme'}||||||||||||||0|0|2879787_1.png|https://static.mueller.de/pdzoom/8001090876416-VS.webp||||||||||||||||||||||Procter & Gamble||||||||||175 ml|Aqua, Palmitic Acid, Stearic Acid, Glycerin, Coconut Acid, Potassium Hydroxide, Triethanolamine, Parfum, Benzyl Alcohol, Sodium Hydroxide, Menthol, Hydroxypropyl Methylcellulose, Argania Spinosa Kernel Oil, Linalool, Mentha Piperita Oil, Coumarin, Limonene, Sodium Chloride, Glyoxal||True||2879787P|||||||||10
153691|mueller||||||||2024-10-28|Tamiya - 1:35 Diorama-set Us Infanterie-waff|TAMIYA||1|Stk.|Home|Spielwaren|Modellbau & Modelleisenbahn|Modellbau|Werkzeuge|Tamiya - 1:35 Diorama-set Us Infanterie-waff||6,49 €|6,49 €||||||||||||||EUR|Home> Spielwaren> Modellbau & Modelleisenbahn> Modellbau> Werkzeuge> Tamiya - 1:35 Diorama-set Us Infanterie-waff|https://www.mueller.at/p/tamiya-1-35-diorama-set-us-infanterie-waff-153691/|1 Stk.|Tamiya - 1:35 Diorama-set Us Infanterie-waffen||||||||14 Jahre||||||||||||||Non-Organic||||"{'target_group': 'Jugendliche|Erwachsene', 'Kontaktmöglichkeit': 'TAMIYA - CARSON Modellbau GmbH & Co. KG', 'Artikelnummer des Herstellers': '300035121', 'license': 'Tamiya Plastik Modelle Militär 1:35', 'Altersempfehlung ab': '14 Jahre', 'Materialdetails': 'Kunststoff (Hauptsächlich)', 'Material': 'Kunststoff (Hauptsächlich)', 'Inhalt': '1 Stk.', 'Produkttyp': 'Werkzeug und Zubehör'}"||||||||Kunststoff (Hauptsächlich)||||||0|0|153691_1.png|https://static.mueller.de/71885312-PV-0/pdzoom/tamiya-1-35-diorama-set-us-infanterie-waff.webp|153691_2.png|https://static.mueller.de/71885312-PB-1/pdzoom/tamiya-1-35-diorama-set-us-infanterie-waff.webp|153691_3.png|https://static.mueller.de/71885312-PB-2/pdzoom/tamiya-1-35-diorama-set-us-infanterie-waff.webp||||||||||||||||||300035121||||||||||1 Stk.|||True||153691P|||||||||6
737787|mueller||||||||2024-10-28|LOGONA Pflege Shampoo Bio-Brennnessel|LOGONA||250|ml|Home|Parfümerie|Pflege|Haarpflege|Haarwäsche|LOGONA Pflege Shampoo Bio-Brennnessel||8,49 €|8,49 €|||||||||||33,96 € / 1 l|||EUR|Home> Parfümerie> Pflege> Haarpflege> Haarwäsche> LOGONA Pflege Shampoo Bio-Brennnessel|https://www.mueller.at/p/logona-pflege-shampoo-bio-brennnessel-330743974/|250 ml|schenkt natürlichen Glanz und Pflege Pflegt & strkt das HaarSanfte Reinigung fr alle HaartypenDie vegane Formel natrlichen Ursprungs basiert auf besonders milden Tensiden und hauseigenem Bio-BrennnesselextraktFr eine sanfte Reinigung und natrlich gestrktes Haar PH-hautneutral Fr die tgliche Haarwsche geeignetNatrue Zertifiziert Verpackung aus recyceltem Kunststoff: Flasche 100% rPET, Etikett 50% rPE||||||||||||||||||||||Non-Organic||||{'Effekt': 'pflegend', 'target_group': 'Unisex', 'manufacturer': 'Logocos Naturkosmetik GmbH & Co. KG', 'Herstelleradresse': 'Zur Kräuterwiese, D-31020 Salzhemmendorf', 'Kontaktmöglichkeit': '05153/809-00', 'Anwendungshinweis': 'Für die tägliche Anwendung empfohlen. Bei Kontakt mit den Augen diese sofort gründlich ausspülen.', 'package_contents': 'Aqua (Water), Coco-Glucoside, Alcohol*, Glycerin, Disodium Cocoyl Glutamate, Sodium Cocoyl Glutamate, Sodium PCA, Xanthan Gum, Glyceryl Oleate, Citric Acid, Urtica Dioica (Nettle) Extract*, Phytic Acid, Levulinic Acid, Sodium Levulinate, Tocopherol, Hydrogenated Palm Glycerides Citrate, Lecithin, Ascorbyl Palmitate, Parfum (Fragrance)**, Limonene**, Linalool** *aus kontrolliert biologischem Anbau **aus natürlichen ätherischen Ölen', 'product_property': 'reinigend', 'Inhalt': '250 ml', 'Batterien erforderlich': 'Nein', 'Produkttyp': 'Haarshampoo'}||||||||||||||4.5652|46|737787_1.png|https://static.mueller.de/pdzoom/4017645036932_PV.webp||||||||||||||||||||||Logocos Naturkosmetik GmbH & Co. KG||||||||||250 ml|Aqua (Water), Coco-Glucoside, Alcohol*, Glycerin, Disodium Cocoyl Glutamate, Sodium Cocoyl Glutamate, Sodium PCA, Xanthan Gum, Glyceryl Oleate, Citric Acid, Urtica Dioica (Nettle) Extract*, Phytic Acid, Levulinic Acid, Sodium Levulinate, Tocopherol, Hydrogenated Palm Glycerides Citrate, Lecithin, Ascorbyl Palmitate, Parfum (Fragrance)**, Limonene**, Linalool** *aus kontrolliert biologischem Anbau **aus natürlichen ätherischen Ölen||True||737787P||||Abweichungen je nach Charge vorbehalten. Maßgeblich für das jeweilige Produkt ist die Deklaration auf der Verpackung. Durch die Auflistung der Inhaltsstoffe nach INCI (International Nomenclature of Cosmetic Ingredients) ist eine europaweit einheitliche und sprachenunabhängige Deklaration der Inhaltsstoffe möglich.|||||10
737783|mueller||||||||2024-10-28|LOGONA Volumen Shampoo Bier & Bio Honig|LOGONA||250|ml|Home|Parfümerie|Pflege|Haarpflege|Haarwäsche|LOGONA Volumen Shampoo Bier & Bio Honig||8,49 €|8,49 €|||||||||||33,96 € / 1 l|||EUR|Home> Parfümerie> Pflege> Haarpflege> Haarwäsche> LOGONA Volumen Shampoo Bier & Bio Honig|https://www.mueller.at/p/logona-volumen-shampoo-bier-bio-honig-330743979/|250 ml|verleiht Fülle und schwereloses Volumen Verleiht mehr FlleSanfte Reinigung fr feines HaarDie vegane Formel natrlichen Ursprungs basiert auf besonders milden Tensiden und hauseigenem Bio-BrennnesselextraktFr eine sanfte Reinigung und natrlich gestrktes Haar PH-hautneutral Fr die tgliche Haarwsche geeignetNatrue Zertifiziert Verpackung aus recyceltem Kunststoff: Flasche 100% rPET, Etikett 50% rPE||||||||||||||||||||||Non-Organic||||"{'Effekt': 'pflegend', 'target_group': 'Unisex', 'manufacturer': 'LOGOCOS Naturkosmetik GmbH & Co. KG', 'Herstelleradresse': 'Zur Kräuterwiese, D-31020 Salzhemmendorf', 'Kontaktmöglichkeit': '05153/809-00', 'Anwendungshinweis': 'Für die tägliche Anwendung empfohlen. Bei Kontakt mit den Augen diese sofort gründlich ausspülen.', 'package_contents': ""Aqua (Water), Beer, Alcohol denat.*, Coco Glucoside, Glycerin, Disodium Cocoyl Glutamate, Sodium Cocoyl Glutamate, Sodium PCA, Glyceryl Oleate, Mel (Honey)*, Calendula Officinalis Flower Extract*, Hydrolyzed Silk, Triticum Vulgare (Wheat) Bran Extract, Xanthan Gum, Citric Acid, Phytic Acid, Parfum (Fragrance)**, Limonene**, Linalool** *aus kontrolliert biologischem Anbau/issu de I'agriculture biologique/da coltivazione biologica controllata **aus natürlichen ätherischen Ölen/issus d´huiles essentielles naturelles/ da oil essenziali naturali"", 'product_property': 'reinigend', 'Inhalt': '250 ml', 'Batterien erforderlich': 'Nein', 'Produkttyp': 'Haarshampoo'}"||||||||||||||4.2326|43|737783_1.png|https://static.mueller.de/markant_04017645008038_pv_3841622/pdzoom/logona-volumen-shampoo-bier-bio-honig.webp|737783_2.png|https://static.mueller.de/markant_04017645008038_pr_3841619/pdzoom/logona-volumen-shampoo-bier-bio-honig.webp||||||||||||||||||||LOGOCOS Naturkosmetik GmbH & Co. KG||||||||||250 ml|Aqua (Water), Beer, Alcohol denat.*, Coco Glucoside, Glycerin, Disodium Cocoyl Glutamate, Sodium Cocoyl Glutamate, Sodium PCA, Glyceryl Oleate, Mel (Honey)*, Calendula Officinalis Flower Extract*, Hydrolyzed Silk, Triticum Vulgare (Wheat) Bran Extract, Xanthan Gum, Citric Acid, Phytic Acid, Parfum (Fragrance)**, Limonene**, Linalool** *aus kontrolliert biologischem Anbau/issu de I'agriculture biologique/da coltivazione biologica controllata **aus natürlichen ätherischen Ölen/issus d´huiles essentielles naturelles/ da oil essenziali naturali||True||737783P||||Abweichungen je nach Charge vorbehalten. Maßgeblich für das jeweilige Produkt ist die Deklaration auf der Verpackung. Durch die Auflistung der Inhaltsstoffe nach INCI (International Nomenclature of Cosmetic Ingredients) ist eine europaweit einheitliche und sprachenunabhängige Deklaration der Inhaltsstoffe möglich.|||||10
2879716|mueller||||||||2024-10-28|Sterntaler - Schmusetuch Emmilius|STERNTALER||1|Stk.|Home|Spielwaren|Baby & Kleinkind|Babyspielzeug|Weiteres Spielzeug|Sterntaler - Schmusetuch Emmilius||19,99 €|19,99 €||||||||||||||EUR|Home> Spielwaren> Baby & Kleinkind> Babyspielzeug> Weiteres Spielzeug> Sterntaler - Schmusetuch Emmilius|https://www.mueller.at/p/sterntaler-schmusetuch-emmilius-IPN2879716/|1 Stk.|Kuscheln, spielen, erkunden: Mit dem Schmusetuch Esel Emmilius von Sterntaler kommt keine Langeweile auf. Schmusetuch Esel Emmilius aus der Kindergarten Collection von Sterntaler mit Zipfeln, Knoten, Möhren-Applikation und Halbring aus Flauschstoff, Polycotton und Jersey, maschinenwaschbar ab Geburt geeignet Das Schmusetuch ist immer zur Stelle, wenn der Nachwuchs kuscheln möchte, Trost benötigt oder Lust auf fröhliche Spiele hat. Er kann den kleinen Esel Emmilius genau unter die Lupe nehmen. Die verschiedenen Texturen der Textilien bieten ihm haptische Anreize. Details wie die Zipfel und Knoten, die applizierte Möhre oder der weiche Halbring wollen genau erkundet werden. Als Teil der Kindergarten Collection kommt das Schmusetuch ohne Rassel oder Quietsche aus. So kann es die Minis auch während der Ruhezeiten begleiten. Bei Bedarf kann es bei 40 Grad Celsius in der Waschmaschine gereinigt werden.||||||||0 Monate||||||||||||||Non-Organic||||"{'target_group': 'Säuglinge|Kleinkinder', 'Artikelnummer des Herstellers': '3212106', 'Altersempfehlung ab': '0 Monate', 'Inhalt': '1 Stk.', 'Produkttyp': 'Sonstiges Spielzeug'}"||||||||||||||0|0|2879716_1.png|https://static.mueller.de/pdzoom/4055579551732.webp|2879716_2.png|https://static.mueller.de/pdzoom/4055579551732_2.webp|2879716_3.png|https://static.mueller.de/pdzoom/4055579551732_3.webp||||||||||||||||||3212106||||||||||1 Stk.|||True||2879716P|||||||||10
403260|mueller||||||||2024-10-28|Der Schuh des Manitu - Digitally Remastered|||1|Stk.|Home|Multi-Media|Filme & TV|Komödie & Comedy|Der Schuh des Manitu - Digitally Remastered|||7,99 €|7,99 €||||||||||||||EUR|Home> Multi-Media> Filme & TV> Komödie & Comedy> Der Schuh des Manitu - Digitally Remastered|https://www.mueller.at/p/der-schuh-des-manitu-digitally-remastered-403260/|1 Stk.|"""Der Schuh des Manitu - Extra Large"" sorgt mit vielen tollen neu gedrehten Szenen und einem ganzen Sack voll brandneuem Bonusmaterial für viel gute Laune!

Inhalt:
Wilder Westen, mitten im 18. Jahrhundert:
Der Apachen-Häuptling Abahachi und sein Blutsbruder Ranger sind zuständig für Frieden und Gerechtigkeit. Als Abahachi bei den Schoschonen einen Kredit zur Finanzierung eines Stamm-Lokals aufnimmt, beginnen die Schwierigkeiten: Er gerät an den Gauner Santa Maria, der ihm nicht nur eine Schrottfassade andreht und mit dem geliehenen Geld durchbrennt, sondern die Blutsbrüder bei den Schoschonen auch noch anschwärzt. So kommt es dazu, dass im Land, wo die Schoschonen schön wohnen, mangels Kriegsbeil der Klappstuhl ausgegraben wird..."||||||||||||||||||||||Non-Organic||||"{'medium': 'DVD', 'manufacturer': 'Constantin Film (Universal)', 'Bildformat': 'Widescreen', 'Zusatzinfos / Bonusmaterial beim Film dabei': 'Laufzeit Bonusmaterial ca. 57 Min.;\nAudiokommentare;\nMaking Of - Die Legende (ca. 22 Min.);\nMaking Of - Visual Effects (ca. 8 Min.);\nMaking Of - Grauer Star (ca. 6 Min.);\nMusikvideo (ca. 3 Min.);\nInterviews (ca. 11 Min.);\nDer Schuh des Abahachi (ca. 3 Min.);\nUrlaubsdias Winnetouch (ca. 4 Min.);\nBeinhaltet sowohl die Extra Large-Version (93 Min.) als auch die Kino-Version (85 Min.) des Films;', 'Inhalt': '1 Stk.', 'Laufzeit in min (gesamt)': '82', 'Produktionsjahr': '2001', 'Produktionsland': 'Deutschland', 'Regisseur': 'Michael ""Bully"" Herbig', 'Schauspieler': 'Christian Tramitz,Michael ""Bully"" Herbig,Sky du Mont,Marie Bäumer,Hilmi Sözer,Rick Kavanian,Tim Wilde,Sigfried Terpoorten,Irshad Panjatan', 'Special Edition': 'Nein', 'Tonformat-Sprache': 'Deutsch,Deutsch', 'packaging_type': 'Softbox', 'Hauptgenre': 'Western|Komödie|Deutscher Film'}"||||||||||||||5.0|1|403260_1.png|https://static.mueller.de/videojakob_4011976892281_pv_470180/pdzoom/der-schuh-des-manitu-digitally-remastered.webp|403260_2.png|https://static.mueller.de/pdzoom/videojakob_4011976892281_pr_470180-back.webp|403260_3.png|https://static.mueller.de/videojakob_4011976892281_pd_66605947/pdzoom/der-schuh-des-manitu-digitally-remastered.webp|403260_4.png|https://static.mueller.de/videojakob_4011976892281_pd_66606244/pdzoom/der-schuh-des-manitu-digitally-remastered.webp|403260_5.png|https://static.mueller.de/videojakob_4011976892281_pd_66606572/pdzoom/der-schuh-des-manitu-digitally-remastered.webp||||||||||||||Constantin Film (Universal)||||||||||1 Stk.|||False||403260P|||||||||1
2879723|mueller||||||||2024-10-28|Sterntaler - Schmusetuch Bär Ben in Dunkelgrün, 27 cm|STERNTALER||1|Stk.|Home|Spielwaren|Baby & Kleinkind|Babyspielzeug|Weiteres Spielzeug|Sterntaler - Schmusetuch Bär Ben in Dunkelgrün, 27 cm||15,99 €|15,99 €||||||||||||||EUR|Home> Spielwaren> Baby & Kleinkind> Babyspielzeug> Weiteres Spielzeug> Sterntaler - Schmusetuch Bär Ben in Dunkelgrün, 27 cm|https://www.mueller.at/p/sterntaler-schmusetuch-baer-ben-in-dunkelgruen-27-cm-IPN2879723/|1 Stk.|"Kleines Baby Schnuffeltuch Bär aus Plüsch und Jersey, ohne Rassel
Größe (B x H x L in cm):
27x18x6 cm
Altersempfehlung:
ab Geburt
Material:
Plüsch: 100 % Polyester; Jersey: 100 % Baumwolle; Nicki: 65 % Baumwolle, 33 % Elasthan, 2 % Polyester; Jersey: 70 % Baumwolle, 30 % Polyester
Das kleine Schnuffeltuch Bär Ben aus Plüsch, Nicki und geringeltem Jersey ist der perfekte Freund für dein Baby. Egal ob zum Spielen, Kuscheln, Schlafen oder Geschichten erzählen – das niedliche Schmusetuch begleitet durch eine unvergessliche Kindheit und schenkt Freude, Unterhaltung und Trost. Der angenehme Stoff ist sehr weich und eignet sich somit auch bestens für die Allerkleinsten. Das kuschelige Schmusetuch ist ideal für kleine neugierige Kinderhände und lädt dank der verschiedenen Materialien und Farben zum Greifen, Fühlen und Erforschen ein."||||||||0 Monate||||||||||||||Non-Organic||||"{'target_group': 'Säuglinge|Kleinkinder', 'Artikelnummer des Herstellers': '3202002', 'Altersempfehlung ab': '0 Monate', 'Inhalt': '1 Stk.', 'Produkttyp': 'Sonstiges Spielzeug'}"||||||||||||||0|0|2879723_1.png|https://static.mueller.de/pdzoom/4004701114109.webp|2879723_2.png|https://static.mueller.de/pdzoom/4004701114109_2.webp|2879723_3.png|https://static.mueller.de/pdzoom/4004701114109_3.webp||||||||||||||||||3202002||||||||||1 Stk.|||False||2879723P|||||||||1
2879726|mueller||||||||2024-10-28|Sterntaler - Mini-Spieltier Elefant Eddy mit Rassel, Grau|STERNTALER||1|Stk.|Home|Spielwaren|Baby & Kleinkind|Babyspielzeug|Weiteres Spielzeug|Sterntaler - Mini-Spieltier Elefant Eddy mit Rassel, Grau||11,99 €|11,99 €||||||||||||||EUR|Home> Spielwaren> Baby & Kleinkind> Babyspielzeug> Weiteres Spielzeug> Sterntaler - Mini-Spieltier Elefant Eddy mit Rassel, Grau|https://www.mueller.at/p/sterntaler-mini-spieltier-elefant-eddy-mit-rassel-grau-IPN2879726/|1 Stk.|"Kuscheltier aus Flauschstoff mit gestickten Augen und kleinem Halstuch
Größe (B x H x L in cm):
13x14x5
Altersempfehlung:
ab Geburt
Material:
Flausch: 100 % Polyester; Jersey: 100 % Baumwolle; Wattierung: 100 % Polyester
Mit gestrecktem Rüssel scheint das niedliche Stofftier Elefant Eddy dein Baby mit einem freundlichen ""Töröö"" auf der Welt zu begrüßen. Liebevoll im Detail mit kleinem Halstuch, gestickten Augen, integrierter Rassel und Kontrasteinsätzen an den Ohren lädt das Spieltier kleine Hände zum Fühlen, Tasten und Entdecken ein. Einfach so oder als Mitbringsel zur Baby Shower Party - das niedliche Kuscheltier ist eine super Geschenk Idee und kann schön mit vielen Produkten der Serie Elefant Eddy und Hase Happy kombiniert und ergänzt werden.Wir empfehlen eine Reinigung in der Waschmaschine bei 40° C."||||||||0 Monate||||||||||||||Non-Organic||||"{'target_group': 'Säuglinge|Kleinkinder', 'Artikelnummer des Herstellers': '3052211', 'Altersempfehlung ab': '0 Monate', 'Inhalt': '1 Stk.', 'Produkttyp': 'Sonstiges Spielzeug'}"||||||||||||||0|0|2879726_1.png|https://static.mueller.de/pdzoom/4066891036975.webp|2879726_2.png|https://static.mueller.de/pdzoom/4066891036975_3.webp|2879726_3.png|https://static.mueller.de/pdzoom/4066891036975_2.webp||||||||||||||||||3052211||||||||||1 Stk.|||False||2879726P|||||||||1
2879727|mueller||||||||2024-10-28|Sterntaler - Greifling Ben|STERNTALER||1|Stk.|Home|Spielwaren|Baby & Kleinkind|Babyspielzeug|Spielzeug mit Rassel|Sterntaler - Greifling Ben||13,99 €|13,99 €||||||||||||||EUR|Home> Spielwaren> Baby & Kleinkind> Babyspielzeug> Spielzeug mit Rassel> Sterntaler - Greifling Ben|https://www.mueller.at/p/sterntaler-greifling-ben-IPN2879727/|1 Stk.|"Geeignet ab Geburt
Kuschliger Bär Ben zum Greifen
Mit integrierter Rassel
Hergestellt aus Baumwolle und Polyester
In der Maschine bei 40° waschbar
Grösse: 17 cm"||||||||0 Monate||||||||||||||Non-Organic||||"{'target_group': 'Säuglinge|Kleinkinder', 'Artikelnummer des Herstellers': '3302002', 'Altersempfehlung ab': '0 Monate', 'Inhalt': '1 Stk.', 'Produkttyp': 'Rasseln | Greiflinge'}"||||||||||||||0|0|2879727_1.png|https://static.mueller.de/pdzoom/4004701129585.webp|2879727_2.png|https://static.mueller.de/pdzoom/4004701129585_2.webp|2879727_3.png|https://static.mueller.de/pdzoom/4004701129585_4.webp|2879727_4.png|https://static.mueller.de/pdzoom/4004701129585_3.webp||||||||||||||||3302002||||||||||1 Stk.|||True||2879727P|||||||||10
2879721|mueller||||||||2024-10-28|Sterntaler - Mini-Spieltier Esel Emmilius in Basilikumgrün|STERNTALER||1|Stk.|Home|Spielwaren|Baby & Kleinkind|Babyspielzeug|Weiteres Spielzeug|Sterntaler - Mini-Spieltier Esel Emmilius in Basilikumgrün||9,99 €|9,99 €||||||||||||||EUR|Home> Spielwaren> Baby & Kleinkind> Babyspielzeug> Weiteres Spielzeug> Sterntaler - Mini-Spieltier Esel Emmilius in Basilikumgrün|https://www.mueller.at/p/sterntaler-mini-spieltier-esel-emmilius-in-basilikumgruen-IPN2879721/|1 Stk.|"Weiches Kuscheltier aus Struktur-Nicki und Flauschmaterial mit Rassel
Größe (B x H x L in cm):
17 x 11 x 6 cm
Altersempfehlung:
ab Geburt
Material:
Flauschstoff: 100 % Polyester; Nicki: 80 % Baumwolle, 20 % Polyester
Unser süßes Kuscheltier Esel Emmilius kann mit seiner Größe von 17 cm schon sehr gut von Babys kleinen Händchen gehalten werden. Der Materialmix aus Flauschstoff und Polycotton ist strapazierfähig und pflegeleicht. Emmilius schaut dein Baby mit niedlichen Knopfaugen an. Fein aufeinander abgestimmte Details, wie die unterschiedlichen Öhrchen und das süße bedruckte Halstuch, machen Babys ersten Begleiter perfekt. Lustig rasselt Emmilius, wenn mit ihm gespielt und geschmust wird. geschmust wird."||||||||0 Monate||||||||||||||Non-Organic||||"{'target_group': 'Säuglinge|Kleinkinder', 'Artikelnummer des Herstellers': '3052176', 'Altersempfehlung ab': '0 Monate', 'Inhalt': '1 Stk.', 'Produkttyp': 'Sonstiges Spielzeug'}"||||||||||||||0|0|2879721_1.png|https://static.mueller.de/pdzoom/4055579815056.webp||||||||||||||||||||||3052176||||||||||1 Stk.|||True||2879721P|||||||||10
2879737|mueller||||||||2024-10-28|Sterntaler - Spieltier Elefant Eddy mit Halstuch u. Rassel|STERNTALER||1|Stk.|Home|Spielwaren|Baby & Kleinkind|Babyspielzeug|Weiteres Spielzeug|Sterntaler - Spieltier Elefant Eddy mit Halstuch u. Rassel||17,99 €|17,99 €||||||||||||||EUR|Home> Spielwaren> Baby & Kleinkind> Babyspielzeug> Weiteres Spielzeug> Sterntaler - Spieltier Elefant Eddy mit Halstuch u. Rassel|https://www.mueller.at/p/sterntaler-spieltier-elefant-eddy-mit-halstuch-u-rassel-IPN2879737/|1 Stk.|"Kuscheltier Elefant aus gestreiftem Jersey und Flauschstoff in Grau
Größe (B x H x L in cm):
24x17x10
Altersempfehlung:
ab Geburt
Material:
Flausch: 100 % Polyester; Jersey: 100 % Baumwolle; Wattierung: 100 % Polyester
Babys wollen alles anfassen, fühlen, tasten, berühren und entdecken - mit allen Sinnen. Das Kuscheltier Eddy ist ein niedlicher Begleiter für dein Baby von Geburt an. Niedlich im Design und sorgfältig in der Verarbeitung. Der graue Elefant mit dem kleinen Halstuch ist aus samtigen Velourstoff und fein geringeltem Jersey. Die Elefantenohren, Schlenkerarme oder der Rüssel sind gut zum Greifen und Festhalten. Im Inneren des Baby Spielzeugs befindet sich eine kleine Rassel. Mit Elefant Eddy geht´s durch dick und dünn, wahrscheinich auch drunter und drüber - da ist es überaus praktisch, dass das Kuscheltier nach einer Maschinenwäsche bei 40° C wieder frisch am Start für neue Abenteuer mit deinem Nachwuchs ist. Das Spieltier ist eine super Geschenk-Idee zur Geburt oder Taufe und toll mit vielen weiteren Produkten aus der Serie Eddy und Happy zu ergänzen."||||||||0 Monate||||||||||||||Non-Organic||||"{'target_group': 'Säuglinge|Kleinkinder', 'Artikelnummer des Herstellers': '3012211', 'Altersempfehlung ab': '0 Monate', 'Inhalt': '1 Stk.', 'Produkttyp': 'Sonstiges Spielzeug'}"||||||||||||||0|0|2879737_1.png|https://static.mueller.de/pdzoom/4066891036920.webp|2879737_2.png|https://static.mueller.de/pdzoom/4066891036920_3.webp|2879737_3.png|https://static.mueller.de/pdzoom/4066891036920_2.webp||||||||||||||||||3012211||||||||||1 Stk.|||False||2879737P|||||||||1
2879732|mueller||||||||2024-10-28|Sterntaler - Mini-Spieltier - Emmily|STERNTALER||1|Stk.|Home|Spielwaren|Baby & Kleinkind|Babyspielzeug|Weiteres Spielzeug|Sterntaler - Mini-Spieltier - Emmily||9,99 €|9,99 €||||||||||||||EUR|Home> Spielwaren> Baby & Kleinkind> Babyspielzeug> Weiteres Spielzeug> Sterntaler - Mini-Spieltier - Emmily|https://www.mueller.at/p/sterntaler-mini-spieltier-emmily-IPN2879732/|1 Stk.|Das niedliche Mini-Spieltier mit Rassel in hellrot von Sterntaler ist schon für die Allerkleinsten geeignet, denn es ist strapazierfähig und sorgfältig verarbeitet. Der Oberstoff ist angenehm weich und unterschiedlich gestaltet. Das drollige Eselchen lässt sich gut beknuddeln, lädt zum Greifen ein und besitzt eine Rassel im Kopf.||||||||0 Monate||||||||||||||Non-Organic||||"{'target_group': 'Säuglinge|Kleinkinder', 'Artikelnummer des Herstellers': '3052177', 'Altersempfehlung ab': '0 Monate', 'Inhalt': '1 Stk.', 'Produkttyp': 'Sonstiges Spielzeug'}"||||||||||||||0|0|2879732_1.png|https://static.mueller.de/pdzoom/4055579815063.webp|2879732_2.png|https://static.mueller.de/pdzoom/4055579815063_2.webp||||||||||||||||||||3052177||||||||||1 Stk.|||False||2879732P|||||||||1
2879746|mueller||||||||2024-10-28|NICI DINOS 2023TONY-REX 10CM BB|NICI||1|Stk.|Home|Spielwaren|Kuscheltiere & Puppen|Kuscheltiere|Stofftiere|NICI DINOS 2023TONY-REX 10CM BB||7,99 €|7,99 €||||||||||||||EUR|Home> Spielwaren> Kuscheltiere & Puppen> Kuscheltiere> Stofftiere> NICI DINOS 2023TONY-REX 10CM BB|https://www.mueller.at/p/nici-dinos-2023tony-rex-10cm-bb-IPN2879746/|1 Stk.|Ein furchteinflössender Tyrannosaurus Rex als 10cm großer Schlüsselanhänger? Weit gefehlt - denn Dino Tony-Rex aus der NICI Dino Kollektion ist so liebenswürdig gestaltet, dass man ihn einfach zum Fressen gern haben muss! Der graue Plüschdino kommt mit einem hochwertigen Schlüsselring aus Metall am Kopf und begleitet seine neuen Besitzer:innen nicht nur am Schlüsselbund, sondern auch am Rucksack, Schulranzen oder Tasche. Als Teil der NICI GREEN Produktwelt, wurden fast ausschließlich Plüsch- und Füllstoffe verwendet, die aus recycelten Materialien bestehen. Hierfür werden vor allem alte PET-Flaschen zu RPET verarbeitet.||||||||3 Jahre||||||||||||||Non-Organic||||{'Artikelnummer des Herstellers': '48800', 'Altersempfehlung ab': '3 Jahre', 'Altersempfehlung bis': '99 Jahre', 'Material': 'rPET', 'package_contents': 'RPET', 'Inhalt': '1 Stk.', 'Produkttyp': 'Kuschelartikel'}||||||||||||||0|0|2879746_1.png|https://static.mueller.de/pdzoom/4012390488005_PV.webp|2879746_2.png|https://static.mueller.de/pdzoom/4012390488005_PD3.webp|2879746_3.png|https://static.mueller.de/pdzoom/4012390488005_PD1.webp||||||||||||||||||48800||||||||||1 Stk.|RPET||False||2879746P|||||||||1
947439|mueller||||||||2024-10-28|rotho Körbchen LINUS A4|ROTHO||1|Stk.|Home|Haushalt|Wohnen & Dekorieren|Aufbewahrungssysteme|rotho Körbchen LINUS A4|||4,49 €|4,49 €||||||||||||||EUR|Home> Haushalt> Wohnen & Dekorieren> Aufbewahrungssysteme> rotho Körbchen LINUS A4|https://www.mueller.at/p/rotho-koerbchen-linus-a4-6414531478/|1 Stk.|Diese Allzweckbox bietet in vielen Bereichen eine gute Aufbewahrungslösung. Durch das moderne und schlichte Design der Ablagekorb ein echter Hingucker und setzt gleichzeitig dekorative Akzente. In Kinderzimmer, Küche, Büro, Werkstatt oder Hobbyraum liegt immer Kleinkram herum. Mit den Formatkörbchen machen Sie Schluss mit unaufgeräumten Küchentheken oder Regalen. Sammeln Sie Stifte, Klebematerial oder Zettel in einer Graphix-Box und schon herrscht Ordnung. - Aufbewahrungsschale aus hochwertigem Kunststoff (PP) - Idealer Ordnunghelfer in vielen Bereichen - Leicht zu reinigen (spülmaschinengeeignet) - Hergestellt in der Schweiz||||||||||||||||||||||Non-Organic||||{'manufacturer': 'Rotho Kunststoff GmbH', 'Herstelleradresse': 'Hauptstr. 84 ,79733 Görwihl', 'Farbe': 'anthrazit', 'Inhalt': '1 Stk.'}||||||anthrazit||||||||0|0|947439_1.png|https://static.mueller.de/6413943923-PV-0/pdzoom/rotho-koerbchen-linus-a4.webp||||||||||||||||||||||Rotho Kunststoff GmbH||||||||||1 Stk.|||True||947439P|||||||||10
560167|mueller||||||||2024-10-28|VIVANCO IT-MP BP UNI MOUSEPAD TEXTIL|||1|Stk.|Home|Multi-Media|Unterhaltungselektronik|PC & Zubehör|Sonstiges|VIVANCO IT-MP BP UNI MOUSEPAD TEXTIL||2,99 €|2,99 €||||||||||||||EUR|Home> Multi-Media> Unterhaltungselektronik> PC & Zubehör> Sonstiges> VIVANCO IT-MP BP UNI MOUSEPAD TEXTIL|https://www.mueller.at/p/vivanco-it-mp-bp-uni-mousepad-textil-560167/|1 Stk.|MOUSEPAD, textile, 24 x schwarz im Display||||||||||||||||||||||Non-Organic||||{'Breite': '20 cm', 'Inhalt': '1 Stk.', 'Produkttyp': 'Mousepad'}||||||||||||||0|0|560167_1.png|https://static.mueller.de/6283263751-PV-0/pdzoom/vivanco-it-mp-bp-uni-mousepad-textil.webp||||||||||||||||||||||||||||||||1 Stk.|||True||560167P|||||||||3
799711|mueller||||||||2024-10-28|Dr.Oetker Kastenform 30cm|DR.OETKER||1|Stk.|Home|Haushalt|Kochen & Backen|Auflauf- & Backformen|Dr.Oetker Kastenform 30cm|||13,99 €|13,99 €||||||||||||||EUR|Home> Haushalt> Kochen & Backen> Auflauf- & Backformen> Dr.Oetker Kastenform 30cm|https://www.mueller.at/p/dr-oetker-kastenform-30cm-IPN799711/|1 Stk.|Die Kastenform von Dr. Oetker (ca. 30 x 11,5 x 7 cm) überzeugt durch die besondere Antihaft-Beschichtung, dank der sich auch feinste Teige im Handumdrehen aus der Form lösen lassen. Die optimale Wärmeleitung sorgt für gleichmäßige Bräunungs- und Backergebnisse. Das veredelte Schwarzblech ist temperaturbeständig bis +230 °C und lässt sich nach dem Gebrauch einfach per Hand reinigen.||||||||||||||||||||||Non-Organic||||"{'Geeignet für': 'Backofen', 'Pflegehinweis': 'Handwäsche', 'manufacturer': 'Zenker Backformen GmbH & Co. KG', 'Herstelleradresse': 'Fritz-Mayer-Straße 7, 86661 Aichach', 'Kontaktmöglichkeit': 'service@oetker-kitchentools.de', 'Materialdetails': 'Veredeltes Schwarzblech', 'Material': 'Metall', 'product_property': 'antihaftbeschichtet|hitzebständig', 'Höhe': '7 cm', 'Breite': '30 cm', 'Tiefe': '11.5 cm', 'Inhalt': '1 Stk.'}"||||||||Veredeltes Schwarzblech||||||0|0|799711_1.png|https://static.mueller.de/pdzoom/4044935025161.webp||||||||||||||||Handwäsche||||||Zenker Backformen GmbH & Co. KG||||||||||1 Stk.|||True||799711P|||||Backofen||||5
2890179|mueller||||||||2024-10-28|VTech - Baby - Babys Riesenrad|VTECH||1|Stk.|Home|Spielwaren|Baby & Kleinkind|Interaktives Spielzeug|VTech - Baby - Babys Riesenrad|||19,99 €|19,99 €||||||||||||||EUR|Home> Spielwaren> Baby & Kleinkind> Interaktives Spielzeug> VTech - Baby - Babys Riesenrad|https://www.mueller.at/p/vtech-baby-babys-riesenrad-IPN2890179/|1 Stk.|Eine musikalische Fahrt mit Babys Riesenrad • Rythmisch blinkende Sterne • 3 Funktionsknöpfe um Name und Aussehen von Bär, • Frosch und Vogel kennenzulernen sowie die ersten Zahlen zu entdecken • 10 Melodien und 5 gesungene Lieder • Saugnapf zur Befestigung auf glatten Flächen • Lautstärkeregler, kindersicheres Batteriefach und Abschaltautomatik • Demobatterien sind enthalten||||||||6 Monate||||||||||||||Non-Organic||||"{'target_group': 'Säuglinge|Kleinkinder', 'Artikelnummer des Herstellers': '80-165904', 'Altersempfehlung ab': '6 Monate', 'Altersempfehlung bis': '36 Monate', 'Batterie-Typ': 'Zn/C', 'Inhalt': '1 Stk.', 'Produkttyp': 'Interaktive Spielpartner'}"||||||||||||||0|0|2890179_1.png|https://static.mueller.de/pdzoom/3417761659045.webp|2890179_2.png|https://static.mueller.de/pdzoom/3417761659045_4.webp|2890179_3.png|https://static.mueller.de/pdzoom/3417761659045_3.webp|2890179_4.png|https://static.mueller.de/pdzoom/3417761659045_2.webp||||||||||||||||80-165904||||||||||1 Stk.|||True||2890179P|||||||||10
799704|mueller||||||||2024-10-28|Dr.Oetker Springform Classic Ø 26cm|DR.OETKER||1|Stk.|Home|Haushalt|Kochen & Backen|Auflauf- & Backformen|Dr.Oetker Springform Classic Ø 26cm|||25,99 €|25,99 €||||||||||||||EUR|Home> Haushalt> Kochen & Backen> Auflauf- & Backformen> Dr.Oetker Springform Classic Ø 26cm|https://www.mueller.at/p/dr-oetker-springform-classic-26cm-IPN799704/|1 Stk.|Die Springform von Dr. Oetker (Ø 26 cm, Höhe 6,5 cm) mit Flach- und Rohrboden überzeugt durch die besondere Antihaft-Beschichtung, dank der sich auch feinste Teige im Handumdrehen aus der Form lösen lassen. Die optimale Wärmeleitung sorgt für gleichmäßige Bräunungs- und Backergebnisse. Das veredelte Schwarzblech ist temperaturbeständig bis +230 °C und lässt sich nach dem Gebrauch einfach per Hand reinigen.||||||||||||||||||||||Non-Organic||||"{'Geeignet für': 'Backofen', 'Pflegehinweis': 'Handwäsche', 'manufacturer': 'Zenker Backformen GmbH & Co. KG', 'Herstelleradresse': 'Fritz-Mayer-Straße 7, 86661 Aichach', 'Kontaktmöglichkeit': 'service@oetker-kitchentools.de', 'Materialdetails': 'Veredeltes Schwarzblech', 'Material': 'Metall', 'product_property': 'antihaftbeschichtet|hitzebständig', 'Höhe': '6.5 cm', 'Durchmesser': '26 cm', 'Inhalt': '1 Stk.'}"||||||||Veredeltes Schwarzblech||||||0|0|799704_1.png|https://static.mueller.de/pdzoom/4044935025109.webp||||||||||||||||Handwäsche||||||Zenker Backformen GmbH & Co. KG||||||||||1 Stk.|||True||799704P|||||Backofen||||5
799708|mueller||||||||2024-10-28|Dr.Oetker Springform Classic mit 2 Böden Ø 26cm|DR.OETKER||1|Stk.|Home|Haushalt|Kochen & Backen|Auflauf- & Backformen|Dr.Oetker Springform Classic mit 2 Böden Ø 26cm|||19,99 €|19,99 €||||||||||||||EUR|Home> Haushalt> Kochen & Backen> Auflauf- & Backformen> Dr.Oetker Springform Classic mit 2 Böden Ø 26cm|https://www.mueller.at/p/dr-oetker-springform-classic-mit-2-boeden-26cm-IPN799708/|1 Stk.|Die Springform von Dr. Oetker (Ø 26 cm, Höhe 6,5 cm) überzeugt durch die besondere Antihaft-Beschichtung, dank der sich auch feinste Teige im Handumdrehen aus der Form lösen lassen. Die optimale Wärmeleitung sorgt für gleichmäßige Bräunungs- und Backergebnisse. Das veredelte Schwarzblech ist temperaturbeständig bis +230 °C und lässt sich nach dem Gebrauch einfach per Hand reinigen.||||||||||||||||||||||Non-Organic||||"{'Geeignet für': 'Backofen', 'Pflegehinweis': 'Handwäsche', 'manufacturer': 'Zenker Backformen GmbH & Co. KG', 'Herstelleradresse': 'Fritz-Mayer-Straße 7, 86661 Aichach', 'Kontaktmöglichkeit': 'service@oetker-kitchentools.de', 'Materialdetails': 'Veredeltes Schwarzblech', 'Material': 'Metall', 'product_property': 'antihaftbeschichtet|hitzebständig', 'Höhe': '6.5 cm', 'Durchmesser': '26 cm', 'Inhalt': '1 Stk.'}"||||||||Veredeltes Schwarzblech||||||0|0|799708_1.png|https://static.mueller.de/pdzoom/4044935025130.webp||||||||||||||||Handwäsche||||||Zenker Backformen GmbH & Co. KG||||||||||1 Stk.|||False||799708P|||||Backofen||||1
799709|mueller||||||||2024-10-28|Dr.Oetker Springform Classic Ø 28cm|DR.OETKER||1|Stk.|Home|Haushalt|Kochen & Backen|Auflauf- & Backformen|Dr.Oetker Springform Classic Ø 28cm|||20,99 €|20,99 €||||||||||||||EUR|Home> Haushalt> Kochen & Backen> Auflauf- & Backformen> Dr.Oetker Springform Classic Ø 28cm|https://www.mueller.at/p/dr-oetker-springform-classic-28cm-IPN799709/|1 Stk.|Die Springform von Dr. Oetker (Ø 28 cm, Höhe 6,5 cm) überzeugt durch die besondere Antihaft-Beschichtung, dank der sich auch feinste Teige im Handumdrehen aus der Form lösen lassen. Die optimale Wärmeleitung sorgt für gleichmäßige Bräunungs- und Backergebnisse. Das veredelte Schwarzblech ist temperaturbeständig bis +230 °C und lässt sich nach dem Gebrauch einfach per Hand reinigen.||||||||||||||||||||||Non-Organic||||"{'Geeignet für': 'Backofen', 'Pflegehinweis': 'Handwäsche', 'manufacturer': 'Zenker Backformen GmbH & Co. KG', 'Herstelleradresse': 'Fritz-Mayer-Straße 7, 86661 Aichach', 'Kontaktmöglichkeit': 'service@oetker-kitchentools.de', 'Materialdetails': 'Veredeltes Schwarzblech', 'Material': 'Metall', 'product_property': 'antihaftbeschichtet|hitzebständig', 'Höhe': '6.5 cm', 'Durchmesser': '28 cm', 'Inhalt': '1 Stk.'}"||||||||Veredeltes Schwarzblech||||||0|0|799709_1.png|https://static.mueller.de/pdzoom/4044935025147.webp||||||||||||||||Handwäsche||||||Zenker Backformen GmbH & Co. KG||||||||||1 Stk.|||True||799709P|||||Backofen||||10
2890164|mueller||||||||2024-10-28|p os Kaffeebecher Beste Mama|POS||1|Stk.|Home|Haushalt|Essen & Trinken|Geschirr|Becher & Tassen|p os Kaffeebecher Beste Mama||7,99 €|7,99 €|7,99 €|4,99 €||||38%|Sie sparen 38%|||||||EUR|Home> Haushalt> Essen & Trinken> Geschirr> Becher & Tassen> p os Kaffeebecher Beste Mama|https://www.mueller.at/p/p-os-kaffeebecher-beste-mama-IPN2890164/|1 Stk.|Becher aus New Bone China im Geschenkkarton||||||||||||||||||||||Non-Organic||||{'Fassungsvermögen': '0.33 l', 'Gewicht': '370', 'manufacturer': 'p:os handels gmbh', 'Herstelleradresse': 'Ostenallee 1-3, 59063 Hamm', 'Materialdetails': 'New Bone China', 'Farbe': 'weiß/blau', 'Höhe': '8.7 cm', 'Breite': '11.5 cm', 'Tiefe': '10.4 cm', 'Durchmesser': '10.4 cm', 'Inhalt': '1 Stk.'}||||||weiß/blau||New Bone China||||||0|0|2890164_1.png|https://static.mueller.de/pdzoom/4043891351482_PV.webp|2890164_2.png|https://static.mueller.de/pdzoom/4043891351482_PD1.webp|2890164_3.png|https://static.mueller.de/pdzoom/4043891351482_PD2.webp||||||||||||||||||p:os handels gmbh||||||||||1 Stk.|||True||2890164P|||||||||10
75901|mueller||||||||2024-10-28|Kneipp Urmeer-Badesalz Pur Naturkosmetik|KNEIPP||500|g|Home|Drogerie|Pflege|Körperpflege|Baden|Kneipp Urmeer-Badesalz Pur Naturkosmetik||3,95 €|3,95 €|||||||||||7,90 € / 1 kg|||EUR|Home> Drogerie> Pflege> Körperpflege> Baden> Kneipp Urmeer-Badesalz Pur Naturkosmetik|https://www.mueller.at/p/kneipp-urmeer-badesalz-pur-naturkosmetik-75901/|500 g|"Ein Bad mit dem Kneipp® Urmeer-Badesalz PUR entspannt und beruhigt trockene, sensible Haut und bringt sie wieder ins Gleichgewicht. Verhornte Hautschuppen werden sanft gelöst, die Haut wird mild gereinigt und gepflegt. Die natürlichen Kräfte des Tiefensalzes sorgen für ein wohltuendes Badeerlebnis. Kneipp® Urmeer-Badesalz PUR eignet sich für jeden Hauttyp, ist jedoch besonders zu empfehlen bei hochsensibler, zu Allergien neigender Haut. Für ein natürlich entspanntes und geschmeidiges Hautgefühl.

---

Seit Jahrtausenden ist Salz als Quelle für Pflege und Schönheit bekannt und reich an Mineralstoffen und Spurenelementen.

Tiefensalz aus den Salzablagerungen eines 250 Mio. Jahre alten Urmeers in 460 Metern Tiefe in der Saline Luisenhall.

Aus Natursole gewonnen
Geschützt vor Umwelteinflüssen
Besondere Salzstruktur Naturkosmetik
Medizinische Hautpflege
Frei von Duft- & Farbstoffen
Milde Reinigung & sanfte Pflege
Basispflege für hochsensible, zu Allergien neigende Haut 
Hautberuhigend & ausgleichend"||||||||||||||||||||||Non-Organic||||"{'scope_of_delivery': '500g', 'manufacturer': 'Kneipp GmbH', 'Herstelleradresse': 'Winterhäuser Str. 85, 97084 Würzburg', 'Kontaktmöglichkeit': 'info@kneipp.de', 'dermatologically_tested': 'Ja', 'Anwendungshinweis': 'Für ein Vollbad den gesamten Inhalt des Beutels in heißem Wasser auflösen. Anschließend warmes Wasser hinzugeben bis eine Badetemperatur von ca. 36-38 °C erreicht ist. Die empfohlene Badedauer beträgt 15-20 Minuten.Nach dem Bad die Haut kurz warm abduschen.Tipp: Für optimale Entspannung dem Körper anschließend eine Ruhepause von 30-60 Minuten gönnen.', 'package_contents': 'Sodium Chloride.', 'product_property': 'schützend|reinigend', 'Inhalt': '500 g', 'scope_of_application': 'Baden', 'Produkttyp': 'Flüssige Badezusätze'}"||||||||||||||5.0|4|75901_1.png|https://static.mueller.de/markant_04008233043241_pv_3707925/pdzoom/kneipp-urmeer-badesalz-pur-naturkosmetik.webp|75901_2.png|https://static.mueller.de/markant_04008233043241_pr_3707924/pdzoom/kneipp-urmeer-badesalz-pur-naturkosmetik.webp||||||||||||||||||||Kneipp GmbH||||||||||500 g|Sodium Chloride.||True||75901P||||Kosmetisches Mittel. Nicht einnehmen und für Kinder unzugänglich aufbewahren.|||||10
2890165|mueller||||||||2024-10-28|p os Kaffeebecher Du bist für mich|POS||1|Stk.|Home|Haushalt|Essen & Trinken|Geschirr|Becher & Tassen|p os Kaffeebecher Du bist für mich||7,99 €|7,99 €|7,99 €|4,99 €||||38%|Sie sparen 38%|||||||EUR|Home> Haushalt> Essen & Trinken> Geschirr> Becher & Tassen> p os Kaffeebecher Du bist für mich|https://www.mueller.at/p/p-os-kaffeebecher-du-bist-fuer-mich-IPN2890165/|1 Stk.|Becher aus New Bone China im Geschenkkarton||||||||||||||||||||||Non-Organic||||{'Fassungsvermögen': '0.33 l', 'Gewicht': '370', 'manufacturer': 'p:os handels gmbh', 'Herstelleradresse': 'Ostenallee 1-3, 59063 Hamm', 'Materialdetails': 'New Bone China', 'Farbe': 'rosa', 'Höhe': '8.7 cm', 'Breite': '11.5 cm', 'Tiefe': '10.4 cm', 'Durchmesser': '10.4 cm', 'Inhalt': '1 Stk.'}||||||rosa||New Bone China||||||0|0|2890165_1.png|https://static.mueller.de/pdzoom/4043891351574_PV.webp|2890165_2.png|https://static.mueller.de/pdzoom/4043891351574_PD.webp||||||||||||||||||||p:os handels gmbh||||||||||1 Stk.|||True||2890165P|||||||||10
2890166|mueller||||||||2024-10-28|p os Kaffeebecher Bester Papa|POS||1|Stk.|Home|Haushalt|Essen & Trinken|Geschirr|Becher & Tassen|p os Kaffeebecher Bester Papa||7,99 €|7,99 €|7,99 €|4,99 €||||38%|Sie sparen 38%|||||||EUR|Home> Haushalt> Essen & Trinken> Geschirr> Becher & Tassen> p os Kaffeebecher Bester Papa|https://www.mueller.at/p/p-os-kaffeebecher-bester-papa-IPN2890166/|1 Stk.|Becher aus New Bone China im Geschenkkarton||||||||||||||||||||||Non-Organic||||{'Fassungsvermögen': '0.33 l', 'Gewicht': '370', 'manufacturer': 'p:os handels gmbh', 'Herstelleradresse': 'Ostenallee 1-3, 59063 Hamm', 'Materialdetails': 'New Bone China', 'Farbe': 'hellblau', 'Höhe': '8.7 cm', 'Breite': '11.5 cm', 'Tiefe': '10.4 cm', 'Durchmesser': '10.4 cm', 'Inhalt': '1 Stk.'}||||||hellblau||New Bone China||||||0|0|2890166_1.png|https://static.mueller.de/pdzoom/4043891351512_PV.webp||||||||||||||||||||||p:os handels gmbh||||||||||1 Stk.|||True||2890166P|||||||||10
2890168|mueller||||||||2024-10-28|p os Kaffeebecher Mein Held|POS||1|Stk.|Home|Haushalt|Essen & Trinken|Geschirr|Becher & Tassen|p os Kaffeebecher Mein Held||7,99 €|7,99 €|7,99 €|4,99 €||||38%|Sie sparen 38%|||||||EUR|Home> Haushalt> Essen & Trinken> Geschirr> Becher & Tassen> p os Kaffeebecher Mein Held|https://www.mueller.at/p/p-os-kaffeebecher-mein-held-IPN2890168/|1 Stk.|Becher aus New Bone China im Geschenkkarton||||||||||||||||||||||Non-Organic||||{'Fassungsvermögen': '0.33 l', 'Gewicht': '370', 'manufacturer': 'p:os handels gmbh', 'Herstelleradresse': 'Ostenallee 1-3, 59063 Hamm', 'Materialdetails': 'New Bone China', 'Farbe': 'bunt', 'Höhe': '8.7 cm', 'Breite': '11.5 cm', 'Tiefe': '10.4 cm', 'Durchmesser': '10.4 cm', 'Inhalt': '1 Stk.'}||||||bunt||New Bone China||||||0|0|2890168_1.png|https://static.mueller.de/pdzoom/4043891351543_PV.webp||||||||||||||||||||||p:os handels gmbh||||||||||1 Stk.|||True||2890168P|||||||||10
2879791|mueller||||||||2024-10-28|Elizabeth Arden White Tea Skin Solutions Zwei-Phasen-Öl-Serum|ELIZABETH ARDEN||30|ml|Home|Parfümerie|Pflege|Gesichtspflege|Spezialpflege|Seren & Ampullen|Elizabeth Arden White Tea Skin Solutions Zwei-Phasen-Öl-Serum|64,95 €|64,95 €|||||||||||2 165,00 € / 1 l|||EUR|Home> Parfümerie> Pflege> Gesichtspflege> Spezialpflege> Seren & Ampullen> Elizabeth Arden White Tea Skin Solutions Zwei-Phasen-Öl-Serum|https://www.mueller.at/p/elizabeth-arden-white-tea-skin-solutions-zwei-phasen-oel-serum-IPN2879791/|30 ml|"Basiert auf Wissenschaft und mit Nährstoffen der Natur. Das White Tea Skin Solutions Fortifying Bi-Phase Oil Serum mit EGCG* ist eine leichte, schnell einziehende Formel, die die Klarheit und jugendliche Spannkraft der Haut wiederherstellt. Die obere Phase ist mit lipidreichem White Tea Oil angereichert, um die Hautbarrieren zu nähren. Die untere Phase ist mit EGCG, Weißteeextrakt und Regenbogenalgen angereichert, die die Haut festigen und aufhellen sollen, um den Hautton auszugleichen. Schon nach den ersten Tropfen wird die Haut klarer. In 14 Tagen fühlen sich 91 % der Haut straffer an.
Sanft genug für für alle Hauttypen, auch für empfindliche Haut. Vegan. *Epigallocatechin-Gallat-Glucosid, ein aktives Molekül des Weißen Tees.
Basierend auf einer instrumentellen Messung an 35 Frauen im Alter von 35-60 Jahren nach der ersten Anwendung, einschließlich derjenigen, die nach eigener Einschätzung empfindliche Haut haben. Basierend auf einer Verbraucherstudie mit 60 Frauen im Alter von 25-55 Jahren nach zweiwöchiger Anwendung, einschließlich derer mit selbst empfindlicher Haut."||||||||||||||||||||||Non-Organic||||"{'target_group': 'Damen', 'manufacturer': 'Elizabeth Arden', 'Herstelleradresse': 'Beautyge, S.L. 08940 Barcelona, Spain', 'Anwendungshinweis': 'Schütteln, um die Formel zu aktivieren. Morgens und abends nach der Reinigung und Tonisierung 3-5 Tropfen mit den Fingerspitzen auf das gereinigte Gesicht auftragen und leicht einmassieren, um die Haut vollständig abzudecken.', 'package_contents': 'Aqua/Water/Eau, Isodecyl Neopentanoate, Limnanthes Alba (Meadowfoam) Seed Oil, Isononyl Isononanoate, Propanediol, Caprylic/Capric Triglyceride, Niacinamide, Glycerin, Pentylene Glycol, Butylene Glycol, Camellia Sinensis Leaf Extract, Citric Acid, Cystoseira Tamariscifolia Extract, Disodium EDTA, Disodium Phosphate, Epigallocatechin Gallatyl Glucoside, Ethylhexylglycerin, Helianthus Annuus (Sunflower) Seed Oil, Maltodextrin, Ophiopogon Japonicus Root Extract, Rosmarinus Officinalis (Rosemary) Leaf Extract, Sodium Hyaluronate, Sodium Phosphate, Tocopheryl Acetate, Xanthan Gum, Parfum (Fragrance), Citronellol, Geraniol, Linalool, Phenoxyethanol.', 'skin_type': 'alle Hauttypen|sensible Haut', 'Inhalt': '30 ml', 'scope_of_application': 'Pflege', 'Produkttyp': 'Serum'}"||||||||||||||5.0|3|2879791_1.png|https://static.mueller.de/pdzoom/85805242879_PV.webp|2879791_2.png|https://static.mueller.de/pdzoom/85805242879_1.webp|2879791_3.png|https://static.mueller.de/pdzoom/85805242879_7.webp|2879791_4.png|https://static.mueller.de/pdzoom/85805242879_5.webp|2879791_5.png|https://static.mueller.de/pdzoom/85805242879_2.webp|2879791_6.png|https://static.mueller.de/pdzoom/85805242879_4.webp||||||||||||Elizabeth Arden||||||||||30 ml|Aqua/Water/Eau, Isodecyl Neopentanoate, Limnanthes Alba (Meadowfoam) Seed Oil, Isononyl Isononanoate, Propanediol, Caprylic/Capric Triglyceride, Niacinamide, Glycerin, Pentylene Glycol, Butylene Glycol, Camellia Sinensis Leaf Extract, Citric Acid, Cystoseira Tamariscifolia Extract, Disodium EDTA, Disodium Phosphate, Epigallocatechin Gallatyl Glucoside, Ethylhexylglycerin, Helianthus Annuus (Sunflower) Seed Oil, Maltodextrin, Ophiopogon Japonicus Root Extract, Rosmarinus Officinalis (Rosemary) Leaf Extract, Sodium Hyaluronate, Sodium Phosphate, Tocopheryl Acetate, Xanthan Gum, Parfum (Fragrance), Citronellol, Geraniol, Linalool, Phenoxyethanol.||True||2879791P|||||||||10
2879792|mueller||||||||2024-10-28|Elizabeth Arden White Tea Skin Solutions Replenishing Micro-Gel Cream|ELIZABETH ARDEN||50|ml|Home|Parfümerie|Pflege|Gesichtspflege|Spezialpflege|24h-Pflege|Elizabeth Arden White Tea Skin Solutions Replenishing Micro-Gel Cream|57,95 €|57,95 €|||||||||||1 159,00 € / 1 l|||EUR|Home> Parfümerie> Pflege> Gesichtspflege> Spezialpflege> 24h-Pflege> Elizabeth Arden White Tea Skin Solutions Replenishing Micro-Gel Cream|https://www.mueller.at/p/elizabeth-arden-white-tea-skin-solutions-replenishing-micro-gel-cream-IPN2879792/|50 ml|Basiert auf Wissenschaft und mit Nährstoffen der Natur. Die White Tea Skin Solutions Replenishing Micro-Gel Cream, unterstützt durch EGCG*, enthält über 6.000 wertvolle Mikrotröpfchen, die der Haut sofort Feuchtigkeit spenden, sie aufhellen und ihr Aussehen perfektionieren. In nur 15 Minuten wird der Feuchtigkeitsgehalt der Haut verdoppelt. Nach 14 Tagen sind 95% der Befragten der Meinung, dass feine Linien reduziert sind. Mit aufhellendem Angelikawurzel-Extrakt formuliert. Diese leichte Gel-Creme schmilzt sanft in die Haut und versorgt sie dauerhaft mit Feuchtigkeit. Sanft genug für alle Hauttypen, auch für empfindliche Haut. Vegan. *Epigallocatechin-Gallat-Glucosid, ein aktives Molekül des Weißen Tees. In jedem 50ml-Tiegel. Basierend auf einer instrumentellen Bewertung von 34 Frauen im Alter von 25-60 Jahren, nach der ersten Anwendung, einschließlich derjenigen, die sich selbst als empfindlich einschätzen. Basierend auf einer Verbraucherstudie mit 59 Frauen im Alter von 25-60 Jahren nach 2 Wochen der Anwendung, einschließlich derjenigen mit selbst empfindlicher Haut.||||||||||||||||||||||Non-Organic||||"{'target_group': 'Damen', 'manufacturer': 'Elizabeth Arden', 'Herstelleradresse': 'Beautyge, S.L. 08940 Barcelona, Spain', 'Anwendungshinweis': 'Morgens und abends auf die gereinigte Haut auftragen. Eine kleine Menge auf die Fingerspitzen geben und sanft über das Gesicht streichen, bis sie eingezogen ist. Vermeiden Sie den Kontakt mit den Augen.', 'package_contents': 'Aqua/Water/Eau, Propanediol, Glycerin, Isononyl Isononanoate, Caprylic/Capric Triglyceride, Pentylene Glycol, Betaine, Coco-Caprylate/Caprate, Castor Oil/IPDI Copolymer, Butylene Glycol, Acrylates/C10-30 Alkyl Acrylate Crosspolymer, Amodimethicone, Angelica Acutiloba Root Extract, Butyrospermum Parkii (Shea) Butter, Camellia Sinensis Leaf Extract, Carbomer, Disodium EDTA, Epigallocatechin Gallatyl Glucoside, Glucose, Helianthus Annuus (Sunflower) Seed Oil, Maltodextrin, Ophiopogon Japonicus Root Extract, Rosmarinus Officinalis (Rosemary) Leaf Extract, Sodium Hydroxide, Tamarindus Indica Seed Gum, Xanthan Gum, Parfum (Fragrance), Chlorphenesin, Citric Acid, Phenoxyethanol.', 'skin_type': 'alle Hauttypen|sensible Haut', 'Inhalt': '50 ml', 'scope_of_application': 'Pflege', 'Produkttyp': 'Creme'}"||||||||||||||5.0|1|2879792_1.png|https://static.mueller.de/pdzoom/85805242886_9.webp|2879792_2.png|https://static.mueller.de/pdzoom/85805242886_2.webp|2879792_3.png|https://static.mueller.de/pdzoom/85805242886_5.webp|2879792_4.png|https://static.mueller.de/pdzoom/85805242886_7.webp|2879792_5.png|https://static.mueller.de/pdzoom/85805242886_3.webp|2879792_6.png|https://static.mueller.de/pdzoom/85805242886_8.webp||||||||||||Elizabeth Arden||||||||||50 ml|Aqua/Water/Eau, Propanediol, Glycerin, Isononyl Isononanoate, Caprylic/Capric Triglyceride, Pentylene Glycol, Betaine, Coco-Caprylate/Caprate, Castor Oil/IPDI Copolymer, Butylene Glycol, Acrylates/C10-30 Alkyl Acrylate Crosspolymer, Amodimethicone, Angelica Acutiloba Root Extract, Butyrospermum Parkii (Shea) Butter, Camellia Sinensis Leaf Extract, Carbomer, Disodium EDTA, Epigallocatechin Gallatyl Glucoside, Glucose, Helianthus Annuus (Sunflower) Seed Oil, Maltodextrin, Ophiopogon Japonicus Root Extract, Rosmarinus Officinalis (Rosemary) Leaf Extract, Sodium Hydroxide, Tamarindus Indica Seed Gum, Xanthan Gum, Parfum (Fragrance), Chlorphenesin, Citric Acid, Phenoxyethanol.||True||2879792P|||||||||6
2879793|mueller||||||||2024-10-28|Elizabeth Arden White Tea Skin Solutions Brightening Eye Gel|ELIZABETH ARDEN||15|ml|Home|Parfümerie|Pflege|Gesichtspflege|Augenpflege|Elizabeth Arden White Tea Skin Solutions Brightening Eye Gel||44,95 €|44,95 €|||||||||||2 996,67 € / 1 l|||EUR|Home> Parfümerie> Pflege> Gesichtspflege> Augenpflege> Elizabeth Arden White Tea Skin Solutions Brightening Eye Gel|https://www.mueller.at/p/elizabeth-arden-white-tea-skin-solutions-brightening-eye-gel-IPN2879793/|15 ml|Basiert auf Wissenschaft und mit Nährstoffen der Natur. White Tea Skin Solutions Brightening Eye Gel, unterstützt durch EGCG*, revitalisiert müde Augen sofort und sorgt für einen strahlenden, wachen Blick. Mit über 2.000 kostbaren Mikrotröpfchen verschmilzt diese erfrischende Gel-Creme mit der Haut, um die zarte Augenpartie mit Feuchtigkeit zu versorgen, sie aufzuhellen und sie zu beruhigen. Die sanfte und dennoch wirksame Formel mit See-Eichen-Extrakt, bekämpft Augenringe, mindert Krähenfüße, dunkle Augenringe und sogar hartnäckige Fältchen. In nur einer Woche fühlt sich die Augenpartie straffer an, sieht jugendlich und strahlend aus. Sanft genug für alle Hauttypen, auch für empfindliche Haut. Vegan. *Epigallocatechin-Gallat-Glucosid, ein aktives Molekül des Weißen Tees. In jedem 15ml-Tiegel. Basierend auf einer Verbraucherstudie mit 69 Frauen im Alter von 25-60 Jahren, nach 1 Woche Anwendung, einschließlich derjenigen mit selbst empfindlicher Haut.||||||||||||||||||||||Non-Organic||||"{'target_group': 'Damen', 'manufacturer': 'Elizabeth Arden', 'Herstelleradresse': 'Beautyge, S.L. 08940 Barcelona, Spain', 'Anwendungshinweis': 'Morgens und abends eine kleine Menge auf den Ringfinger geben und um die Augenpartie herum verteilen, bis sie eingezogen ist. Vermeiden Sie den direkten Kontakt mit den Augen.', 'package_contents': 'Aqua/Water/Eau, Glycerin, Isononyl Isononanoate, Caprylic/Capric Triglyceride, Pentylene Glycol, Limnanthes Alba (Meadowfoam) Seed Oil, Coco-Caprylate/Caprate, Castor Oil/IPDI Copolymer, Acrylates/C10-30 Alkyl Acrylate Crosspolymer, Amodimethicone, Butylene Glycol, Camellia Sinensis Leaf Extract, Caprylyl Glycol, Carbomer, Disodium EDTA, Epigallocatechin Gallatyl Glucoside, Fucus Vesiculosus Extract, Helianthus Annuus (Sunflower) Seed Oil, Hexylene Glycol, Maltodextrin, Ophiopogon Japonicus Root Extract, Palmitoyl Tetrapeptide-7, Palmitoyl Tripeptide-1, Polysorbate 20, Rosmarinus Officinalis (Rosemary) Leaf Extract, Sodium Hydroxide, Sodium Lactate, Tamarindus Indica Seed Gum, Tocopherol, Xanthan Gum, Chlorphenesin, Phenoxyethano.', 'skin_type': 'alle Hauttypen|sensible Haut', 'Inhalt': '15 ml', 'scope_of_application': 'Augenpflege', 'Produkttyp': 'Gel'}"||||||||||||||0|0|2879793_1.png|https://static.mueller.de/pdzoom/85805242893.webp|2879793_2.png|https://static.mueller.de/pdzoom/85805242893_1.webp|2879793_3.png|https://static.mueller.de/pdzoom/85805242893_4.webp|2879793_4.png|https://static.mueller.de/pdzoom/85805242893_3.webp|2879793_5.png|https://static.mueller.de/pdzoom/85805242893_7.webp|2879793_6.png|https://static.mueller.de/pdzoom/85805242893_8.webp||||||||||||Elizabeth Arden||||||||||15 ml|Aqua/Water/Eau, Glycerin, Isononyl Isononanoate, Caprylic/Capric Triglyceride, Pentylene Glycol, Limnanthes Alba (Meadowfoam) Seed Oil, Coco-Caprylate/Caprate, Castor Oil/IPDI Copolymer, Acrylates/C10-30 Alkyl Acrylate Crosspolymer, Amodimethicone, Butylene Glycol, Camellia Sinensis Leaf Extract, Caprylyl Glycol, Carbomer, Disodium EDTA, Epigallocatechin Gallatyl Glucoside, Fucus Vesiculosus Extract, Helianthus Annuus (Sunflower) Seed Oil, Hexylene Glycol, Maltodextrin, Ophiopogon Japonicus Root Extract, Palmitoyl Tetrapeptide-7, Palmitoyl Tripeptide-1, Polysorbate 20, Rosmarinus Officinalis (Rosemary) Leaf Extract, Sodium Hydroxide, Sodium Lactate, Tamarindus Indica Seed Gum, Tocopherol, Xanthan Gum, Chlorphenesin, Phenoxyethano.||False||2879793P|||||||||1
2890829|mueller||||||||2024-10-28|rotho Trinkbecher CARUBA 0,25l|ROTHO||1|Stk.|Home|Haushalt|Essen & Trinken|Geschirr|Weiteres Geschirr|rotho Trinkbecher CARUBA 0,25l||1,69 €|1,69 €||||||||||||||EUR|Home> Haushalt> Essen & Trinken> Geschirr> Weiteres Geschirr> rotho Trinkbecher CARUBA 0,25l|https://www.mueller.at/p/rotho-trinkbecher-caruba-0-25l-6414531435/|1 Stk.|Egal ob bei der Gartenparty, beim Kindergeburtstag oder unterwegs in der freien Natur: mit unserer Geschirrserie Caruba haben Sie immer das richtige zur Hand. Die Teller, Becher, und Schalen sind in verschiedenen Größen und Farben erhältlich und sind hochwertig verarbeitet, sodass Sie lange daran Freude haben. Das Geschirr kann einfach in der Spülmaschine gereinigt werden, ohne dass es sich nach dem Spülgang verzieht oder sonst die Form verändert. Der Kunststoff ist ohne Schadstoffe und wird in der Schweiz produziert. - Vielseitig einsetzbar bei Party, Kindergeburtstag, Picknick, im Garten etc. - Stabiler Trinkbecher mit 250 ml Inhalt für Zuhause und unterwegs - Lebensmittelecht und spülmaschinenfest - Hochwertiger Kunststoff (PP) - Hergestellt in der Schweiz||||||||||||||||||||||Non-Organic||||{'Geeignet für': 'Spuelmaschinen', 'Gewicht': '35', 'manufacturer': 'Rotho Kunststoff GmbH', 'Herstelleradresse': 'Hauptstr. 84 ,79733 Görwihl', 'Farbe': 'holzkohle', 'Inhalt': '1 Stk.'}||||||holzkohle||||||||0|0|2890829_1.png|https://static.mueller.de/pdzoom/7610859249074_PV.webp||||||||||||||||||||||Rotho Kunststoff GmbH||||||||||1 Stk.|||True||2890829P|||||Spuelmaschinen||||10
75937|mueller||||||||2024-10-28|Kneipp Sensitiv Handcreme Mandelblüten Hautzart|KNEIPP||75|ml|Home|Drogerie|Pflege|Körperpflege|Hand- & Fußpflege|Handpflege|Kneipp Sensitiv Handcreme Mandelblüten Hautzart|4,25 €|4,25 €|||||||||||56,67 € / 1 l|||EUR|Home> Drogerie> Pflege> Körperpflege> Hand- & Fußpflege> Handpflege> Kneipp Sensitiv Handcreme Mandelblüten Hautzart|https://www.mueller.at/p/kneipp-sensitiv-handcreme-mandelblueten-hautzart-75937/|75 ml|"Die Kneipp® Sensitiv Handcreme mit reichhaltigem Mandelöl und NutriCare Komplex** pflegt intensiv und bewahrt die Hände langanhaltend vor dem Austrocknen. Sie schützt vor schädlichen Umwelteinflüssen und hilft, lichtbedingter Hautalterung vorzubeugen. Zieht schnell ein – ohne zu kleben.
** Bewährte Kombination hautverwandter und pflegender Wirkstoffe
Kosmetisches Mittel Mandelöl & NutriCare Komplex
Beruhigende Pflege
Für trockene & sensible Haut
Sofort-Effekt: Intensive Pflege
TUBE MIT 30% PAPIERANTEIL
REZEPTUR OHNE MIKROPLASTIK
ZIEHT SCHNELL EIN OHNE ZU KLEBEN
Vegan*
*Diesem Produkt wurden keine tierischen
Bestandteile zugesetzt"||||||||||||||||||||||Non-Organic||||{'scope_of_delivery': '75ml', 'manufacturer': 'Kneipp GmbH', 'Herstelleradresse': 'Winterhäuser Str. 85, 97084 Würzburg', 'Kontaktmöglichkeit': 'info@kneipp.de', 'package_contents': 'Aqua (Water), Glycerin, Prunus Amygdalus Dulcis (Sweet Almond) Oil, Isopropyl Myristate, Cetearyl Olivate, Tocopheryl Acetate, Distarch Phosphate, Panthenol, Sorbitan Olivate, Cetearyl Alcohol, Caprylic/Capric Triglyceride, Butyrospermum Parkii (Shea) Butter, Argania Spinosa Kernel Oil, Prunus Amygdalus Dulcis (Sweet Almond) Flower Extract, Bisabolol, Helianthus Annuus (Sunflower) Seed Wax, Citrus Aurantium Dulcis (Orange) Peel Oil, Lavandula Hybrida Oil, Pogostemon Cablin Leaf Oil, Citrus Limon (Lemon) Peel Oil, Limonene, Linalool, Benzyl Alcohol, Coumarin, Geraniol, Citronellol, Citral, p-Anisic Acid, Parfum (Fragrance), Caprylyl Glycol, Xanthan Gum, Carrageenan, Arginine, Helianthus Annuus Hybrid Oil, Glycine Soja (Soybean) Oil, Helianthus Annuus (Sunflower) Seed Oil, Ascorbyl Palmitate, Citric Acid, Tocopherol.', 'Inhalt': '75 ml', 'Produkttyp': 'Creme'}||||||||||||||0|0|75937_1.png|https://static.mueller.de/markant_04008233131757_pv_4442335/pdzoom/kneipp-sensitiv-handcreme-mandelblueten-hautzart.webp|75937_2.png|https://static.mueller.de/markant_04008233131757_pr_4442334/pdzoom/kneipp-sensitiv-handcreme-mandelblueten-hautzart.webp||||||||||||||||||||Kneipp GmbH||||||||||75 ml|Aqua (Water), Glycerin, Prunus Amygdalus Dulcis (Sweet Almond) Oil, Isopropyl Myristate, Cetearyl Olivate, Tocopheryl Acetate, Distarch Phosphate, Panthenol, Sorbitan Olivate, Cetearyl Alcohol, Caprylic/Capric Triglyceride, Butyrospermum Parkii (Shea) Butter, Argania Spinosa Kernel Oil, Prunus Amygdalus Dulcis (Sweet Almond) Flower Extract, Bisabolol, Helianthus Annuus (Sunflower) Seed Wax, Citrus Aurantium Dulcis (Orange) Peel Oil, Lavandula Hybrida Oil, Pogostemon Cablin Leaf Oil, Citrus Limon (Lemon) Peel Oil, Limonene, Linalool, Benzyl Alcohol, Coumarin, Geraniol, Citronellol, Citral, p-Anisic Acid, Parfum (Fragrance), Caprylyl Glycol, Xanthan Gum, Carrageenan, Arginine, Helianthus Annuus Hybrid Oil, Glycine Soja (Soybean) Oil, Helianthus Annuus (Sunflower) Seed Oil, Ascorbyl Palmitate, Citric Acid, Tocopherol.||True||75937P||||Kosmetisches Mittel.|||||10
2722220|mueller||||||||2024-10-28|rotho Aufbewahrungsbox DIN A7 LIVING 0,5l|ROTHO||1|Stk.|Home|Haushalt|Wohnen & Dekorieren|Aufbewahrungssysteme|rotho Aufbewahrungsbox DIN A7 LIVING 0,5l|||2,29 €|2,29 €||||||||||||||EUR|Home> Haushalt> Wohnen & Dekorieren> Aufbewahrungssysteme> rotho Aufbewahrungsbox DIN A7 LIVING 0,5l|https://www.mueller.at/p/rotho-aufbewahrungsbox-din-a7-living-0-5l-6414531450/|1 Stk.|Die flachen Versionen der beliebten Livingboxen sind die perfekten Ordnungshelfer im Büro! Ihre extra breiten Abmessungen bieten Platz auch für grosse DIN-Couverts sowie für Schnellhefter oder Präsentationsmappen mit Lochung. Doch auch um Ordnung in der Küche, im Kühlschrank oder im Badezimmer zu schaffen, sind die flachen Boxen hervorragend geeignet. Die Farbenvielfalt der schicken Organisationstalente sorgt nicht nur für gute Laune, sie hilft auch, Ihre Dinge einfacher zu sortieren.    - Maße: 14,6 x 11,4 x 6 cm - Volumen: 0,5l - Gewicht: 41g - Box aus hochwertigem Kunststoff (PP), BPA-frei - Geeignet als schlichte Aufbewahrungsbox im ganzen Haushalt - Robuste und pflegeleichte Box - Mit zwei bequemen Griffen - Spülmaschinengeeignet||||||||||||||||||||||Non-Organic||||{'Fassungsvermögen': '0.5 l', 'manufacturer': 'Rotho Kunststoff GmbH', 'Herstelleradresse': 'Hauptstr. 84 ,79733 Görwihl', 'Materialdetails': 'Kunststoff', 'Material': 'Kunststoff', 'Farbe': 'Anthrazit', 'Höhe': '6 cm', 'Breite': '14.6 cm', 'Tiefe': '11.4 cm', 'Inhalt': '1 Stk.'}||||||Anthrazit||Kunststoff||||||0|0|2722220_1.png|https://static.mueller.de/6913411426-PV-0/pdzoom/rotho-aufbewahrungsbox-din-a7-living-0-5l.webp||||||||||||||||||||||Rotho Kunststoff GmbH||||||||||1 Stk.|||True||2722220P|||||||||10
2890108|mueller||||||||2024-10-28|bondi sands Aloe Vera Aftersun Gel Tube|BONDI SANDS||200|ml|Home|Parfümerie|Pflege|Sonnenpflege|After Sun|bondi sands Aloe Vera Aftersun Gel Tube||14,95 €|14,95 €|||||||||||74,75 € / 1 l|||EUR|Home> Parfümerie> Pflege> Sonnenpflege> After Sun> bondi sands Aloe Vera Aftersun Gel Tube|https://www.mueller.at/p/bondi-sands-aloe-vera-aftersun-gel-tube-IPN2890108/|200 ml|Genießen Sie einen sonnenverwöhnten Tag auf die Bondi Sands Art mit unserem Aloe Vera After Sun Cooling Gel. Mit 95% kühlender Aloe Vera und Vitamin E bietet unsere Formel eine beruhigende Pflege nach der Sonne, indem sie die Haut entlastet und mit Feuchtigkeit versorgt.||Unter 30° C lagern||||||||||||||||||||Non-Organic||||"{'Lagerhinweis': 'Unter 30° C lagern', 'target_group': 'Damen|Herren|Unisex', 'manufacturer': 'Primor International', 'Anwendungshinweis': 'Anwendung: Großzügig und gleichmäßig auftragen, so oft wie nötig. Nach der Sonnenexposition erneut auftragen, um sofortige Kühlung zu erzielen.', 'package_contents': 'aloe barbadensis leaf juice, polysorbate 20, carbomer, aqua (water), phenoxyethanol, benzyl alcohol, saccharide isomerate, sodium hydroxide, diazolidinyl urea, parfum (fragrance), citric acid, sodium citrate, tocopheryl acetate, panthenol, ci 19140 (yellow no. 5), ci 42090 (blue no. 1), hexyl cinnamal, linalool.', 'skin_type': 'alle Hauttypen', 'Inhalt': '200 ml', 'scope_of_application': 'After Sun', 'Produkttyp': 'Lotion'}"||||||||||||||0|0|2890108_1.png|https://static.mueller.de/pdzoom/810020173093.webp||||||||||||||||||||||Primor International||||||||||200 ml|aloe barbadensis leaf juice, polysorbate 20, carbomer, aqua (water), phenoxyethanol, benzyl alcohol, saccharide isomerate, sodium hydroxide, diazolidinyl urea, parfum (fragrance), citric acid, sodium citrate, tocopheryl acetate, panthenol, ci 19140 (yellow no. 5), ci 42090 (blue no. 1), hexyl cinnamal, linalool.||True||2890108P|||||||||10
799722|mueller||||||||2024-10-28|Dr.Oetker Gugelhupfform Back-Freude-Classic Ø 24cm|DR.OETKER||1|Stk.|Home|Haushalt|Kochen & Backen|Auflauf- & Backformen|Dr.Oetker Gugelhupfform Back-Freude-Classic Ø 24cm|||29,99 €|29,99 €||||||||||||||EUR|Home> Haushalt> Kochen & Backen> Auflauf- & Backformen> Dr.Oetker Gugelhupfform Back-Freude-Classic Ø 24cm|https://www.mueller.at/p/dr-oetker-gugelhupfform-back-freude-classic-24cm-IPN799722/|1 Stk.|"Mit dem Gugelhupf aus dem Dr. Oetker Sortiment ""Back-Freude Classic"" (Ø 22 cm, Höhe 12 cm) aus veredeltem Schwarzblech gelingt jeder Kuchen. Die langlebige Backform überzeugt durch ihre ausgezeichnete Wärmeleitung, die für gleichmäßige Backergebnisse sorgt. Die sehr guten Antihaft-Eigenschaften verhindern das Anbrennen des Teiges, zudem ist die Backform temperaturbeständig bis +230 °C. Nach dem Gebrauch kann sie ganz einfach per Handwäsche gereinigt werden. "||||||||||||||||||||||Non-Organic||||"{'Pflegehinweis': 'Handwäsche', 'Geeignet für': 'Backofen', 'manufacturer': 'Zenker Backformen GmbH & Co. KG', 'Herstelleradresse': 'Fritz-Mayer-Straße 7, 86661 Aichach', 'Kontaktmöglichkeit': 'service@oetker-kitchentools.de', 'Materialdetails': 'Veredeltes Schwarzblech', 'Material': 'Metall', 'product_property': 'antihaftbeschichtet|hitzebständig', 'Höhe': '12 cm', 'Durchmesser': '24 cm', 'Inhalt': '1 Stk.'}"||||||||Veredeltes Schwarzblech||||||0|0|799722_1.png|https://static.mueller.de/pdzoom/4044935025239.webp||||||||||||||||Handwäsche||||||Zenker Backformen GmbH & Co. KG||||||||||1 Stk.|||True||799722P|||||Backofen||||10
799724|mueller||||||||2024-10-28|Dr.Oetker Springform Back-Freude-Classic Ø 20cm|DR.OETKER||1|Stk.|Home|Haushalt|Kochen & Backen|Auflauf- & Backformen|Dr.Oetker Springform Back-Freude-Classic Ø 20cm|||17,99 €|17,99 €||||||||||||||EUR|Home> Haushalt> Kochen & Backen> Auflauf- & Backformen> Dr.Oetker Springform Back-Freude-Classic Ø 20cm|https://www.mueller.at/p/dr-oetker-springform-back-freude-classic-20cm-IPN799724/|1 Stk.|"Die Springform aus dem Dr. Oetker Sortiment ""Back-Freude Classic"" (Ø 20 cm, Höhe 6,5 cm) überzeugt durch die besondere Antihaft-Beschichtung, dank der sich auch feinste Teige im Handumdrehen aus der Form lösen lassen. Die optimale Wärmeleitung sorgt für gleichmäßige Bräunungs- und Backergebnisse. Das veredelte Schwarzblech ist temperaturbeständig bis +230 °C und lässt sich nach dem Gebrauch einfach per Hand reinigen. "||||||||||||||||||||||Non-Organic||||"{'Pflegehinweis': 'Handwäsche', 'Geeignet für': 'Backofen', 'manufacturer': 'Zenker Backformen GmbH & Co. KG', 'Herstelleradresse': 'Fritz-Mayer-Straße 7, 86661 Aichach', 'Kontaktmöglichkeit': 'service@oetker-kitchentools.de', 'Materialdetails': 'Veredeltes Schwarzblech', 'Material': 'Metall', 'product_property': 'antihaftbeschichtet|hitzebständig', 'Durchmesser': '20 cm', 'Inhalt': '1 Stk.'}"||||||||Veredeltes Schwarzblech||||||0|0|799724_1.png|https://static.mueller.de/pdzoom/4044935025307.webp||||||||||||||||Handwäsche||||||Zenker Backformen GmbH & Co. KG||||||||||1 Stk.|||True||799724P|||||Backofen||||1
799726|mueller||||||||2024-10-28|Dr.Oetker Springform Classic Ø 18cm|DR.OETKER||1|Stk.|Home|Haushalt|Kochen & Backen|Auflauf- & Backformen|Dr.Oetker Springform Classic Ø 18cm|||16,99 €|16,99 €||||||||||||||EUR|Home> Haushalt> Kochen & Backen> Auflauf- & Backformen> Dr.Oetker Springform Classic Ø 18cm|https://www.mueller.at/p/dr-oetker-springform-classic-18cm-IPN799726/|1 Stk.|Die Springform von Dr. Oetker Sortiment (Ø 18 cm, Höhe 6,5 cm) überzeugt durch die besondere Antihaft-Beschichtung, dank der sich auch feinste Teige im Handumdrehen aus der Form lösen lassen. Die optimale Wärmeleitung sorgt für gleichmäßige Bräunungs- und Backergebnisse. Das veredelte Schwarzblech ist temperaturbeständig bis +230 °C und lässt sich nach dem Gebrauch einfach per Hand reinigen.||||||||||||||||||||||Non-Organic||||"{'Pflegehinweis': 'Handwäsche', 'Geeignet für': 'Backofen', 'manufacturer': 'Zenker Backformen GmbH & Co. KG', 'Herstelleradresse': 'Fritz-Mayer-Straße 7, 86661 Aichach', 'Kontaktmöglichkeit': 'service@oetker-kitchentools.de', 'Materialdetails': 'Veredeltes Schwarzblech', 'Material': 'Metall', 'product_property': 'antihaftbeschichtet|hitzebständig', 'Höhe': '6.5 cm', 'Inhalt': '1 Stk.'}"||||||||Veredeltes Schwarzblech||||||0|0|799726_1.png|https://static.mueller.de/pdzoom/4044935025802.webp||||||||||||||||Handwäsche||||||Zenker Backformen GmbH & Co. KG||||||||||1 Stk.|||True||799726P|||||Backofen||||3
2062478|mueller||||||||2024-10-28|Vikings - Season 3 [3 DVDs]|||1|Stk.|Home|Multi-Media|Filme & TV|Action & Abenteuer|Vikings - Season 3  [3 DVDs]|||9,00 €|9,00 €||||||||||||||EUR|Home> Multi-Media> Filme & TV> Action & Abenteuer> Vikings - Season 3  [3 DVDs]|https://www.mueller.at/p/vikings-season-3-3-dvds-2062478/|1 Stk.|"Im alten Reich der Wikinger werden erneut Schlachten geschlagen und Städte geplündert - getrieben von Rache, Wollust und Eroberungsdrang in einer neuen Staffel von Vikings. In der packenden Familiensaga um Ragnar, Rollo, Lagertha und Bjorn werden Loyalitäten hinterfragt und Blutsbande getestet. Als neuer König seines Volkes, bleibt Ragnar ein rastloser Wanderer und führt die nordischen Krieger in ein episches Abenteuer, welches sie von Essex' Küsten bis in die legendäre Stadt Paris führt. Doch unfassbarer Betrug und verborgene Gefahren werden Ragnars Mut und Kraft wie nie zuvor auf die Probe stellen.

Episoden:
01 Söldner
02 Der Wanderer
03 Das Schicksal eines Krieges
04 Gezeichnet
05 Der Thronräuber
06 Wiedergeboren
07 Paris
08 Zu den Toren!
09 Zerreissprobe
10 Die Toten"||||||||||||||||||||||Non-Organic||||"{'medium': 'DVD', 'Untertitel': 'Deutsch,Englisch', 'manufacturer': 'Warner Bros (Universal Pictures)', 'Zusatzinfos / Bonusmaterial beim Film dabei': 'Audiokommentare zu ausgewählten Episoden;\nEntfallene Szenen;\nAthelstans Tagebuch Teil 1 & 2;\nDie Götter;\nDie Politik von König Ragnars Herrschaft;\nParis: Eine Stadt unter Belagerung;', 'Inhalt': '1 Stk.', 'Laufzeit in min (gesamt)': '420', 'Produktionsjahr': '2015', 'Produktionsland': 'Irland,Kanada', 'Schauspieler': 'Travis Fimmel,Katheryn Winnick,Clive Standen,Gustaf Skarsgard,George Blagden,Alexander Ludwig', 'Special Edition': 'Nein', 'Tonformat-Sprache': 'Deutsch,Englisch', 'packaging_type': 'Digipack im Schuber', 'Hauptgenre': 'TV-Serie|Abenteuer'}"||||||||||||||0|0|2062478_1.png|https://static.mueller.de/videojakob_4045167014657_pv_489777/pdzoom/vikings-season-3-3-dvds.webp|2062478_2.png|https://static.mueller.de/pdzoom/videojakob_4045167014657_pr_489777-back.webp|2062478_3.png|https://static.mueller.de/videojakob_4045167014657_pd_67138200/pdzoom/vikings-season-3-3-dvds.webp|2062478_4.png|https://static.mueller.de/videojakob_4045167014657_pd_66687776/pdzoom/vikings-season-3-3-dvds.webp|2062478_5.png|https://static.mueller.de/videojakob_4045167014657_pd_66688744/pdzoom/vikings-season-3-3-dvds.webp|2062478_6.png|https://static.mueller.de/videojakob_4045167014657_pd_66689541/pdzoom/vikings-season-3-3-dvds.webp||||||||||||Warner Bros (Universal Pictures)||||||||||1 Stk.|||True||2062478P|||||||||5
799727|mueller||||||||2024-10-28|Dr.Oetker Springform Mini Classic Ø 18cm|DR.OETKER||1|Stk.|Home|Haushalt|Kochen & Backen|Auflauf- & Backformen|Dr.Oetker Springform Mini Classic Ø 18cm|||23,99 €|23,99 €||||||||||||||EUR|Home> Haushalt> Kochen & Backen> Auflauf- & Backformen> Dr.Oetker Springform Mini Classic Ø 18cm|https://www.mueller.at/p/dr-oetker-springform-mini-classic-18cm-IPN799727/|1 Stk.|Die Springform von Dr. Oetker Sortiment (Ø 18 cm, Höhe 6,5 cm) mit Flach- und Rohrboden überzeugt durch die besondere Antihaft-Beschichtung, dank der sich auch feinste Teige im Handumdrehen aus der Form lösen lassen. Die optimale Wärmeleitung sorgt für gleichmäßige Bräunungs- und Backergebnisse. Das veredelte Schwarzblech ist temperaturbeständig bis +230 °C und lässt sich nach dem Gebrauch einfach per Hand reinigen.||||||||||||||||||||||Non-Organic||||"{'Geeignet für': 'Backofen', 'Pflegehinweis': 'Handwäsche', 'manufacturer': 'Zenker Backformen GmbH & Co. KG', 'Herstelleradresse': 'Fritz-Mayer-Straße 7, 86661 Aichach', 'Kontaktmöglichkeit': 'service@oetker-kitchentools.de', 'Materialdetails': 'Veredeltes Schwarzblech', 'Material': 'Metall', 'product_property': 'antihaftbeschichtet|hitzebständig', 'Höhe': '6.5 cm', 'Inhalt': '1 Stk.'}"||||||||Veredeltes Schwarzblech||||||0|0|799727_1.png|https://static.mueller.de/pdzoom/4044935025819.webp||||||||||||||||Handwäsche||||||Zenker Backformen GmbH & Co. KG||||||||||1 Stk.|||True||799727P|||||Backofen||||4
799728|mueller||||||||2024-10-28|Dr.Oetker Gugelhupfform Classic Ø 18cm|DR.OETKER||1|Stk.|Home|Haushalt|Kochen & Backen|Auflauf- & Backformen|Dr.Oetker Gugelhupfform Classic Ø 18cm|||23,99 €|23,99 €||||||||||||||EUR|Home> Haushalt> Kochen & Backen> Auflauf- & Backformen> Dr.Oetker Gugelhupfform Classic Ø 18cm|https://www.mueller.at/p/dr-oetker-gugelhupfform-classic-18cm-IPN799728/|1 Stk.|Mit dem Gugelhupf von Dr. Oetker (Ø 18 cm, Höhe 11,5 cm) aus veredeltem Schwarzblech gelingt jeder Kuchen. Die langlebige Backform überzeugt durch ihre ausgezeichnete Wärmeleitung, die für gleichmäßige Backergebnisse sorgt. Die sehr guten Antihaft-Eigenschaften verhindern das Anbrennen des Teiges, zudem ist die Backform temperaturbeständig bis +230 °C. Nach dem Gebrauch kann sie ganz einfach per Handwäsche gereinigt werden.||||||||||||||||||||||Non-Organic||||"{'Geeignet für': 'Backofen', 'Pflegehinweis': 'Handwäsche', 'manufacturer': 'Zenker Backformen GmbH & Co. KG', 'Herstelleradresse': 'Fritz-Mayer-Straße 7, 86661 Aichach', 'Kontaktmöglichkeit': 'service@oetker-kitchentools.de', 'Materialdetails': 'Veredeltes Schwarzblech', 'Material': 'Metall', 'product_property': 'antihaftbeschichtet|hitzebständig', 'Höhe': '11.5 cm', 'Inhalt': '1 Stk.'}"||||||||Veredeltes Schwarzblech||||||0|0|799728_1.png|https://static.mueller.de/pdzoom/4044935025826.webp||||||||||||||||Handwäsche||||||Zenker Backformen GmbH & Co. KG||||||||||1 Stk.|||True||799728P|||||Backofen||||10
2391732|mueller||||||||2024-10-28|rotho Krug CARUBA 1,2l|ROTHO||1|Stk.|Home|Haushalt|Essen & Trinken|Kannen & Flaschen|Kannen|rotho Krug CARUBA 1,2l||6,49 €|6,49 €||||||||||||||EUR|Home> Haushalt> Essen & Trinken> Kannen & Flaschen> Kannen> rotho Krug CARUBA 1,2l|https://www.mueller.at/p/rotho-krug-caruba-1-2l-6414531446/|1 Stk.|Egal ob bei der Gartenparty, beim Kindergeburtstag oder unterwegs in der freien Natur: mit unserer Geschirrserie Caruba haben Sie immer das richtige zur Hand. Die Teller, Becher, und Schalen sowie der Krug sind in verschiedenen Größen und Farben erhältlich und hochwertig verarbeitet, sodass Sie lange daran Freude haben. Das Geschirr kann einfach in der Spülmaschine gereinigt werden, ohne dass es sich nach dem Spülgang verzieht oder sonst die Form verändert. Der Kunststoff ist ohne Schadstoffe und wird in der Schweiz produziert. - Praktischer Krug mit Deckel für Eistee, Säfte, Sirup und mehr - Passt perfekt in die Kühlschrank-Tür - Deckel mit 3 Öffnungen: offen, geschlossen, oder mit Rechen um Eis und Kerne zurückzuhalten - Lebensmittelecht und spülmaschinenfest - Hochwertiger Kunststoff (PP), kein unangenehmer Geruch - Fassungsvermögen: 1,2 Liter - Hergestellt in der Schweiz||||||||||||||||||||||Non-Organic||||{'Geeignet für': 'Spuelmaschinen', 'Gewicht': '166', 'manufacturer': 'Rotho Kunststoff GmbH', 'Herstelleradresse': 'Hauptstr. 84 ,79733 Görwihl', 'Farbe': 'Lime', 'Höhe': '22 cm', 'Breite': '10.5 cm', 'Tiefe': '16 cm', 'Inhalt': '1 Stk.'}||||||Lime||||||||0|0|2391732_1.png|https://static.mueller.de/6413947365-PV-0/pdzoom/rotho-krug-caruba-1-2l.webp|2391732_2.png|https://static.mueller.de/6413947365-PB-2/pdzoom/rotho-krug-caruba-1-2l.webp|2391732_3.png|https://static.mueller.de/6413947365-PB-3/pdzoom/rotho-krug-caruba-1-2l.webp|2391732_4.png|https://static.mueller.de/6413947365-PB-4/pdzoom/rotho-krug-caruba-1-2l.webp||||||||||||||||Rotho Kunststoff GmbH||||||||||1 Stk.|||False||2391732P|||||Spuelmaschinen||||10
3723|mueller||||||||2024-10-28|Danke Haushaltstücher Recycling|DANKE||180|Stk.|Home|Drogerie|Haushalt|Papierartikel|Küchentücher|Danke Haushaltstücher Recycling||3,35 €|3,35 €|||||||||||1,86 € / 100 Stk.|||EUR|Home> Drogerie> Haushalt> Papierartikel> Küchentücher> Danke Haushaltstücher Recycling|https://www.mueller.at/p/danke-haushaltstuecher-recycling-3723/|180 Stk.|"Danke Küchentücher 3-lagig bestehen aus recyceltem Altpapier und sind natürlich weich und sanft zur Haut.

Ohne Farbzusätze und Bleichmittel


Für Allergiker geeignet




Im ganzen Haushalt einsetzbar


"||||||||||||||||||||||Non-Organic||||{'manufacturer': 'Essity Germany GmbH', 'Herstelleradresse': 'Sandhofer Strasse 176,\n68305 Mannheim', 'Kontaktmöglichkeit': 'info.deutschland@essity.com', 'Inhalt': '180 Stk.', 'Produkttyp': 'Küchentücher'}||||||||||||||4.0|1|3723_1.png|https://static.mueller.de/markant_04006670363519_pv_4670751/pdzoom/danke-haushaltstuecher-recycling.webp|3723_2.png|https://static.mueller.de/markant_04006670363519_pd_4969462/pdzoom/danke-haushaltstuecher-recycling.webp|3723_3.png|https://static.mueller.de/markant_04006670363519_pd_3205661/pdzoom/danke-haushaltstuecher-recycling.webp|3723_4.png|https://static.mueller.de/markant_04006670363519_pd_3205663/pdzoom/danke-haushaltstuecher-recycling.webp|3723_5.png|https://static.mueller.de/markant_04006670363519_pd_3205664/pdzoom/danke-haushaltstuecher-recycling.webp|3723_6.png|https://static.mueller.de/markant_04006670363519_pd_3205665/pdzoom/danke-haushaltstuecher-recycling.webp||||||||||||Essity Germany GmbH||||||||||180 Stk.|||True||3723P|||||||||3
745655|mueller||||||||2024-10-28|rotho Körbchen LINUS A5 anthrazit|ROTHO||1|Stk.|Home|Haushalt|Wohnen & Dekorieren|Aufbewahrungssysteme|rotho Körbchen LINUS A5 anthrazit|||3,29 €|3,29 €||||||||||||||EUR|Home> Haushalt> Wohnen & Dekorieren> Aufbewahrungssysteme> rotho Körbchen LINUS A5 anthrazit|https://www.mueller.at/p/rotho-koerbchen-linus-a5-anthrazit-6414531461/|1 Stk.|Diese Allzweckbox bietet in vielen Bereichen eine gute Aufbewahrungslösung. Durch das moderne und schlichte Design der Ablagekorb ein echter Hingucker und setzt gleichzeitig dekorative Akzente. In Kinderzimmer, Küche, Büro, Werkstatt oder Hobbyraum liegt immer Kleinkram herum. Mit den Formatkörbchen machen Sie Schluss mit unaufgeräumten Küchentheken oder Regalen. Sammeln Sie Stifte, Klebematerial oder Zettel in einer Graphix-Box und schon herrscht Ordnung. - Aufbewahrungsschale aus hochwertigem Kunststoff (PP)- Idealer Ordnunghelfer in vielen Bereichen - Leicht zu reinigen (spülmaschinengeeignet) - Hergestellt in der Schweiz||||||||||||||||||||||Non-Organic||||{'manufacturer': 'Rotho Kunststoff GmbH', 'Herstelleradresse': 'Hauptstr. 84 ,79733 Görwihl', 'Farbe': 'anthrazit', 'Inhalt': '1 Stk.'}||||||anthrazit||||||||5.0|1|745655_1.png|https://static.mueller.de/6413943775-PB-2/pdzoom/rotho-koerbchen-linus-a5-anthrazit.webp|745655_2.png|https://static.mueller.de/6413943775-PV-0/pdzoom/rotho-koerbchen-linus-a5-anthrazit.webp|745655_3.png|https://static.mueller.de/6413943775-PB-3/pdzoom/rotho-koerbchen-linus-a5-anthrazit.webp|745655_4.png|https://static.mueller.de/6413943775-PB-4/pdzoom/rotho-koerbchen-linus-a5-anthrazit.webp||||||||||||||||Rotho Kunststoff GmbH||||||||||1 Stk.|||True||745655P|||||||||7
560137|mueller||||||||2024-10-28|BURT'S BEES Ultra Conditioning Kokum Butter Lip Balm|BURT'S BEES||4.3|g|Home|Parfümerie|Pflege|Gesichtspflege|Lippenpflege|BURT'S BEES Ultra Conditioning Kokum Butter Lip Balm||4,69 €|4,69 €||||||||||||||EUR|Home> Parfümerie> Pflege> Gesichtspflege> Lippenpflege> BURT'S BEES Ultra Conditioning Kokum Butter Lip Balm|https://www.mueller.at/p/burts-bees-ultra-conditioning-kokum-butter-lip-balm-560137/|4.3 g|Besonders reichhaltiger Lippenbalsam mit Kokum-,  Shea- und Kakao-Butter sowie Marula-Öl. Reich an Antioxidantien, Vitamin E und C.||||||||||||||||||||||Non-Organic||||"{'target_group': 'Unisex', 'manufacturer': 'Village Cosmetics GmbH & Co.KG', 'Herstelleradresse': 'Terlanerstr. 12, 86165 Augsburg', 'Kontaktmöglichkeit': 'info@village-cosmetics.de / www.burtsbees.de', 'Anwendungshinweis': 'So oft wie gewünscht großzügig auftragen, besonders bei Trockenheit, Kälte und/oder Wind.', 'package_contents': 'cocos nucifera (coconut) oil, olea europaea (olive) fruit oil, helianthus annuus (sunflower) seed oil, helianthus annuus (sunflower) seed wax, persea gratissima (avocado) oil, olus (vegetable oil, huile vegetale), cera alba (beeswax, cire d’abeille), sclerocarya birrea seed oil, soybean glycerides, theobroma cacao (cocoa) seed butter, garcinia indica seed butter*, butyrospermum parkii (shea) butter, butyrospermum parkii (shea butter) unsaponifiables, cymbopogon martini oil, citrus aurantium dulcis (orange) oil, salvia sclarea (clary) oil, tocopherol, myroxylon pereirae (balsam peru) oil, vanilla planifolia fruit extract, illicium verum (anise) fruit/seed oil, cananga odorata flower oil, glycine soja (soybean) oil, citric acid, geraniol, linalool, benzyl benzoate  *Kokum Butter/*Beurre de kokum', 'skin_type': 'alle Hauttypen', 'product_property': 'feuchtigkeitsspendend|schützend|regenerierend|beruhigend|aufbauend', 'Inhalt': '4.3 g', 'scope_of_application': 'Lippenpflege', 'Produkttyp': 'Balm'}"||||||||||||||0|0|560137_1.png|https://static.mueller.de/278954763-PV-0/pdzoom/burts-bees-ultra-conditioning-kokum-butter-lip-balm.webp|560137_2.png|https://static.mueller.de/278954763-PB-1/pdzoom/burts-bees-ultra-conditioning-kokum-butter-lip-balm.webp|560137_3.png|https://static.mueller.de/278954763-PB-2/pdzoom/burts-bees-ultra-conditioning-kokum-butter-lip-balm.webp||||||||||||||||||Village Cosmetics GmbH & Co.KG||||||||||4.3 g|cocos nucifera (coconut) oil, olea europaea (olive) fruit oil, helianthus annuus (sunflower) seed oil, helianthus annuus (sunflower) seed wax, persea gratissima (avocado) oil, olus (vegetable oil, huile vegetale), cera alba (beeswax, cire d’abeille), sclerocarya birrea seed oil, soybean glycerides, theobroma cacao (cocoa) seed butter, garcinia indica seed butter*, butyrospermum parkii (shea) butter, butyrospermum parkii (shea butter) unsaponifiables, cymbopogon martini oil, citrus aurantium dulcis (orange) oil, salvia sclarea (clary) oil, tocopherol, myroxylon pereirae (balsam peru) oil, vanilla planifolia fruit extract, illicium verum (anise) fruit/seed oil, cananga odorata flower oil, glycine soja (soybean) oil, citric acid, geraniol, linalool, benzyl benzoate  *Kokum Butter/*Beurre de kokum||False||560137P|||||||||1
745659|mueller||||||||2024-10-28|rotho Körbchen LINUS A6|ROTHO||1|Stk.|Home|Haushalt|Wohnen & Dekorieren|Aufbewahrungssysteme|rotho Körbchen LINUS A6|||2,29 €|2,29 €||||||||||||||EUR|Home> Haushalt> Wohnen & Dekorieren> Aufbewahrungssysteme> rotho Körbchen LINUS A6|https://www.mueller.at/p/rotho-koerbchen-linus-a6-6414531462/|1 Stk.|Diese Allzweckbox bietet in vielen Bereichen eine gute Aufbewahrungslösung. Durch das moderne und schlichte Design der Ablagekorb ein echter Hingucker und setzt gleichzeitig dekorative Akzente. In Kinderzimmer, Küche, Büro, Werkstatt oder Hobbyraum liegt immer Kleinkram herum. Mit den Formatkörbchen machen Sie Schluss mit unaufgeräumten Küchentheken oder Regalen. Sammeln Sie Stifte, Klebematerial oder Zettel in einer Graphix-Box und schon herrscht Ordnung. - Aufbewahrungsschale aus hochwertigem Kunststoff (PP) - Idealer Ordnunghelfer in vielen Bereichen - Leicht zu reinigen (spülmaschinengeeignet) - Hergestellt in der Schweiz||||||||||||||||||||||Non-Organic||||{'manufacturer': 'Rotho Kunststoff GmbH', 'Herstelleradresse': 'Hauptstr. 84 ,79733 Görwihl', 'Farbe': 'transparent', 'Inhalt': '1 Stk.'}||||||transparent||||||||5.0|1|745659_1.png|https://static.mueller.de/6413943837-PV-0/pdzoom/rotho-koerbchen-linus-a6.webp|745659_2.png|https://static.mueller.de/6413943837-PB-2/pdzoom/rotho-koerbchen-linus-a6.webp|745659_3.png|https://static.mueller.de/6413943837-PB-3/pdzoom/rotho-koerbchen-linus-a6.webp||||||||||||||||||Rotho Kunststoff GmbH||||||||||1 Stk.|||True||745659P|||||||||10
2615711|mueller||||||||2024-10-28|214/Diamantenrausch auf der A9|||1|Stk.|Home|Multi-Media|Musik|Hörspiele|214/Diamantenrausch auf der A9|||7,99 €|7,99 €||||||||||||||EUR|Home> Multi-Media> Musik> Hörspiele> 214/Diamantenrausch auf der A9|https://www.mueller.at/p/214-diamantenrausch-auf-der-a9-2615711/|1 Stk.|||||||||||||||||||||||Non-Organic||||{'medium': 'CD', 'Künstler': 'TKKG', 'Inhalt': '1 Stk.', 'Anzahl Medien im Artikel': '1', 'genre': 'Hörspiel (Kinder)', 'Label': 'SME Famil'}||||||||||||||0|0|2615711_1.png|https://static.mueller.de/pdzoom/phononet_0190759888520_pv_0190759888520-0600px-001.webp|2615711_2.png|https://static.mueller.de/pdzoom/phononet_0190759888520_pr_0190759888520-0600px-002.webp|2615711_3.png|https://static.mueller.de/6743607847-PR-1/pdzoom/214-diamantenrausch-auf-der-a9.webp||||||||||||||||||||||||||||1 Stk.|||True||2615711P|||||||||5
745663|mueller||||||||2024-10-28|rotho Körbchen LINUS A7|ROTHO||1|Stk.|Home|Haushalt|Wohnen & Dekorieren|Aufbewahrungssysteme|rotho Körbchen LINUS A7|||2,09 €|2,09 €||||||||||||||EUR|Home> Haushalt> Wohnen & Dekorieren> Aufbewahrungssysteme> rotho Körbchen LINUS A7|https://www.mueller.at/p/rotho-koerbchen-linus-a7-6414531463/|1 Stk.|Diese Allzweckbox bietet in vielen Bereichen eine gute Aufbewahrungslösung. Durch das moderne und schlichte Design der Ablagekorb ein echter Hingucker und setzt gleichzeitig dekorative Akzente. In Kinderzimmer, Küche, Büro, Werkstatt oder Hobbyraum liegt immer Kleinkram herum. Mit den Formatkörbchen machen Sie Schluss mit unaufgeräumten Küchentheken oder Regalen. Sammeln Sie Stifte, Klebematerial oder Zettel in einer Graphix-Box und schon herrscht Ordnung. - Aufbewahrungsschale aus hochwertigem Kunststoff (PP) - Idealer Ordnunghelfer in vielen Bereichen - Leicht zu reinigen (spülmaschinengeeignet) - Hergestellt in der Schweiz||||||||||||||||||||||Non-Organic||||{'manufacturer': 'Rotho Kunststoff GmbH', 'Herstelleradresse': 'Hauptstr. 84 ,79733 Görwihl', 'Farbe': 'transparent', 'Inhalt': '1 Stk.'}||||||transparent||||||||5.0|1|745663_1.png|https://static.mueller.de/6413943744-PV-0/pdzoom/rotho-koerbchen-linus-a7.webp|745663_2.png|https://static.mueller.de/6413943744-PB-2/pdzoom/rotho-koerbchen-linus-a7.webp|745663_3.png|https://static.mueller.de/6413943744-PB-3/pdzoom/rotho-koerbchen-linus-a7.webp|745663_4.png|https://static.mueller.de/6413943744-PB-4/pdzoom/rotho-koerbchen-linus-a7.webp|745663_5.png|https://static.mueller.de/6413943744-PB-5/pdzoom/rotho-koerbchen-linus-a7.webp||||||||||||||Rotho Kunststoff GmbH||||||||||1 Stk.|||True||745663P|||||||||10
2865167|mueller||||||||2024-10-28|Yves Saint Laurent Black Opium Le Parfum|YVES SAINT LAURENT||30|ml|Home|Parfümerie|Düfte für Sie|Düfte|Yves Saint Laurent Black Opium Le Parfum|||84,95 €|84,95 €|||||||||||2 831,67 € / 1 l|||EUR|Home> Parfümerie> Düfte für Sie> Düfte> Yves Saint Laurent Black Opium Le Parfum|https://www.mueller.at/p/yves-saint-laurent-black-opium-le-parfum-IPN2865174/|30 ml|BLACK OPIUM Le Parfum von YSL Beauté lässt die Sehnsucht wie kein anderes Parfum aufleben. Das intensive Damenparfum fesselt mit seiner faszinierenden Vielschichtigkeit und vier unvergleichlichen Vanille-Noten alle Sinne. Ein Damenduft der Sehnsucht – eine Sucht die niemals endet. BLACK OPIUM Le Parfum erweckt die rebellische und weibliche Seite aller Frauen, die selbstbewusst das tun, was sie lieben. Die extravagante Duftkombination wird von süßen Birnen- und Mandarinen-Noten eingeleitet, die auf ein Quartett intensiver Vanille, frischen Kaffeebohnen und holzigem Patchouli in der Basisnote treffen – ein Duft, der mit seiner unvergleichlichen Tiefe und Eleganz fasziniert und die Nacht erleuchtet.||||||||||||||||||||||Non-Organic||||"{'target_group': 'Damen', 'manufacturer': ""L'Oréal Deutschland GmbH"", 'Herstelleradresse': 'Johannstrasse 1, 40476 Düsseldorf', 'Kontaktmöglichkeit': '+49 721 988 143 02', 'fragrance_concentration': 'Eau Parfumée', 'fragrance_note': 'blumig|orientalisch', 'top_note': 'Birnen-Akkorde', 'heart_note': 'Jasmin Sambac', 'base_note': 'Kaffee-Akkorde', 'Anwendungshinweis': 'Das Yves Saint Laurent Black Opium Le Parfum aus etwa 20 cm Entfernung aufsprühen. Für ein süchtig machendes Dufterlebnis, den intensiven Duft auf warme Körperpartien, wie Handgelenk, Hals oder Dekolleté als auftragen. Eine Dosis Sinnlichkeit auf der Haut, um die ganze Nacht lang zu strahlen.', 'application_type': 'Pumpzerstäuber', 'package_contents': '875390 03 - INGREDIENTS:  ALCOHOL • PARFUM / FRAGRANCE • AQUA / WATER • BENZYL SALICYLATE • BENZYL ALCOHOL • LINALOOL • BUTYL METHOXYDIBENZOYLMETHANE • HYDROXYCITRONELLAL • HEXYL CINNAMAL • LIMONENE • COUMARIN • ANISE ALCOHOL • GERANIOL • CITRONELLOL • CINNAMYL ALCOHOL • AMYL CINNAMAL • CITRAL • CINNAMAL (F.I.L. Z70014424/1).', 'Inhalt': '30 ml', 'Produkttyp': 'Parfum'}"||||||||||||||4.3|10|2865167_1.png|https://static.mueller.de/pdzoom/3614273863384_1_06062024.webp|2865167_2.png|https://static.mueller.de/pdzoom/3614273863384_2_06062024.webp|2865167_3.png|https://static.mueller.de/pdzoom/3614273863384_6_06062024.webp|2865167_4.png|https://static.mueller.de/pdzoom/3614273863384_3_06062024.webp|2865167_5.png|https://static.mueller.de/pdzoom/3614273863384_4_06062024.webp|2865167_6.png|https://static.mueller.de/pdzoom/3614273863384_5_06062024.webp||||||||||||L'Oréal Deutschland GmbH||||||||||30 ml|875390 03 - INGREDIENTS:  ALCOHOL • PARFUM / FRAGRANCE • AQUA / WATER • BENZYL SALICYLATE • BENZYL ALCOHOL • LINALOOL • BUTYL METHOXYDIBENZOYLMETHANE • HYDROXYCITRONELLAL • HEXYL CINNAMAL • LIMONENE • COUMARIN • ANISE ALCOHOL • GERANIOL • CITRONELLOL • CINNAMYL ALCOHOL • AMYL CINNAMAL • CITRAL • CINNAMAL (F.I.L. Z70014424/1).||True||2865167P|||||||||10
75953|mueller||||||||2024-10-28|Kneipp Duschbalsam Mandelblüten Hautzart|KNEIPP||200|ml|Home|Drogerie|Pflege|Körperpflege|Duschen|Kneipp Duschbalsam Mandelblüten Hautzart||3,75 €|3,75 €|||||||||||18,75 € / 1 l|||EUR|Home> Drogerie> Pflege> Körperpflege> Duschen> Kneipp Duschbalsam Mandelblüten Hautzart|https://www.mueller.at/p/kneipp-duschbalsam-mandelblueten-hautzart-75953/|200 ml|"Der Duschbalsam Kneipp® Mandelblüten Hautzart reinigt sanft, pflegt intensiv und unterstützt die Aufrechterhaltung des hauteigenen Schutzmantels bereits beim Duschen. Die Formel mit wertvollen pflanzlichen Inhaltstoffen, pflegendem Mandelöl und reichhaltiger Sheabutter schützt auch trockene und sensible Haut vor dem Austrocknen.

Die Dusche mit pflanzlicher Pflegeformel verbessert das Hautgefühl während und nach dem Duschen. Die Formel mit natürlichen pflegenden Ölen schont und bewahrt das hauteigene Mikrobiom und sorgt für ein zartes und geschmeidiges Hautgefühl. Eine wissenschaftliche Studie bestätigt, dass die Hautfeuchtigkeit bei Anwendung bewahrt wird.

Kosmetisches Mittel. Vegan*
*Diesem Produkt wurden keine tierischen Bestandteile zugesetzt.Mandelblüte
Spezialpflege Für trockene & sensible Haut
BEWAHRT DIE FEUCHTIGKEIT DER HAUT
SCHMALER DECKEL – WENIGER PLASTIK 1
REZEPTUR OHNE MIKROPLASTIK
98% BIOLOGISCH ABBAUBARE INHALTSTOFFE gem. OECD oder äquivalenten Methoden"||||||||||||||||||||||Non-Organic||||{'scope_of_delivery': '200ml', 'manufacturer': 'Kneipp GmbH', 'Herstelleradresse': 'Winterhäuser Str. 85, 97084 Würzburg', 'Kontaktmöglichkeit': 'info@kneipp.de', 'package_contents': 'Aqua (Water), Sodium Laureth Sulfate, Glycerin, Cocamidopropyl Betaine, Coco-Glucoside, PEG-40 Sorbitan Peroleate, PEG-18 Glyceryl Oleate/Cocoate, Glyceryl Oleate, Prunus Amygdalus Dulcis (Sweet Almond) Oil, Simmondsia Chinensis (Jojoba) Seed Oil, Butyrospermum Parkii (Shea) Butter, Prunus Amygdalus Dulcis (Sweet Almond) Flower Extract, Amyris Balsamifera Bark Oil, Pogostemon Cablin Leaf Oil, Benzyl Benzoate, Limonene, Linalool, Coumarin, Alpha-Isomethyl Ionone, Benzyl Alcohol, Sodium Levulinate, Sodium Anisate, Parfum (Fragrance), Glycol Distearate, Sodium Chloride, Hydroxypropyl Methylcellulose, Citric Acid, PEG-14M, Sodium Hydroxide, Helianthus Annuus Hybrid Oil, Silica, Glycine Soja (Soybean) Oil, Hydrogenated Palm Glycerides Citrate, Tocopherol.', 'Inhalt': '200 ml', 'scope_of_application': 'Duschen', 'Produkttyp': 'Duschgel'}||||||||||||||4.4737|19|75953_1.png|https://static.mueller.de/markant_04008233170398_pv_4592930/pdzoom/kneipp-duschbalsam-mandelblueten-hautzart.webp|75953_2.png|https://static.mueller.de/markant_04008233170398_pr_4592929/pdzoom/kneipp-duschbalsam-mandelblueten-hautzart.webp||||||||||||||||||||Kneipp GmbH||||||||||200 ml|Aqua (Water), Sodium Laureth Sulfate, Glycerin, Cocamidopropyl Betaine, Coco-Glucoside, PEG-40 Sorbitan Peroleate, PEG-18 Glyceryl Oleate/Cocoate, Glyceryl Oleate, Prunus Amygdalus Dulcis (Sweet Almond) Oil, Simmondsia Chinensis (Jojoba) Seed Oil, Butyrospermum Parkii (Shea) Butter, Prunus Amygdalus Dulcis (Sweet Almond) Flower Extract, Amyris Balsamifera Bark Oil, Pogostemon Cablin Leaf Oil, Benzyl Benzoate, Limonene, Linalool, Coumarin, Alpha-Isomethyl Ionone, Benzyl Alcohol, Sodium Levulinate, Sodium Anisate, Parfum (Fragrance), Glycol Distearate, Sodium Chloride, Hydroxypropyl Methylcellulose, Citric Acid, PEG-14M, Sodium Hydroxide, Helianthus Annuus Hybrid Oil, Silica, Glycine Soja (Soybean) Oil, Hydrogenated Palm Glycerides Citrate, Tocopherol.||True||75953P||||Nicht einnehmen und für Kinder unzugänglich aufbewahren.|||||10
700014|mueller||||||||2024-10-28|rotho Aufbewahrungsbox Livingbox 2l|ROTHO||1|Stk.|Home|Haushalt|Wohnen & Dekorieren|Aufbewahrungssysteme|rotho Aufbewahrungsbox Livingbox 2l|||4,59 €|4,59 €||||||||||||||EUR|Home> Haushalt> Wohnen & Dekorieren> Aufbewahrungssysteme> rotho Aufbewahrungsbox Livingbox 2l|https://www.mueller.at/p/rotho-aufbewahrungsbox-livingbox-2l-6414531455/|1 Stk.|Durch das moderne und schlichte Design ist sie ein echter Hingucker und setzt gleichzeitig dekorative Farbakzente. Die Livingbox wird aus hochwertigem Kunststoff hergestellt. Auch die beiden Tragegriffe sind hochwertig verarbeitet und bieten einen angenehmen Tragekomfort ohne Verletzungsgefahr. Die Kisten sind optimal für jegliche Anwendungen geeignet. Ob im Kinderzimmer für Spielzeug und Bücher, für Stifte, Hobbbybedarf, Zettel im Büro, Kleidung im Schlafzimmer, im Wohnzimmer für Zeitschriften, das Sammeln von Altpapier und vieles mehr: dank der vielen unterschiedlichen Größen im Sortiment findet man für jeden Einsatzzweck die richtige Box. - Maße: 25,5 x 13,4 x 9 cm - Volumen: 2l - Gewicht: 95g - Box aus hochwertigem Kunststoff (PP) - Geeignet als schlichte Aufbewahrungsbox im ganzen Haushalt - Robuste und pflegeleichte Box - Mit zwei bequemen Griffen - Spülmaschinengeeignet||||||||||||||||||||||Non-Organic||||{'manufacturer': 'Rotho Kunststoff GmbH', 'Herstelleradresse': 'Hauptstr. 84 ,79733 Görwihl', 'Farbe': 'weiß', 'Inhalt': '1 Stk.'}||||||weiß||||||||0|0|700014_1.png|https://static.mueller.de/6413948657-PV-0/pdzoom/rotho-aufbewahrungsbox-livingbox-2l.webp|700014_2.png|https://static.mueller.de/6413948657-PB-2/pdzoom/rotho-aufbewahrungsbox-livingbox-2l.webp|700014_3.png|https://static.mueller.de/6413948657-PB-3/pdzoom/rotho-aufbewahrungsbox-livingbox-2l.webp||||||||||||||||||Rotho Kunststoff GmbH||||||||||1 Stk.|||True||700014P|||||||||10
2615714|mueller||||||||2024-10-28|Die 30 besten Kirchenlieder für Kinder 2 Lamp und Leute|||1|Stk.|Home|Multi-Media|Musik|Kindermusik|Die 30 besten Kirchenlieder für Kinder 2 Lamp und Leute|||9,99 €|9,99 €||||||||||||||EUR|Home> Multi-Media> Musik> Kindermusik> Die 30 besten Kirchenlieder für Kinder 2 Lamp und Leute|https://www.mueller.at/p/die-30-besten-kirchenlieder-fuer-kinder-2-lamp-und-leute-2615714/|1 Stk.|||||||||||||||||||||||Non-Organic||||{'medium': 'CD', 'Künstler': 'Sommerland,S./Glück,K. & Kita-Frösche,Die', 'Inhalt': '1 Stk.', 'Anzahl Medien im Artikel': '1', 'genre': 'Musik (Kinder)', 'Label': 'LAMP UND L'}||||||||||||||0|0|2615714_1.png|https://static.mueller.de/pdzoom/phononet_4260167472997_pv_4260167472997-0600px-001.webp||||||||||||||||||||||||||||||||1 Stk.|||True||2615714P|||||||||1
2615717|mueller||||||||2024-10-28|10: Hin und weg! (Hörspiel)|||1|Stk.|Home|Multi-Media|Musik|Hörspiele|10: Hin und weg! (Hörspiel)|||7,99 €|7,99 €||||||||||||||EUR|Home> Multi-Media> Musik> Hörspiele> 10: Hin und weg! (Hörspiel)|https://www.mueller.at/p/10-hin-und-weg-hoerspiel-2615717/|1 Stk.|||||||||||||||||||||||Non-Organic||||{'medium': 'CD', 'Künstler': 'Die Schule der magischen Tiere', 'Inhalt': '1 Stk.', 'Anzahl Medien im Artikel': '1', 'genre': 'Hörspiel (Kinder)', 'Label': 'Karussell'}||||||||||||||0|0|2615717_1.png|https://static.mueller.de/pdzoom/phononet_0602508516160_pv_0602508516160-0600px-001.webp||||||||||||||||||||||||||||||||1 Stk.|||True||2615717P|||||||||5
3736|mueller||||||||2024-10-28|POLIBOY Möbel Intensiv Pflege Spray|POLIBOY||375|ml|Home|Drogerie|Haushalt|Putzen & Reinigen|Möbelpflege|POLIBOY Möbel Intensiv Pflege Spray|||3,75 €||3,75 €|||||AKTION||||10,00 € / 1 l|||EUR|Home> Drogerie> Haushalt> Putzen & Reinigen> Möbelpflege> POLIBOY Möbel Intensiv Pflege Spray|https://www.mueller.at/p/poliboy-moebel-intensiv-pflege-spray-3736/|375 ml|||||||||||||||||||||||Non-Organic||||{'PH-Hautneutral': 'Ja', 'manufacturer': 'POLIBOY Brandt & Walther GmbH', 'Herstelleradresse': 'Tornéestr. 5\n\nD-28865 Lilienthal /Bremen', 'Kontaktmöglichkeit': 'info@poliboy.de', 'package_contents': 'AQUA,PARAFFINUM LIQUIDUM,C10-13 ALKANE,ALKOHOL C16-C22 ETHOXYLATED,PERSEA GRATISSIMAOIL,SESAMUM INDICUMSEED OIL,LAURETH-4 ,DECETH-5,PARFUM (HEXYLCINNAMAL,BENZYLSALICYLATE,LINALOOL),METHYLISOTHIAZOLINONE,BENZISOTHIAZOLINON', 'Inhalt': '375 ml', 'Produkttyp': 'Möbelpflege'}||||||||||||||0|0|3736_1.png|https://static.mueller.de/markant_00000040161181_pv_3969231/pdzoom/poliboy-moebel-intensiv-pflege-spray.webp||||||||||||||||||||||POLIBOY Brandt & Walther GmbH||||||||||375 ml|AQUA,PARAFFINUM LIQUIDUM,C10-13 ALKANE,ALKOHOL C16-C22 ETHOXYLATED,PERSEA GRATISSIMAOIL,SESAMUM INDICUMSEED OIL,LAURETH-4 ,DECETH-5,PARFUM (HEXYLCINNAMAL,BENZYLSALICYLATE,LINALOOL),METHYLISOTHIAZOLINONE,BENZISOTHIAZOLINON||True||3736P||||Außer Reichweite von Kindern aufbewahren.|||||5
2890125|mueller||||||||2024-10-28|bondi Sands SPF 50+ Fragrance Free Matte Tinted Face Lotion|BONDI SANDS||75|ml|Home|Parfümerie|Pflege|Sonnenpflege|Sonnenschutz|bondi Sands SPF 50+ Fragrance Free Matte Tinted Face Lotion||16,45 €|16,45 €|||||||||||219,33 € / 1 l|||EUR|Home> Parfümerie> Pflege> Sonnenpflege> Sonnenschutz> bondi Sands SPF 50+ Fragrance Free Matte Tinted Face Lotion|https://www.mueller.at/p/bondi-sands-spf-50-fragrance-free-matte-tinted-face-lotion-IPN2890125/|75 ml|Genießen Sie einen sonnenverwöhnten Tag auf die Bondi Sands Art mit unserer parfümfreien SPF 50+ Matte Tinted Face Lotion. Unsere leicht deckende, getönte Formel bietet UVA- und UVB-Schutz, ist nicht fettig und perfekt für Menschen mit fettiger Haut. Kann allein oder unter Make-up getragen werden.Dermatologisch getestet. Geeignet für empfindliche Haut. Nicht komedogen - verstopft die Poren nicht.||Unter 30° C lagern.||||||||||||||||||||Non-Organic||||"{'Lagerhinweis': 'Unter 30° C lagern.', 'Lichtschutzfaktor': '50', 'target_group': 'Damen|Herren|Unisex', 'Anwendungshinweis': 'Schritt 1: Vor Gebrauch gut schütteln. Schritt 2: 15 bis 20 Minuten vor der Sonneneinstrahlung großzügig und gleichmäßig auf alle ungeschützten Stellen auftragen. Schritt 3: Alle 2 Stunden oder bei Schwitzen, nach dem Schwimmen, Sport oder Abtrocknen mit dem Handtuch erneut auftragen.', 'package_contents': 'aqua (water), homosalate, octocrylene, ethylhexyl salicylate, dibutyl adipate, cera alba (beeswax), butyl methoxydibenzoylmethane, silica, cetyl dimethicone, c12-15 alkyl benzoate, tapioca starch, glycerin, ethylhexyl triazone, peg-15 cocamine, bis-ethylhexyloxyphenol methoxyphenyl triazine, cocoglycerides, peg-40 stearate, tocopheryl acetate, phenoxyethanol, caprylyl glycol, triethanolamine, hexadecene, acrylates/c10-30 alkyl acrylate crosspolymer, disodium edta, ci 77491 (iron oxides), ci 77492 (iron oxides), caprylhydroxamic acid, polymethylsilsesquioxane, aloe barbadensis leaf juice, ci 77499 (iron oxides), potassium sorbate, sodium benzoate.', 'skin_type': 'empfindliche Haut', 'product_property': 'pflegend|schützend|abdeckend', 'Inhalt': '75 ml', 'scope_of_application': 'Sonnenschutz', 'Produkttyp': 'Lotion'}"||||||||||||||0|0|2890125_1.png|https://static.mueller.de/pdzoom/810020173390.webp||||||||||||||||||||||||||||||||75 ml|aqua (water), homosalate, octocrylene, ethylhexyl salicylate, dibutyl adipate, cera alba (beeswax), butyl methoxydibenzoylmethane, silica, cetyl dimethicone, c12-15 alkyl benzoate, tapioca starch, glycerin, ethylhexyl triazone, peg-15 cocamine, bis-ethylhexyloxyphenol methoxyphenyl triazine, cocoglycerides, peg-40 stearate, tocopheryl acetate, phenoxyethanol, caprylyl glycol, triethanolamine, hexadecene, acrylates/c10-30 alkyl acrylate crosspolymer, disodium edta, ci 77491 (iron oxides), ci 77492 (iron oxides), caprylhydroxamic acid, polymethylsilsesquioxane, aloe barbadensis leaf juice, ci 77499 (iron oxides), potassium sorbate, sodium benzoate.||True||2890125P|||||||||10
367061|mueller||||||||2024-10-28|VERSACE Man Eau Fraîche Eau de Toilette|VERSACE||30|ml|Home|Parfümerie|Düfte für Ihn|Düfte|VERSACE Man Eau Fraîche Eau de Toilette|||59,95 €|59,95 €|||||||||||1 998,33 € / 1 l|||EUR|Home> Parfümerie> Düfte für Ihn> Düfte> VERSACE Man Eau Fraîche Eau de Toilette|https://www.mueller.at/p/versace-man-eau-fraiche-eau-de-toilette-229516814/|30 ml|"Versace Man Eau Fraîche steht als Synonym für Eleganz und Verführung. Ein harmonisch frischer Duft voller klassischer Ingredienzen für den modernen, selbstbewussten Mann, der sein Leben genießt. Und dessen Stärke in seiner Seele liegt, der sich frei fühlt und sein Leben zu genießen weiß. Schon der türkisfarbene, maskuline Flakon mit auffälligem Relief erinnert an laue Sommernächte.
Versace Man Eau Fraîche frischt die klassischen Ingredienzen eines Herrenduftes mit ungewöhnlichen Noten auf, um einem überraschend frischen Duft Platz zu machen. Es ist dem modernen Mann gewidmet, der voll Charisma und Selbstvertrauen ist."||||||||||||||||||||||Non-Organic||||"{'target_group': 'Herren', 'manufacturer': 'Nobilis Group GmbH', 'Herstelleradresse': 'Rheingaustraße 32, DE-65201 Wiesbaden', 'Kontaktmöglichkeit': 'info@nobilis-group.com', 'fragrance_concentration': 'Eau de Toilette', 'fragrance_note': 'aquatisch', 'Anwendungshinweis': 'Auf die Haut aufsprühen', 'application_type': 'Pumpzerstäuber', 'package_contents': 'ALCOHOL DENAT./SD ALCOHOL 39-C, PARFUM/FRAGRANCE, AQUA/WATER, ETHYLHEXYL METHOXYCINNAMATE, BUTYL METHOXYDIBENZOYL-METHANE, ETHYLHEXYL SALICYLATE, CITRAL, CITRONELLOL, GERANIOL, LIMONENE, LINALOOL, ISOEUGENOL', 'Inhalt': '30 ml', 'fragrance_effect': 'klar|sommerlich|frisch', 'Produkttyp': 'Eau de Toilette'}"||||||||||||||5.0|1|367061_1.png|https://static.mueller.de/32600987-PV-0/pdzoom/versace-man-eau-fraiche-eau-de-toilette.webp|367061_2.png|https://static.mueller.de/32600987-PUV-1/pdzoom/versace-man-eau-fraiche-eau-de-toilette.webp|367061_3.png|https://static.mueller.de/32600987-VV-2/pdzoom/versace-man-eau-fraiche-eau-de-toilette.webp||||||||||||||||||Nobilis Group GmbH||||||||||30 ml|ALCOHOL DENAT./SD ALCOHOL 39-C, PARFUM/FRAGRANCE, AQUA/WATER, ETHYLHEXYL METHOXYCINNAMATE, BUTYL METHOXYDIBENZOYL-METHANE, ETHYLHEXYL SALICYLATE, CITRAL, CITRONELLOL, GERANIOL, LIMONENE, LINALOOL, ISOEUGENOL||True||367061P|||||||||5
2803678|mueller||||||||2024-10-28|FALKE Herren Füßlinge Step Medium Cut|FALKE||1|Stk.|Home|Strümpfe|Herren|Sneaker & Füßlinge|FALKE Herren Füßlinge Step Medium Cut|||11,00 €|11,00 €||||||||||||||EUR|Home> Strümpfe> Herren> Sneaker & Füßlinge> FALKE Herren Füßlinge Step Medium Cut|https://www.mueller.at/p/falke-herren-fuesslinge-step-medium-cut-7116229448/|1 Stk.|Dieser Füßling in FALKE Family-Qualität ist, aufgrund seines sehr hohen Baumwollanteils, besonders hautschmeichelnd und somit auch für empfindliche Füsse bestens geeignet. Die FALKE Family-Qualität ist darüber hinaus auch noch nachhaltig: sie besteht nahezu vollständig aus FALKE “ WE CARE “ COTTON, einer ressourcenschonend und sozialverträglich hergestellten Baumwolle, ergänzt um einen kleinen Anteil recycelter Funktionsgarne für mehr Elastizität und eine hohe Strapazierfähigkeit des Materials. Verstärkte Belastungszonen sorgen zusätzlich für die Langlebigkeit des Produkts. Höchster Tragekomfort durch die perfekte FALKE-Passform und ein Anti-Slip System im Bereich der Ferse machen den Füßling mit Medium-Cut-Ausschnitt zum idealen Begleiter in leichten Sommerschuhen wie Ballerinas und Espadrilles. FALKE – eine Marke mit Tradition Die 1895 gegründete Marke Falke zählt zu den weltweit etabliertesten Marken im Bereich Legwear. Bei der Produktion ihrer Produkte legt die Marke besonders hohen Wert auf ein kontinuierliches Niveau an höchster Qualität. Die langjährige Erfahrung des familiengeführten Unternehmens ist auch gleichzeitig die Grundlage des Unternehmenserfolgs. Die Kombination aus erfahrenem Handwerk und industrieller Technologie machen es möglich, die qualitativ hochwertigen Produkte in Serie herzustellen. Alle Falke Produkte entsprechen den Anforderungen des Öko-Tex 100 Standards sowie der FALKE Quality Guideline, welche hohe Standards an physikalische Eigenschaften, Gebrauchseigenschaften und Schadstoffgrenzwerte stellen.|||||Slowakei|||||||||||||||||Non-Organic||||{'Pflegehinweis': 'Chemische Reinigung nicht erlaubt, Trocknen im Wäschetrockner nicht möglich, Bügeln nicht erlaubt, In der Waschmaschine bei 40 Grad im Schonwaschgang waschbar, Bleichen nicht erlaubt', 'target_group': 'Herren', 'manufacturer': 'Falke KGaA', 'Herstelleradresse': 'Oststraße 5, DE-57392 Schmallenberg', 'Kontaktmöglichkeit': 'online@falke.com', 'Herkunftsland': 'Slowakei', 'Materialdetails': '92% Baumwolle, 5% Polyamid, 3% Elasthan', 'Farbe': 'white (2000)', 'Inhalt': '1 Stk.'}||||||white (2000)||92% Baumwolle, 5% Polyamid, 3% Elasthan||||||0|0|2803678_1.png|https://static.mueller.de/7113569150-PV-0/pdzoom/falke-herren-fuesslinge-step-medium-cut.webp|2803678_2.png|https://static.mueller.de/7113569150-PB-2/pdzoom/falke-herren-fuesslinge-step-medium-cut.webp||||||||||||||Chemische Reinigung nicht erlaubt, Trocknen im Wäschetrockner nicht möglich, Bügeln nicht erlaubt, In der Waschmaschine bei 40 Grad im Schonwaschgang waschbar, Bleichen nicht erlaubt||||||Falke KGaA||||||||||1 Stk.|||True||2803678P|||||||||10
994609|mueller||||||||2024-10-28|VERSACE Versense Eau de Toilette|VERSACE||30|ml|Home|Parfümerie|Düfte für Sie|Düfte|VERSACE Versense Eau de Toilette|||64,95 €|64,95 €|||||||||||2 165,00 € / 1 l|||EUR|Home> Parfümerie> Düfte für Sie> Düfte> VERSACE Versense Eau de Toilette|https://www.mueller.at/p/versace-versense-eau-de-toilette-229516819/|30 ml|Die unbeschwerte Leichtigkeit von Versense spiegelt sich in seiner zartgrünen Farbe wider. Wie alle Versace Damenparfums versprüht auch Versense die Eleganz und Feminität exquisiter, weißer Blüten. Die Kombination aus belebenden, mediterranen Aromen wie Bergamotte und grünen Mandarinen verleiht dem Duft seine natürliche und spontane Frische. Reine Blütenenssenzen von Meereslilie und Jasmin gepaart mit intensiven Aromen kostbarer Hölzer, die fühlbar unter die Haut gehen, geben dem Parfum, das so verlockend, elegant, mystisch-geheimnisvoll und sinnlich ist, seinen Zauber. Inspiriert von den Elementen der Natur ist das Parfum einer selbstbewussten, vitalen und sinnlichen Fraugewidmet.||||||||||||||||||||||Non-Organic||||"{'target_group': 'Damen', 'manufacturer': 'Nobilis Group GmbH', 'Herstelleradresse': 'Rheingaustraße 32, DE-65201 Wiesbaden', 'Kontaktmöglichkeit': 'info@nobilis-group.com', 'fragrance_concentration': 'Eau de Toilette', 'top_note': 'Bergamotte, grüne Mandarinen', 'heart_note': 'Meereslilie und Jasmin', 'base_note': 'Hölzer', 'Anwendungshinweis': 'Auf die gesunde Haut sprühen. Kontakt mit den Augen vermeiden.', 'application_type': 'Pumpzerstäuber', 'package_contents': 'ALCOHOL DENAT.(SD Alcohol 39-C .), PARFUM (FRAGRANCE), AQUA\n(WATER), LIMONENE, HYDROXYCITRONELLAL, ETHYLHEXYL METHOXYCINNAMATE, ALPHA-ISOMETHYL IONONE, BENZYL SALICYLATE, LINALOOL, GERANIOL, CITRAL, CITRONELLOL, BUTYL METHOXYDIBENZOYLMETHANE, ETHYLHEXYL SALICYLATE, PROPYLENE GLYCOL, ISOEUGENOL, CI 19140 (YELLOW 5), CI 42090 (BLUE 1)', 'Inhalt': '30 ml', 'fragrance_effect': 'klar|sinnlich|frisch', 'Produkttyp': 'Eau de Toilette'}"||||||||||||||5.0|2|994609_1.png|https://static.mueller.de/32734785-PV-0/pdzoom/versace-versense-eau-de-toilette.webp|994609_2.png|https://static.mueller.de/32734785-PUV-1/pdzoom/versace-versense-eau-de-toilette.webp|994609_3.png|https://static.mueller.de/32734785-VV-2/pdzoom/versace-versense-eau-de-toilette.webp||||||||||||||||||Nobilis Group GmbH||||||||||30 ml|"ALCOHOL DENAT.(SD Alcohol 39-C .), PARFUM (FRAGRANCE), AQUA
(WATER), LIMONENE, HYDROXYCITRONELLAL, ETHYLHEXYL METHOXYCINNAMATE, ALPHA-ISOMETHYL IONONE, BENZYL SALICYLATE, LINALOOL, GERANIOL, CITRAL, CITRONELLOL, BUTYL METHOXYDIBENZOYLMETHANE, ETHYLHEXYL SALICYLATE, PROPYLENE GLYCOL, ISOEUGENOL, CI 19140 (YELLOW 5), CI 42090 (BLUE 1)"||True||994609P|||||||||5
246015|mueller||||||||2024-10-28|Living Things|||1|Stk.|Home|Multi-Media|Musik|Rock|Living Things|||5,99 €|5,99 €||||||||||||||EUR|Home> Multi-Media> Musik> Rock> Living Things|https://www.mueller.at/p/living-things-246015/|1 Stk.|||||||||||||||||||||||Non-Organic||||{'medium': 'CD', 'Künstler': 'Linkin Park', 'Inhalt': '1 Stk.', 'Anzahl Medien im Artikel': '1', 'genre': 'Rock international', 'Label': 'WB'}||||||||||||||0|0|246015_1.png|https://static.mueller.de/pdzoom/phononet_0093624950486_pv_0093624950486-0600px-001.webp|246015_2.png|https://static.mueller.de/pdzoom/phononet_0093624950486_pr_0093624950486-0600px-002.webp|246015_3.png|https://static.mueller.de/130809218-PR-1/pdzoom/living-things.webp||||||||||||||||||||||||||||1 Stk.|||True||246015P|||||||||5
574786|mueller||||||||2024-10-28|Sandra Rich Porzellan Vase Square quadratisch 18 cm|SANDRA RICH||1|Stk.|Home|Haushalt|Wohnen & Dekorieren|Vasen & Schalen|Sandra Rich Porzellan Vase Square quadratisch 18 cm|||4,99 €|4,99 €||||||||||||||EUR|Home> Haushalt> Wohnen & Dekorieren> Vasen & Schalen> Sandra Rich Porzellan Vase Square quadratisch 18 cm|https://www.mueller.at/p/sandra-rich-porzellan-vase-square-quadratisch-18-cm-574786/|1 Stk.|Porzellan Vase quadratisch mit einer Höhe von 18 cm, Tiefe und Breite 6,5 cm.||||||||||||||||||||||Non-Organic||||{'Pflegehinweis': 'spülmaschinenfest', 'Inhalt': '1 Stk.'}||||||||||||||0|0|574786_1.png|https://static.mueller.de/6240253461-PV-0/pdzoom/sandra-rich-porzellan-vase-square-quadratisch-18-cm.webp||||||||||||||||spülmaschinenfest||||||||||||||||1 Stk.|||True||574786P|||||||||10
2615704|mueller||||||||2024-10-28|066/Tanz der Herzen|||1|Stk.|Home|Multi-Media|Musik|Hörspiele|066/Tanz der Herzen|||3,99 €|3,99 €||||||||||||||EUR|Home> Multi-Media> Musik> Hörspiele> 066/Tanz der Herzen|https://www.mueller.at/p/066-tanz-der-herzen-2615704/|1 Stk.|||||||||||||||||||||||Non-Organic||||{'medium': 'CD', 'Künstler': 'Die drei !!!', 'Inhalt': '1 Stk.', 'Anzahl Medien im Artikel': '1', 'genre': 'Hörspiel (Kinder)', 'Label': 'SME Famil'}||||||||||||||0|0|2615704_1.png|https://static.mueller.de/pdzoom/phononet_0190759876329_pv_0190759876329-0600px-001.webp|2615704_2.png|https://static.mueller.de/pdzoom/phononet_0190759876329_pr_0190759876329-0600px-002.webp|2615704_3.png|https://static.mueller.de/6743607846-PR-1/pdzoom/066-tanz-der-herzen.webp||||||||||||||||||||||||||||1 Stk.|||False||2615704P|||||||||1
2615708|mueller||||||||2024-10-28|001/Novelmore: Baroness in Gefahr|||1|Stk.|Home|Multi-Media|Musik|Hörspiele|001/Novelmore: Baroness in Gefahr|||4,00 €|4,00 €||||||||||||||EUR|Home> Multi-Media> Musik> Hörspiele> 001/Novelmore: Baroness in Gefahr|https://www.mueller.at/p/001-novelmore-baroness-in-gefahr-2615708/|1 Stk.|||||||||||||||||||||||Non-Organic||||{'medium': 'CD', 'Künstler': 'PLAYMOBIL Hörspiele', 'Inhalt': '1 Stk.', 'Anzahl Medien im Artikel': '1', 'genre': 'Hörspiel (Kinder)', 'Label': 'SME Famil'}||||||||||||||0|0|2615708_1.png|https://static.mueller.de/pdzoom/phononet_0194397106121_pv_0194397106121-0600px-001.webp|2615708_2.png|https://static.mueller.de/pdzoom/phononet_0194397106121_pr_0194397106121-0600px-002.webp|2615708_3.png|https://static.mueller.de/6743607848-PR-1/pdzoom/001-novelmore-baroness-in-gefahr.webp||||||||||||||||||||||||||||1 Stk.|||True||2615708P|||||||||5
2615933|mueller||||||||2024-10-28|LANCASTER Golden Tan Maximizer After Sun Balm|LANCASTER||200|ml|Home|Parfümerie|Pflege|Sonnenpflege|After Sun|LANCASTER Golden Tan Maximizer After Sun Balm||41,95 €|41,95 €|||||||||||209,75 € / 1 l|||EUR|Home> Parfümerie> Pflege> Sonnenpflege> After Sun> LANCASTER Golden Tan Maximizer After Sun Balm|https://www.mueller.at/p/lancaster-golden-tan-maximizer-after-sun-balm-2615933/|200 ml|Sie lieben Ihre goldene LANCASTER Bräune? Unser GOLDEN TAN MAXIMIZER After Sun Balm verlängert Ihre Bräune um bis zu 1 Monat und beruhigt sonnenbeanspruchte Haut sofort. LANCASTERs Tan Activator Komplex mit Buriti-Öl natürlichen Ursprungs intensiviert die Melaninproduktion für eine goldene, ebenmäßige und lang anhaltende Bräune. Dieser besonders reichhaltige After Sun Balm mit Reparatur-Komplex beruhigt Ihre Haut sofort. Es reduziert das Risiko, dass die Haut sich schält; die Haut fühlt sich weich und mit Feuchtigkeut versorgt an.||||||||||||||||||||||Non-Organic||||"{'target_group': 'Herren|Unisex|Damen', 'manufacturer': 'Coty Beauty Germany GmbH', 'Herstelleradresse': 'Berliner Allee 65, D-64295 Darmstadt', 'Anwendungshinweis': 'Nach dem Sonnenbad großzügig auf den Körper auftragen.', 'package_contents': 'AQUA/WATER/EAU, CAPRYLIC/CAPRIC TRIGLYCERIDE, GLYCERIN, BUTYLENE GLYCOL, BUTYROSPERMUM PARKII (SHEA) BUTTER, CETEARYL ALCOHOL, HYDROGENATED POLYISOBUTENE, POLYACRYLAMIDE, CETYL PALMITATE, BISABOLOL, C13-14 ISOPARAFFIN, CAFFEINE, CETEARETH-20, DIMETHYLMETHOXY CHROMANOL, ECHINACEA PURPUREA EXTRACT, GLYCINE, HYDROLYZED CITRUS AURANTIUM DULCIS FRUIT EXTRACT, LAURETH-7, MAURITIA FLEXUOSA FRUIT OIL, MICA, PANTHENOL, PANTOLACTONE, SILICA, SODIUM LACTATE METHYLSILANOL, SYNTHETIC FLUORPHLOGOPITE, TIN OXIDE, XANTHAN GUM, CHLORPHENESIN, PHENOXYETHANOL, SALICYLIC ACID, PARFUM/FRAGRANCE, FD&C BLUE N°1 (CI 42090), FD&C RED N°40 (CI 16035), FD&C YELLOW N°5 (CI 19140), TITANIUM DIOXIDE (CI 77891). <br>\nDie verbindliche Angabe der Inhaltsstoffe entnehmen Sie bitte der Verpackung des gelieferten Produktes.', 'skin_type': 'alle Hauttypen', 'product_property': 'beruhigend|feuchtigkeitsspendend|pflegend', 'Inhalt': '200 ml', 'scope_of_application': 'After Sun', 'Produkttyp': 'Creme'}"||||||||||||||0|0|2615933_1.png|https://static.mueller.de/6741123192-PV-0/pdzoom/lancaster-golden-tan-maximizer-after-sun-balm.webp||||||||||||||||||||||Coty Beauty Germany GmbH||||||||||200 ml|"AQUA/WATER/EAU, CAPRYLIC/CAPRIC TRIGLYCERIDE, GLYCERIN, BUTYLENE GLYCOL, BUTYROSPERMUM PARKII (SHEA) BUTTER, CETEARYL ALCOHOL, HYDROGENATED POLYISOBUTENE, POLYACRYLAMIDE, CETYL PALMITATE, BISABOLOL, C13-14 ISOPARAFFIN, CAFFEINE, CETEARETH-20, DIMETHYLMETHOXY CHROMANOL, ECHINACEA PURPUREA EXTRACT, GLYCINE, HYDROLYZED CITRUS AURANTIUM DULCIS FRUIT EXTRACT, LAURETH-7, MAURITIA FLEXUOSA FRUIT OIL, MICA, PANTHENOL, PANTOLACTONE, SILICA, SODIUM LACTATE METHYLSILANOL, SYNTHETIC FLUORPHLOGOPITE, TIN OXIDE, XANTHAN GUM, CHLORPHENESIN, PHENOXYETHANOL, SALICYLIC ACID, PARFUM/FRAGRANCE, FD&C BLUE N°1 (CI 42090), FD&C RED N°40 (CI 16035), FD&C YELLOW N°5 (CI 19140), TITANIUM DIOXIDE (CI 77891). <br>
Die verbindliche Angabe der Inhaltsstoffe entnehmen Sie bitte der Verpackung des gelieferten Produktes."||True||2615933P|||||||||10
2772563|mueller||||||||2024-10-28|umbra Schmuckständer Orchid|UMBRA||1|Stk.|Home|Haushalt|Wohnen & Dekorieren|Aufbewahrungssysteme|umbra Schmuckständer Orchid|||29,99 €|29,99 €||||||||||||||EUR|Home> Haushalt> Wohnen & Dekorieren> Aufbewahrungssysteme> umbra Schmuckständer Orchid|https://www.mueller.at/p/umbra-schmuckstaender-orchid-2772563/|1 Stk.|Umbra Orchid Schmuckständer. Schmuckbaum für Ketten mit integrierter Schmuckablage für Ringe, Ohrringe, Armbänder, Uhren und Accessoires, Metall.||||||||||||||||||||||Non-Organic||||{'manufacturer': 'UMBRA B.V.', 'Herstelleradresse': 'Monitorweg 1, NL-1322 BJ Almere', 'Kontaktmöglichkeit': 'EU.CustomerService@umbra.com', 'Inhalt': '1 Stk.'}||||||||||||||0|0|2772563_1.png|https://static.mueller.de/7041132318-PV-0/pdzoom/umbra-schmuckstaender-orchid.webp|2772563_2.png|https://static.mueller.de/7041132318-PB-1/pdzoom/umbra-schmuckstaender-orchid.webp|2772563_3.png|https://static.mueller.de/7041132318-PB-2/pdzoom/umbra-schmuckstaender-orchid.webp|2772563_4.png|https://static.mueller.de/7041132318-PB-3/pdzoom/umbra-schmuckstaender-orchid.webp|2772563_5.png|https://static.mueller.de/7041132318-PB-4/pdzoom/umbra-schmuckstaender-orchid.webp|2772563_6.png|https://static.mueller.de/7041132318-PB-5/pdzoom/umbra-schmuckstaender-orchid.webp||||||||||||UMBRA B.V.||||||||||1 Stk.|||True||2772563P|||||||||1
3762|mueller||||||||2024-10-28|PAP-ART Vielzweck-Etiketten weiss 14x38mm|PAP-ART||1|Stk.|Home|Schreibwaren|Bastelbedarf|Papier & Karton|PAP-ART Vielzweck-Etiketten weiss 14x38mm|||1,39 €|1,39 €||||||||||||||EUR|Home> Schreibwaren> Bastelbedarf> Papier & Karton> PAP-ART Vielzweck-Etiketten weiss 14x38mm|https://www.mueller.at/p/pap-art-vielzweck-etiketten-weiss-14x38mm-3762/|1 Stk.|"Die weissen, selbstklebenden PAP-ART Vielzweck-Etiketten sind optimal zum Beschriften, Kennzeichnen und Markieren von Unterlagen, Preisschildern, Dokumenten, Mappen und vielem mehr.
Die Etiketten sind einfach mit Hand zu beschriften und eignen sich nicht für den Drucker."||||||||||||||||||||||Non-Organic||||{'Inhalt': '1 Stk.', 'Produkttyp': 'Spezialpapier'}||||||||||||||0|0|3762_1.png|https://static.mueller.de/6486337822-PV-0/pdzoom/pap-art-vielzweck-etiketten-weiss-14x38mm.webp||||||||||||||||||||||||||||||||1 Stk.|||False||3762P|||||||||1
2772550|mueller||||||||2024-10-28|Vivanco Charging Cable, Lightning auf USB-Type-C™ Daten- u. Ladekabel, 1,2m|||1|Stk.|Home|Multi-Media|Unterhaltungselektronik|Kabel & Adapter|Vivanco Charging Cable, Lightning auf USB-Type-C™ Daten- u. Ladekabel, 1,2m|||19,99 €|19,99 €||||||||||||||EUR|Home> Multi-Media> Unterhaltungselektronik> Kabel & Adapter> Vivanco Charging Cable, Lightning auf USB-Type-C™ Daten- u. Ladekabel, 1,2m|https://www.mueller.at/p/vivanco-charging-cable-lightning-auf-usb-type-c-daten-u-ladekabel-1-2m-2772550/|1 Stk.|"Lightning auf USB-C™ Daten- und Ladekabel zum Laden von Apple Geräten mit Lightning Anschluss.
 * USB-Type-C™ Stecker  Lightning Stecker
 * MFI zertifiziert
 * Komfortables und schnelles Verbinden durch beidseitig verwendbaren USB-Type-C™ Stecker
 * zum Laden und Synchronisieren von Smartphones mit Lightning-Anschluss
 * Der USB-Type-C™ Anschluss sowie der Lightning Anschlussstecker, ermöglichen die Schnelllade-Funktion des Apple iPhones mit einem Power-Delivery-Ladegerät (PD)
 * Unterstützt die Datensynchronisierung"||||||||||||||||||||||Non-Organic||||{'manufacturer': 'Vivanco GmbH', 'Inhalt': '1 Stk.', 'Produkttyp': 'Ladekabel'}||||||||||||||0|0|2772550_1.png|https://static.mueller.de/pdzoom/4008928600841_PV.webp|2772550_2.png|https://static.mueller.de/pdzoom/4008928600841_PD.webp||||||||||||||||||||Vivanco GmbH||||||||||1 Stk.|||True||2772550P|||||||||3
2747596|mueller||||||||2024-10-28|Käfer Pesto Rosso|KÄFER||180|g|Home|Drogerie|Lebensmittel|Nahrung|Saucen|Käfer Pesto Rosso||6,95 €|6,95 €|||||||||||38,61 € / 1 kg|||EUR|Home> Drogerie> Lebensmittel> Nahrung> Saucen> Käfer Pesto Rosso|https://www.mueller.at/p/kaefer-pesto-rosso-2747596/|180 g|Unser original ligurisches Pesto Rosso mit Tomate ist inzwischen Kult. Unser Tipp: Probieren Sie doch einmal einen Löffel Pesto in der Salatsauce. Auch als Brotaufstrich kann das Pesto überzeugen.|||||Italien|MANDELN, PECORINO-KÄSE (LAKTOSE).|||||{'Nährwerte je': '100g', 'Brennwert': '2291 kj / 548 kcal', 'Fett in g': '55.7', '- davon gesättigte Fettsäuren in g': '1.79', 'Kohlenhydrate in g': '4.4', '- davon Zucker in g': '1.8', 'Eiweiß in g': '0.4', 'Salz in g': '1.6'}|||||||||||Non-Organic||||{'manufacturer': 'Feinkost Käfer GmbH', 'Herstelleradresse': 'Heimstettener Str. 1, 85599 Parsdorf', 'Herkunftsland': 'Italien', 'Allergenhinweis': 'MANDELN, PECORINO-KÄSE (LAKTOSE).', 'Inhalt': '180 g', 'Zutaten': 'Getrocknete Tomaten 45% in Natives Olivenöl extra eingelegt, Basilikum 2%, MANDELN, PECORINO-KÄSE [enthält LAKTOSE], Knoblauch, Salz.', 'Produkttyp': 'Ketchup, Saucen & Pesto'}||||||||||||||0|0|2747596_1.png|https://static.mueller.de/6956222830-PV-0/pdzoom/kaefer-pesto-rosso.webp||||||||||||||||||||||Feinkost Käfer GmbH||||||||||180 g|||True||2747596P|||||||||10
2772556|mueller||||||||2024-10-28|CRAZE - MAGIC SLIME Unicorn XXL Dose mit 600ml Schleim und einer Figur|CRAZE||600|ml|Home|Spielwaren|Kostüme & Partyartikel|Trends|CRAZE - MAGIC SLIME Unicorn XXL Dose mit 600ml Schleim und einer Figur|||13,99 €|13,99 €|13,99 €|11,99 €||||14%|Sie sparen 14%||||19,98 € / 1 l|||EUR|Home> Spielwaren> Kostüme & Partyartikel> Trends> CRAZE - MAGIC SLIME Unicorn XXL Dose mit 600ml Schleim und einer Figur|https://www.mueller.at/p/craze-magic-slime-unicorn-xxl-dose-mit-600ml-schleim-und-einer-figur-2772556/|600 ml|Mit dem CRAZE MAGIC SLIME ist glibbriger Spiel-Spaß garantiert vorprogrammiert! Der bunte Schleim lässt sich drücken und ziehen. Oder man schaut diesem einfach nur beim Zerlaufen oder Tropfen zu. Ein genialer Zeitvertreib – auf dem Weg in die Schule, in der Pause oder wenn der Lehrer nicht hinschaut. Verborgen in der riesigen Schleimdose wartet 1 von 6 zuckersüßen Einhörnern darauf entdeckt zu werden. Der bunter Glitzer Kinderschleim ist in 6 verschiedenen magischen Farben erhältlich. Der schleimige Spielspaß ist völlig geruchsneutral und natürlich frei von BPA und Gluten.||||||||3 Jahre||||||||||||||Non-Organic||||"{'particularities': 'Achtung: diesen Artikel gibt es in verschiedenen farblichen Ausführungen. Sie erhalten nur 1 Artikel (zufällige Auswahl im Lager). Eine Vorauswahl ist nicht möglich.', 'target_group': 'Kindergartenkinder|Grundschüler', 'Artikelnummer des Herstellers': '34392', 'Altersempfehlung ab': '3 Jahre', 'Inhalt': '600 ml', 'Produkttyp': 'Mitnahmeartikel'}"||||||||||||||3.0|2|2772556_1.png|https://static.mueller.de/7137379672-PB-1/pdzoom/craze-magic-slime-unicorn-xxl-dose-mit-600ml-schleim-und-einer-figur.webp|2772556_2.png|https://static.mueller.de/7137379672-PV-0/pdzoom/craze-magic-slime-unicorn-xxl-dose-mit-600ml-schleim-und-einer-figur.webp|2772556_3.png|https://static.mueller.de/7137379672-PB-2/pdzoom/craze-magic-slime-unicorn-xxl-dose-mit-600ml-schleim-und-einer-figur.webp|2772556_4.png|https://static.mueller.de/7137379672-PB-3/pdzoom/craze-magic-slime-unicorn-xxl-dose-mit-600ml-schleim-und-einer-figur.webp|2772556_5.png|https://static.mueller.de/7137379672-PB-4/pdzoom/craze-magic-slime-unicorn-xxl-dose-mit-600ml-schleim-und-einer-figur.webp|2772556_6.png|https://static.mueller.de/7137379672-PB-5/pdzoom/craze-magic-slime-unicorn-xxl-dose-mit-600ml-schleim-und-einer-figur.webp||||||||||||34392||||||||||600 ml|||True||2772556P|||||||||10
2747590|mueller||||||||2024-10-28|Käfer Olivenöl Peperon Olio Extra Vergine|KÄFER||250|ml|Home|Drogerie|Lebensmittel|Nahrung|Essig & Öl|Käfer Olivenöl Peperon Olio Extra Vergine||8,95 €|8,95 €|||||||||||35,80 € / 1 l|||EUR|Home> Drogerie> Lebensmittel> Nahrung> Essig & Öl> Käfer Olivenöl Peperon Olio Extra Vergine|https://www.mueller.at/p/kaefer-olivenoel-peperon-olio-extra-vergine-2747590/|250 ml|Natives Olivenöl aus frisch gepressten Oliven, wird auf die Chilischoten aufgegossen und erhält dadurch den typisch pikanten Geschmack. Unser hochwertiges Olivenöl mit Chili ist ein besonderer Genuss in Gemüsesuppen, Bruschetta, gekochtem Gemüse, Grillgut und Arrabiata-Sauce.|||||Italien||||||{'Nährwerte je': '100g', 'Brennwert': '3378 kj / 821 kcal', 'Fett in g': '91.39', '- davon gesättigte Fettsäuren in g': '13.9', 'Kohlenhydrate in g': '0', '- davon Zucker in g': '0', 'Eiweiß in g': '0', 'Salz in g': '0'}|||||||||||Non-Organic||||{'manufacturer': 'Feinkost Käfer GmbH', 'Herstelleradresse': 'Heimstettener Str. 1, 85599 Parsdorf', 'Herkunftsland': 'Italien', 'Inhalt': '250 ml', 'Zutaten': 'Natives Olivenöl, Chili.  Keine Allergene enthalten.', 'Produkttyp': 'Essig & Öl'}||||||||||||||0|0|2747590_1.png|https://static.mueller.de/6956224070-PV-0/pdzoom/kaefer-olivenoel-peperon-olio-extra-vergine.webp||||||||||||||||||||||Feinkost Käfer GmbH||||||||||250 ml|||False||2747590P|||||||||1
2747593|mueller||||||||2024-10-28|Käfer Aceto Balsamico Di Modena IGP|KÄFER||250|ml|Home|Drogerie|Lebensmittel|Nahrung|Essig & Öl|Käfer Aceto Balsamico Di Modena IGP||5,95 €|5,95 €|||||||||||23,80 € / 1 l|||EUR|Home> Drogerie> Lebensmittel> Nahrung> Essig & Öl> Käfer Aceto Balsamico Di Modena IGP|https://www.mueller.at/p/kaefer-aceto-balsamico-di-modena-igp-2747593/|250 ml|Unser Käfer Aceto Balsamico di Modena IGP wird aus den Weintrauben der Emilia-Romagna und feinem Weinessig gewonnen. Durch das lange Reifen in Eichenholzfässern entsteht ein voller Geschmack, der Süße und Säure verbindet. Ideal für Gemüse oder als Basis für feine Saucen und Reduktionen. Er verbindet Aromen von süß und sauer zu einem ausbalancierten Kontrast. Unser Klassiker, der in keinem Haushalt fehlen sollte!|||||Italien|WEINESSIG, SULFITE.|||||{'Nährwerte je': '100g', 'Brennwert': '809 kj / 190 kcal', 'Fett in g': '0', '- davon gesättigte Fettsäuren in g': '0', 'Kohlenhydrate in g': '43', '- davon Zucker in g': '43', 'Eiweiß in g': '0', 'Salz in g': '0.01'}|||||||||||Non-Organic||||{'manufacturer': 'Feinkost Käfer GmbH', 'Herstelleradresse': 'Heimstettener Str. 1, 85599 Parsdorf', 'Herkunftsland': 'Italien', 'Allergenhinweis': 'WEINESSIG, SULFITE.', 'Inhalt': '250 ml', 'Zutaten': 'gekochter Traubenmost, WEINESSIG [enthält: SULFITE]. Enthält keine Farbstoffe.', 'Produkttyp': 'Essig & Öl'}||||||||||||||0|0|2747593_1.png|https://static.mueller.de/6956222791-PV-0/pdzoom/kaefer-aceto-balsamico-di-modena-igp.webp||||||||||||||||||||||Feinkost Käfer GmbH||||||||||250 ml|||True||2747593P|||||||||10
2146951|mueller||||||||2024-10-28|TRENDSHOP Spardose Apfel|TRENDSHOP||1|Stk.|Home|Haushalt|Wohnen & Dekorieren|Deko-Zubehör|TRENDSHOP Spardose Apfel|||4,99 €|4,99 €||||||||||||||EUR|Home> Haushalt> Wohnen & Dekorieren> Deko-Zubehör> TRENDSHOP Spardose Apfel|https://www.mueller.at/p/trendshop-spardose-apfel-6870349544/|1 Stk.|"Eine tolle Spardose, um etwas Geld zu sparen.

- Maße: ca. 14 x 12 x 14 cm"||||||||||||||||||||||Non-Organic||||{'Farbe': 'grün', 'Inhalt': '1 Stk.'}||||||grün||||||||0|0|2146951_1.png|https://static.mueller.de/6660470168-PV-0/pdzoom/trendshop-spardose-apfel.webp||||||||||||||||||||||||||||||||1 Stk.|||True||2146951P|||||||||10
3775|mueller||||||||2024-10-28|Vileda Glitzi Plus Topfreiniger Schwamm|VILEDA||3|Stk.|Home|Drogerie|Haushalt|Haushaltsartikel|Reinigungshelfer|Vileda Glitzi Plus Topfreiniger Schwamm||1,99 €|1,99 €|||||||||||6,63 € / 10 Stk.|||EUR|Home> Drogerie> Haushalt> Haushaltsartikel> Reinigungshelfer> Vileda Glitzi Plus Topfreiniger Schwamm|https://www.mueller.at/p/vileda-glitzi-plus-topfreiniger-schwamm-3775/|3 Stk.|"Das Traditionsprodukt von Vileda mit zwei leistungsstarken Seiten für verschiedene Anwendungen
- 1. Schwarze Scheuerseite entfernt zuverlässig hartnäckigen Schmutz
- 2. Blaue Tuchseite zum Aufwischen und zur sanften Reinigung
- Die Scheuerfläche ist resistent gegen Bakterien
- Handliche Griffrille schont Hände und Fingernägel
- Glitzi-Härtegrad 2
- Inhalt: 3 Schwämme"||||||||||||||||||||||Non-Organic||||{'scope_of_delivery': '3 Stück', 'manufacturer': 'Vileda GmbH', 'Herstelleradresse': 'Im Technologiepark 19\n69469 Weinheim', 'Kontaktmöglichkeit': 'vileda-info@fhp-ww.com', 'Inhalt': '3 Stk.'}||||||||||||||5.0|2|3775_1.png|https://static.mueller.de/markant_04003790001444_pv_1890306/pdzoom/vileda-glitzi-plus-topfreiniger-schwamm.webp|3775_2.png|https://static.mueller.de/pdzoom/2200000377548_PD2.webp|3775_3.png|https://static.mueller.de/pdzoom/2200000377548_PD1.webp||||||||||||||||||Vileda GmbH||||||||||3 Stk.|||True||3775P|||||||||10
2615914|mueller||||||||2024-10-28|LANCASTER Golden Tan Maximizer After Sun Oil|LANCASTER||150|ml|Home|Parfümerie|Pflege|Sonnenpflege|After Sun|LANCASTER Golden Tan Maximizer After Sun Oil||42,95 €|42,95 €|||||||||||286,33 € / 1 l|||EUR|Home> Parfümerie> Pflege> Sonnenpflege> After Sun> LANCASTER Golden Tan Maximizer After Sun Oil|https://www.mueller.at/p/lancaster-golden-tan-maximizer-after-sun-oil-2615914/|150 ml|Sie lieben Ihre goldene LANCASTER Bräune? Unser GOLDEN TAN MAXIMIZER After Sun Oil verlängert Ihre Bräune um bis zu 1 Monat und beruhigt sonnenbeanspruchte Haut sofort. LANCASTERs Tan Activator Komplex mit Buriti-Öl natürlichen Ursprungs intensiviert die Melaninproduktion für eine goldene, ebenmäßige und lang anhaltende Bräune. Dieses verschönernde After-Sun-Öl mit Reparatur-Komplex beruhigt die Haut sofort. Es reduziert das Risiko, dass die Haut sich schält, und hinterlässt einen schimmernden Schleier auf Ihrer Haut, zusammen mit LANCASTERs charakteristischem Duft.||||||||||||||||||||||Non-Organic||||"{'target_group': 'Herren|Unisex|Damen', 'manufacturer': 'Coty Beauty Germany GmbH', 'Herstelleradresse': 'Berliner Allee 65, D-64295 Darmstadt', 'Anwendungshinweis': 'Nach dem Sonnebad oder Urlaub großzügig auf den Körper auftragen. Produkt vor Gebrauch schütteln.', 'package_contents': 'ISOPROPYL PALMITATE, ISONONYL ISONONANOATE, CAPRYLIC/CAPRIC TRIGLYCERIDE, SILICA DIMETHYL SILYLATE, BISABOLOL, BIXA ORELLANA SEED EXTRACT, CALCIUM SODIUM BOROSILICATE, CALENDULA OFFICINALIS FLOWER EXTRACT, DIMETHYLMETHOXY CHROMANOL, MACADAMIA INTEGRIFOLIA SEED OIL, MAURITIA FLEXUOSA FRUIT OIL, MICA, SILICA, TIN OXIDE, PARFUM/FRAGRANCE, D&C GREEN N°6 (CI 61565), D&C RED N°17 (CI 26100), IRON OXIDES (CI 77491), TITANIUM DIOXIDE (CI 77891)<br>\nDie verbindliche Angabe der Inhaltsstoffe entnehmen Sie bitte der Verpackung des gelieferten Produktes.', 'skin_type': 'alle Hauttypen', 'product_property': 'beruhigend|feuchtigkeitsspendend|pflegend', 'Inhalt': '150 ml', 'scope_of_application': 'After Sun', 'Produkttyp': 'Öl'}"||||||||||||||4.4722|72|2615914_1.png|https://static.mueller.de/6741123266-PV-0/pdzoom/lancaster-golden-tan-maximizer-after-sun-oil.webp||||||||||||||||||||||Coty Beauty Germany GmbH||||||||||150 ml|"ISOPROPYL PALMITATE, ISONONYL ISONONANOATE, CAPRYLIC/CAPRIC TRIGLYCERIDE, SILICA DIMETHYL SILYLATE, BISABOLOL, BIXA ORELLANA SEED EXTRACT, CALCIUM SODIUM BOROSILICATE, CALENDULA OFFICINALIS FLOWER EXTRACT, DIMETHYLMETHOXY CHROMANOL, MACADAMIA INTEGRIFOLIA SEED OIL, MAURITIA FLEXUOSA FRUIT OIL, MICA, SILICA, TIN OXIDE, PARFUM/FRAGRANCE, D&C GREEN N°6 (CI 61565), D&C RED N°17 (CI 26100), IRON OXIDES (CI 77491), TITANIUM DIOXIDE (CI 77891)<br>
Die verbindliche Angabe der Inhaltsstoffe entnehmen Sie bitte der Verpackung des gelieferten Produktes."||True||2615914P|||||||||10
2615902|mueller||||||||2024-10-28|FC BAYERN MÜNCHEN SMU Glückwunschkarte Viel Glück|FC BAYERN MÜNCHEN||1|Stk.|Home|Schreibwaren|Büro|Bürobedarf|Versandmaterial|FC BAYERN MÜNCHEN SMU Glückwunschkarte Viel Glück||2,50 €|2,50 €||||||||||||||EUR|Home> Schreibwaren> Büro> Bürobedarf> Versandmaterial> FC BAYERN MÜNCHEN SMU Glückwunschkarte Viel Glück|https://www.mueller.at/p/fc-bayern-muenchen-smu-glueckwunschkarte-viel-glueck-2615902/|1 Stk.|"Aufklappbare Glückwunschkarte in Rot
Karte mit Klebeblatt
Klebeblatt mit Schriftzügen alllerlei FCB-Attributen gefüllt
kleinen FCB Logo und Schriftzug ""Viel Glück""
Stabile Papierqualität
Perfekt für ausgefallene Glückwünsche und Urlaubsgrüße
Material: Papier"||||||||||||||||||||||Non-Organic||||{'Inhalt': '1 Stk.', 'Produkttyp': 'Versandmaterial'}||||||||||||||0|0|2615902_1.png|https://static.mueller.de/6743112237-PV-0/pdzoom/fc-bayern-muenchen-smu-glueckwunschkarte-viel-glueck.webp||||||||||||||||||||||||||||||||1 Stk.|||True||2615902P|||||||||10
2615903|mueller||||||||2024-10-28|FC BAYERN MÜNCHEN SMU Glückwunschkarte MSM Holz|FC BAYERN MÜNCHEN||1|Stk.|Home|Schreibwaren|Büro|Bürobedarf|Versandmaterial|FC BAYERN MÜNCHEN SMU Glückwunschkarte MSM Holz||2,50 €|2,50 €||||||||||||||EUR|Home> Schreibwaren> Büro> Bürobedarf> Versandmaterial> FC BAYERN MÜNCHEN SMU Glückwunschkarte MSM Holz|https://www.mueller.at/p/fc-bayern-muenchen-smu-glueckwunschkarte-msm-holz-2615903/|1 Stk.|"Aufklappbare Glückwunschkarte
Karte mit mittigem FCB Logo und Schriftzug ""Mia san Mia""
Als Hintergund Holzoptik
Stabile Papierqualität
Perfekt für ausgefallene Glückwünsche und Urlaubsgrüße
Material: Papier"||||||||||||||||||||||Non-Organic||||{'Inhalt': '1 Stk.', 'Produkttyp': 'Versandmaterial'}||||||||||||||0|0|2615903_1.png|https://static.mueller.de/6743112285-PV-0/pdzoom/fc-bayern-muenchen-smu-glueckwunschkarte-msm-holz.webp||||||||||||||||||||||||||||||||1 Stk.|||True||2615903P|||||||||10
2615904|mueller||||||||2024-10-28|FC BAYERN MÜNCHEN SMU Glückwunschkarte Arena innen|FC BAYERN MÜNCHEN||1|Stk.|Home|Schreibwaren|Büro|Bürobedarf|Versandmaterial|FC BAYERN MÜNCHEN SMU Glückwunschkarte Arena innen||2,50 €|2,50 €||||||||||||||EUR|Home> Schreibwaren> Büro> Bürobedarf> Versandmaterial> FC BAYERN MÜNCHEN SMU Glückwunschkarte Arena innen|https://www.mueller.at/p/fc-bayern-muenchen-smu-glueckwunschkarte-arena-innen-2615904/|1 Stk.|"Aufklappbare Glückwunschkarte in Rot und Weiß
Karte mit mittigem FCB Logo und Schriftzug ""Mia san Mia""
Als Hintergund Blick in die Allianz Arena
Stabile Papierqualität
Perfekt für ausgefallene Glückwünsche und Urlaubsgrüße
Material: Papier"||||||||||||||||||||||Non-Organic||||{'Inhalt': '1 Stk.', 'Produkttyp': 'Versandmaterial'}||||||||||||||0|0|2615904_1.png|https://static.mueller.de/6743112333-PV-0/pdzoom/fc-bayern-muenchen-smu-glueckwunschkarte-arena-innen.webp||||||||||||||||||||||||||||||||1 Stk.|||True||2615904P|||||||||10
2772531|mueller||||||||2024-10-28|WENKO Badematte Shaki 50x80cm|WENKO||1|Stk.|Home|Haushalt|Wohnen & Dekorieren|Heimtextilien|Badtextilien|WENKO Badematte Shaki 50x80cm||24,99 €|24,99 €||||||||||||||EUR|Home> Haushalt> Wohnen & Dekorieren> Heimtextilien> Badtextilien> WENKO Badematte Shaki 50x80cm|https://www.mueller.at/p/wenko-badematte-shaki-50x80cm-2772531/|1 Stk.|"Nachhaltig hergestellt: Für die Fertigung des Vorlegers wurden mehrere PET-Flaschen recycelt. Dabei sehen Sie dem Bad-Accessoire die Plastikflasche kein bisschen an: Die strukturierte Oberfläche der im Retro-Look gehaltenen Duschmatte verleiht Ihrer Wohlfühloase eine noch behaglichere Atmosphäre! 
Maximale Sicherheit: Die rutschhemmende Unterseite verhindert, dass die Fußmatte auf glatten Fliesen verrutscht. Der Badvorleger gewährleistet einen festen Stand vor dem Waschbecken oder der Badewanne bzw. Ihrer Dusche. 
Multifunktional: Der schöne Teppich eignet sich sowohl als Fußmatte vor der Dusche als auch als Badematte vor der Wanne. Auch im Flur, der Küche oder auf dem Balkon ist das Accessoire im Ethno-Stil ein absoluter Hingucker. 
Boho-Stil in natürlichen Farben: In einem Wechselspiel von geraden Linien und Zackenmuster in der Farbkombination Weiß und Beige bietet der Badvorleger Charme und Wärme fürs Badezimmer. Mit dem stilvollen Upcycling-Teppich werden Sie nachhaltig zum Trendsetter! 
Lieferumfang: Badteppich Shaki von WENKO in Weiß/Beige, aus 100% Polyester, nachhaltig hergestellt aus PET-Flaschen."|||||Indien|||||||||||||||||Non-Organic||||{'Gewicht': '1350', 'Pflegehinweis': 'bis zu 40°C waschbar (mild). Keine chemische Reinigung. Nicht bügeln, nicht im Trockner trocknen', 'manufacturer': 'Wenko-Wenselaar GmbH & Co. KG', 'Herstelleradresse': 'Im Hülsenfeld 10, 40721 Hilden', 'Kontaktmöglichkeit': 'service@wenko.de', 'Herkunftsland': 'Indien', 'Materialdetails': 'Polyester', 'Höhe': '50 cm', 'Breite': '80 cm', 'Inhalt': '1 Stk.'}||||||||Polyester||||||0|0|2772531_1.png|https://static.mueller.de/7021449055-PV-0/pdzoom/wenko-badematte-shaki-50x80cm.webp|2772531_2.png|https://static.mueller.de/7021449055-PB-1/pdzoom/wenko-badematte-shaki-50x80cm.webp|2772531_3.png|https://static.mueller.de/7021449055-PB-2/pdzoom/wenko-badematte-shaki-50x80cm.webp||||||||||||bis zu 40°C waschbar (mild). Keine chemische Reinigung. Nicht bügeln, nicht im Trockner trocknen||||||Wenko-Wenselaar GmbH & Co. KG||||||||||1 Stk.|||True||2772531P|||||||||10
2747586|mueller||||||||2024-10-28|Käfer Dressing Natives Olivenöl Extra und Zitrone|KÄFER||250|ml|Home|Drogerie|Lebensmittel|Nahrung|Essig & Öl|Käfer Dressing Natives Olivenöl Extra und Zitrone||8,95 €|8,95 €|||||||||||35,80 € / 1 l|||EUR|Home> Drogerie> Lebensmittel> Nahrung> Essig & Öl> Käfer Dressing Natives Olivenöl Extra und Zitrone|https://www.mueller.at/p/kaefer-dressing-natives-olivenoel-extra-und-zitrone-2747586/|250 ml|Für unser natives Olivenöl Zitrone werden Oliven der ersten Ernte und saftige Zitronen gemeinsam gepresst. Dadurch entsteht ein hochwertiges Olivenöl mit einem leicht säuerlichen, frischen Aroma, das zu Fisch oder Meeresfrüchten ein besonderer Genuss ist.|||||Italien||||||{'Nährwerte je': '100g', 'Brennwert': '3378 kj / 821 kcal', 'Fett in g': '91.39', '- davon gesättigte Fettsäuren in g': '13.9', 'Kohlenhydrate in g': '0', '- davon Zucker in g': '0', 'Eiweiß in g': '0', 'Salz in g': '0'}|||||||||||Non-Organic||||{'manufacturer': 'Feinkost Käfer GmbH', 'Herstelleradresse': 'Heimstettener Str. 1, 85599 Parsdorf', 'Herkunftsland': 'Italien', 'Inhalt': '250 ml', 'Zutaten': 'Natives Olivenöl, Zitrone.', 'Produkttyp': 'Essig & Öl'}||||||||||||||0|0|2747586_1.png|https://static.mueller.de/6956222743-PV-0/pdzoom/kaefer-dressing-natives-olivenoel-extra-und-zitrone.webp||||||||||||||||||||||Feinkost Käfer GmbH||||||||||250 ml|||True||2747586P|||||||||10
2772526|mueller||||||||2024-10-28|True Wireless Ohrhoerer Schwarz|||1|Stk.|Home|Multi-Media|Unterhaltungselektronik|Kopfhörer & Lautsprecher|In-Ear Kopfhörer|True Wireless Ohrhoerer Schwarz||14,99 €|14,99 €||||||||||||||EUR|Home> Multi-Media> Unterhaltungselektronik> Kopfhörer & Lautsprecher> In-Ear Kopfhörer> True Wireless Ohrhoerer Schwarz|https://www.mueller.at/p/true-wireless-ohrhoerer-schwarz-2772526/|1 Stk.|"Hören sie Musik oder beantworten Sie eingehende Anrufe mit unseren Pro Ohrhörern.
Dank der modernen Touch-Technologie können Sie mit nur einer Berührung Musik abspielen, pausieren, Anrufe entgegennehmen und auflegen. Mit einem ausgezeichneten Klangerlebnis können Sie bis zu 3 Stunden Musik geniessen. Die Kopfhörer werden mit einem tragbaren Ladecase geliefert.

Spezifikationen 
Abmessungen: 60 x 45 x 20 mm
Material: ABS

Bluetooth-Version: 5.0
Bluetooth-Reichweite: 10 m 
Eingangsleistung (DC): 5 V/1 A
Empfindlichkeit: -90dBm
Typ des Akkus: Lithium-Ionen-Batterie 
Ladekapazität der Kopfhörer: 35 mAh
Ladekapazität des Akkus: 200 mAh
Lautsprecher-Ausgang: 20mW
Ladezeit: 2h
Spielzeit: 2-3 h
Frequenzbereich: 100Hz - 20kHz"||||||||||||||||||||||Non-Organic||||{'Modellnummer': '80254', 'Batterie-Typ': 'Li-Ion', 'Inhalt': '1 Stk.', 'Produkttyp': 'In-Ear Kopfhörer'}|||||||80254|||||||0|0|2772526_1.png|https://static.mueller.de/7021446811-PV-0/pdzoom/true-wireless-ohrhoerer-schwarz.webp|2772526_2.png|https://static.mueller.de/7021446811-PB-1/pdzoom/true-wireless-ohrhoerer-schwarz.webp||||||||||||||||||||||||||||||1 Stk.|||False||2772526P|||||||||1
2772527|mueller||||||||2024-10-28|WENKO Badematte Turpan 50x80cm|WENKO||1|Stk.|Home|Haushalt|Wohnen & Dekorieren|Heimtextilien|Badtextilien|WENKO Badematte Turpan 50x80cm||24,99 €|24,99 €||||||||||||||EUR|Home> Haushalt> Wohnen & Dekorieren> Heimtextilien> Badtextilien> WENKO Badematte Turpan 50x80cm|https://www.mueller.at/p/wenko-badematte-turpan-50x80cm-2772527/|1 Stk.|"Nachhaltig hergestellt: Für die Fertigung des Vorlegers wurden mehrere PET-Flaschen recycelt. Dabei sehen Sie dem Bad-Accessoire die Plastikflasche kein bisschen an: Die strukturierte Oberfläche der im Retro-Look gehaltenen Duschmatte verleiht Ihrer Wohlfühloase eine noch behaglichere Atmosphäre! 
Maximale Sicherheit: Die rutschhemmende Unterseite verhindert, dass die Fußmatte auf glatten Fliesen verrutscht. Der Badvorleger gewährleistet einen festen Stand vor dem Waschbecken oder der Badewanne bzw. Ihrer Dusche. 
Multifunktional: Der schöne Teppich eignet sich sowohl als Fußmatte vor der Dusche als auch als Badematte vor der Wanne. Auch im Flur, der Küche oder auf dem Balkon ist das Accessoire im Ethno-Stil ein absoluter Hingucker. 
Boho-Stil in zeitlosen Farben: Das harmonische Wechselspiel von größeren und kleineren Rauten bildet ein in Dunkelgrau und Weiß gehaltenes, gleichbleibendes geometrisches Muster. Mit dem stilvollen Upcycling-Teppich werden Sie nachhaltig zum Trendsetter! 
Lieferumfang: Badteppich Turpan von WENKO in Dunkelgrau/Weiß mit Rautenmuster, aus 100% Polyester, nachhaltig hergestellt aus PET-Flaschen."|||||Indien|||||||||||||||||Non-Organic||||{'Gewicht': '1350', 'Pflegehinweis': 'bis zu 40°C waschbar (mild).Keine chemische Reinigung. Nicht bügeln, nicht im Trockner trocknen', 'manufacturer': 'Wenko-Wenselaar GmbH & Co. KG', 'Herstelleradresse': 'Im Hülsenfeld 10, 40721 Hilden', 'Kontaktmöglichkeit': 'service@wenko.de', 'Herkunftsland': 'Indien', 'Materialdetails': 'Polyester', 'Höhe': '50 cm', 'Breite': '80 cm', 'Inhalt': '1 Stk.'}||||||||Polyester||||||0|0|2772527_1.png|https://static.mueller.de/7021449015-PV-0/pdzoom/wenko-badematte-turpan-50x80cm.webp|2772527_2.png|https://static.mueller.de/7021449015-PB-1/pdzoom/wenko-badematte-turpan-50x80cm.webp|2772527_3.png|https://static.mueller.de/7021449015-PB-2/pdzoom/wenko-badematte-turpan-50x80cm.webp||||||||||||bis zu 40°C waschbar (mild).Keine chemische Reinigung. Nicht bügeln, nicht im Trockner trocknen||||||Wenko-Wenselaar GmbH & Co. KG||||||||||1 Stk.|||False||2772527P|||||||||1
271060|mueller||||||||2024-10-28|Division Bell (2011-Remaster),The|||1|Stk.|Home|Multi-Media|Musik|Rock|Division Bell (2011-Remaster),The|||32,99 €|32,99 €||||||||||||||EUR|Home> Multi-Media> Musik> Rock> Division Bell (2011-Remaster),The|https://www.mueller.at/p/division-bell-2011-remaster-the-271060/|1 Stk.|||||||||||||||||||||||Non-Organic||||{'medium': 'LP (analog)', 'Künstler': 'Pink Floyd', 'Inhalt': '1 Stk.', 'Anzahl Medien im Artikel': '2', 'genre': 'Rock international', 'Label': 'PLG UK'}||||||||||||||0|0|271060_1.png|https://static.mueller.de/pdzoom/phononet_0825646293285_pv_0825646293285-0600px-001.webp|271060_2.png|https://static.mueller.de/pdzoom/phononet_0825646293285_pr_0825646293285-0600px-002.webp|271060_3.png|https://static.mueller.de/311154891-PR-1/pdzoom/division-bell-2011-remaster-the.webp||||||||||||||||||||||||||||1 Stk.|||True||271060P|||||||||5
2772501|mueller||||||||2024-10-28|lavera BASIS SENSITIV Fußcreme|LAVERA||75|ml|Home|Naturshop|Pflege|Hand- & Fußpflege|Fußpflege|lavera BASIS SENSITIV Fußcreme||4,45 €|4,45 €|||||||||||59,33 € / 1 l|||EUR|Home> Naturshop> Pflege> Hand- & Fußpflege> Fußpflege> lavera BASIS SENSITIV Fußcreme|https://www.mueller.at/p/lavera-basis-sensitiv-fusscreme-2772501/|75 ml|Die pflegende Komposition mit Heilerde bindet Fußgeruch und hat einen kühlenden Effekt DesodorierendErfrischendFür geschmeidig weiche FüßeIntensive Pflege||||||||||||||||||||||Non-Organic||||{'scope_of_delivery': '75 ml', 'target_group': 'Unisex', 'manufacturer': 'Laverana GmbH & Co. KG', 'Herstelleradresse': 'Am Weingarten 4, 30974 Wennigsen', 'Anwendungshinweis': 'Die Fußcreme auf die betroffenen Stellen der Füße auftragen und einmassieren. Bei Bedarf mehrmals täglich anwenden.', 'package_contents': 'Water (Aqua), Glycine Soja (Soybean) Oil*, Alcohol* denat., Glycerin, Myristyl Alcohol, Cellulose, Beeswax (Cera Alba)*, Glyceryl Stearate Citrate, Macadamia Integrifolia Seed Oil*, Cetearyl Alcohol, Myrtus Communis Leaf Water*, Lanolin, Calendula Officinalis Flower Extract*, Betula Alba Leaf Extract*, Butyrospermum Parkii (Shea) Butter*, Helianthus Annuus (Sunflower) Seed Oil*, Eucalyptus Globulus Leaf Oil, Hectorite, Squalane, Loess, Xanthan Gum, Levulinic Acid, Lanolin Alcohol, Sodium Levulinate, Hydrogenated Palm Glycerides, Hydrogenated Lecithin, Tocopherol, Brassica Campestris (Rapeseed) Sterols, Ascorbyl Palmitate, Fragrance (Parfum)**, Limonene**, Linalool**, Geraniol**, Citral**, Benzyl Salicylate**, Citronellol**, Farnesol** \n* ingredients from certified organic agriculture \n** from natural essential oils', 'product_property': 'feuchtigkeitsspendend', 'Inhalt': '75 ml', 'scope_of_application': 'Fußpflege', 'Produkttyp': 'Fußpflege'}||||||||||||||4.5|2|2772501_1.png|https://static.mueller.de/markant_04021457613700_pv_3567750/pdzoom/lavera-basis-sensitiv-fusscreme.webp|2772501_2.png|https://static.mueller.de/markant_04021457613700_pv_4047832/pdzoom/lavera-basis-sensitiv-fusscreme.webp|2772501_3.png|https://static.mueller.de/markant_04021457613700_pv_4047832/pdzoom/lavera-basis-sensitiv-fusscreme.webp||||||||||||||||||Laverana GmbH & Co. KG||||||||||75 ml|"Water (Aqua), Glycine Soja (Soybean) Oil*, Alcohol* denat., Glycerin, Myristyl Alcohol, Cellulose, Beeswax (Cera Alba)*, Glyceryl Stearate Citrate, Macadamia Integrifolia Seed Oil*, Cetearyl Alcohol, Myrtus Communis Leaf Water*, Lanolin, Calendula Officinalis Flower Extract*, Betula Alba Leaf Extract*, Butyrospermum Parkii (Shea) Butter*, Helianthus Annuus (Sunflower) Seed Oil*, Eucalyptus Globulus Leaf Oil, Hectorite, Squalane, Loess, Xanthan Gum, Levulinic Acid, Lanolin Alcohol, Sodium Levulinate, Hydrogenated Palm Glycerides, Hydrogenated Lecithin, Tocopherol, Brassica Campestris (Rapeseed) Sterols, Ascorbyl Palmitate, Fragrance (Parfum)**, Limonene**, Linalool**, Geraniol**, Citral**, Benzyl Salicylate**, Citronellol**, Farnesol** 
* ingredients from certified organic agriculture 
** from natural essential oils"||True||2772501P|||||||||10
2772502|mueller||||||||2024-10-28|Der neue Rätseljumbo für Kids|-||1|Stk.|Home|Spielwaren|Buch & Schulbedarf|Kinder- & Jugendbücher|Der neue Rätseljumbo für Kids|||5,00 €|5,00 €||||||||||||||EUR|Home> Spielwaren> Buch & Schulbedarf> Kinder- & Jugendbücher> Der neue Rätseljumbo für Kids|https://www.mueller.at/p/der-neue-raetseljumbo-fuer-kids-2772502/|1 Stk.|Kinder lieben die Herausforderung - und Rätsel zu lösen gehört dazu. Hier können sie mit viel Spaß ihr Wissen einbringen, ihre Logik trainieren und mit vorausschauendem Denken die Lösung finden. Manchmal muss ein wenig um die Ecke gedacht werden, und Bilderrätsel löst auch nur, wer genau beobachten und sich konzentrieren kann. Alles ist da, was der Kopf begehrt. 3 Schwierigkeitsgrade, die Lösungen stehen am Ende des Buches. Qualitätsrätsel von Rätsel Krüger, für Kinder ab ca. 8 Jahren.  Ausstattung: durchgehend illustriert||||||||||||||||||||||Non-Organic||||{'target_group': 'Grundschüler', 'genre': 'Raten', 'publisher': 'Bassermann', 'Einband': 'Softcover', 'publishing_year': '2021', 'Inhalt': '1 Stk.', 'ISBN Ausgangsbuch': '9783809443858', 'Produkttyp': 'Kinder- & Jugendbücher', 'page_number': '304'}||||||||||||||0|0|2772502_1.png|https://static.mueller.de/7047932220-PV-0/pdzoom/der-neue-raetseljumbo-fuer-kids.webp||||||||||||||||||||||||||||||||1 Stk.|||True||2772502P|||||||||10
2772504|mueller||||||||2024-10-28|tonies - Hörfigur für die Toniebox: Asterix: Asterix der Gallier|TONIES||1|Stk.|Home|Spielwaren|Hörspiele & Musik|Kinder-Audiogeräte|tonies - Hörfigur für die Toniebox: Asterix: Asterix der Gallier|||16,99 €|16,99 €||||||||||||||EUR|Home> Spielwaren> Hörspiele & Musik> Kinder-Audiogeräte> tonies - Hörfigur für die Toniebox: Asterix: Asterix der Gallier|https://www.mueller.at/p/tonies-hoerfigur-fuer-die-toniebox-asterix-asterix-der-gallier-2772504/|1 Stk.|"Hörfigur für die Toniebox:
Tonies sind Hörfiguren für die Toniebox. Sie machen Hören anfassbar, denn mit ihnen bedient man die Toniebox. Man kann sie aber auch sammeln und mit ihnen spielen. Um der Musik zu lauschen, stellt man die Hörfigur einfach auf die Toniebox.
Ganz Gallien ist von den Römern besetzt ... Ganz Gallien? Nein! Ein von unbeugsamen Galliern bevölkertes Dorf hört nicht auf,
den Römern Widerstand zu leisten. Doch dann wird Miraculix, der Druide, entführt. Und mit ihm das Geheimnis des Zaubertranks ..."||||||||5 Jahre||||||||||||||Non-Organic||||"{'particularities': 'Magnethaftend, handbemalt, integrierter NFC-Chip,', 'target_group': 'Kindergartenkinder|Grundschüler', 'Artikelnummer des Herstellers': '10000528', 'license': 'Asterix', 'Altersempfehlung ab': '5 Jahre', 'Inhalt': '1 Stk.', 'Produkttyp': 'CD Player & sonstige Audiogeräte'}"||||||||||||||5.0|3|2772504_1.png|https://static.mueller.de/7076099323-PV-0/pdzoom/tonies-hoerfigur-fuer-die-toniebox-asterix-asterix-der-gallier.webp|2772504_2.png|https://static.mueller.de/7076099323-PB-1/pdzoom/tonies-hoerfigur-fuer-die-toniebox-asterix-asterix-der-gallier.webp|2772504_3.png|https://static.mueller.de/7076099323-PB-2/pdzoom/tonies-hoerfigur-fuer-die-toniebox-asterix-asterix-der-gallier.webp|2772504_4.png|https://static.mueller.de/7076099323-PB-3/pdzoom/tonies-hoerfigur-fuer-die-toniebox-asterix-asterix-der-gallier.webp||||||||||||||||10000528||||||||||1 Stk.|||True||2772504P|||||||||10
2772506|mueller||||||||2024-10-28|tonies - Hörfigur für die Toniebox: Barbie: Princess Adventure|TONIES||1|Stk.|Home|Spielwaren|Hörspiele & Musik|Kinder-Audiogeräte|tonies - Hörfigur für die Toniebox: Barbie: Princess Adventure|||16,99 €|16,99 €||||||||||||||EUR|Home> Spielwaren> Hörspiele & Musik> Kinder-Audiogeräte> tonies - Hörfigur für die Toniebox: Barbie: Princess Adventure|https://www.mueller.at/p/tonies-hoerfigur-fuer-die-toniebox-barbie-princess-adventure-2772506/|1 Stk.|"Hörfigur für die Toniebox:
Tonies sind Hörfiguren für die Toniebox. Sie machen Hören anfassbar, denn mit ihnen bedient man die Toniebox. Man kann sie aber auch sammeln und mit ihnen spielen. Um der Musik zu lauschen, stellt man die Hörfigur einfach auf die Toniebox.
Im wunderschönen Land Floravia treffen BarbieTM und ihre Freunde auf Prinzessin Amelia, die BarbieTM zum Verwechseln ähnlich sieht! Da die Prinzessin kurz davor steht zur Königin gekrönt zu werden, ist sie ziemlich nervös und bittet BarbieTM darum, für ein paar Tage mit ihr die Plätze zu tauschen. Ihr gemeinsames Geheimnis scheint vorerst unbemerkt zu bleiben. Doch Amelias Rivale, Prinz Johan, kommt ihnen schnell auf die Schliche  ...
01 – 20 Princess Adventure"||||||||5 Jahre||||||||||||||Non-Organic||||"{'particularities': 'Magnethaftend, handbemalt, integrierter NFC-Chip,', 'target_group': 'Kindergartenkinder|Grundschüler', 'Artikelnummer des Herstellers': '10000681', 'license': 'Barbie', 'Altersempfehlung ab': '5 Jahre', 'Inhalt': '1 Stk.', 'Produkttyp': 'CD Player & sonstige Audiogeräte'}"||||||||||||||5.0|2|2772506_1.png|https://static.mueller.de/7076099324-PV-0/pdzoom/tonies-hoerfigur-fuer-die-toniebox-barbie-princess-adventure.webp|2772506_2.png|https://static.mueller.de/7076099324-PB-1/pdzoom/tonies-hoerfigur-fuer-die-toniebox-barbie-princess-adventure.webp|2772506_3.png|https://static.mueller.de/7076099324-PB-2/pdzoom/tonies-hoerfigur-fuer-die-toniebox-barbie-princess-adventure.webp|2772506_4.png|https://static.mueller.de/7076099324-PB-3/pdzoom/tonies-hoerfigur-fuer-die-toniebox-barbie-princess-adventure.webp||||||||||||||||10000681||||||||||1 Stk.|||False||2772506P|||||||||1
2772508|mueller||||||||2024-10-28|tonies - Ausrüstung - USB-Ladestation|TONIES||1|Stk.|Home|Spielwaren|Hörspiele & Musik|Kinder-Audiogeräte|tonies - Ausrüstung - USB-Ladestation|||22,99 €|22,99 €||||||||||||||EUR|Home> Spielwaren> Hörspiele & Musik> Kinder-Audiogeräte> tonies - Ausrüstung - USB-Ladestation|https://www.mueller.at/p/tonies-ausruestung-usb-ladestation-2772508/|1 Stk.|"Verpackungsinhalt 1x Ladestation, 1x Sicherheitshinweis
Kabellänge 1,4 m
Technische Angaben:
Funktionen Für eine volle Ladung Toniebox immer und überall - auch unterwegs.
Farbliche LED-Anzeige im Tonie-Design gibt den jeweiligen Ladestatus an.
Power Informationen Input: USB 5V/1A Min.
Input: USB 5V/2A Max.
Output: DC 8.3V/1.2A Max."||||||||3 Jahre||||||||||||||Non-Organic||||"{'target_group': 'Kindergartenkinder|Grundschüler', 'Artikelnummer des Herstellers': '10001370', 'license': 'tonies - Ausrüstung', 'Altersempfehlung ab': '3 Jahre', 'Inhalt': '1 Stk.', 'Produkttyp': 'CD Player & sonstige Audiogeräte'}"||||||||||||||5.0|1|2772508_1.png|https://static.mueller.de/7027686352-PV-0/pdzoom/tonies-ausruestung-usb-ladestation.webp|2772508_2.png|https://static.mueller.de/7027686352-PB-1/pdzoom/tonies-ausruestung-usb-ladestation.webp|2772508_3.png|https://static.mueller.de/7027686352-PB-2/pdzoom/tonies-ausruestung-usb-ladestation.webp|2772508_4.png|https://static.mueller.de/7027686352-PB-3/pdzoom/tonies-ausruestung-usb-ladestation.webp||||||||||||||||10001370||||||||||1 Stk.|||True||2772508P|||||||||10
271036|mueller||||||||2024-10-28|Once More 'Round The Sun|||1|Stk.|Home|Multi-Media|Musik|Rock|Once More 'Round The Sun|||5,99 €|5,99 €||||||||||||||EUR|Home> Multi-Media> Musik> Rock> Once More 'Round The Sun|https://www.mueller.at/p/once-more-round-the-sun-271036/|1 Stk.|||||||||||||||||||||||Non-Organic||||{'medium': 'CD', 'Künstler': 'Mastodon', 'Inhalt': '1 Stk.', 'Anzahl Medien im Artikel': '1', 'genre': 'Rock international', 'Label': 'Reprise'}||||||||||||||0|0|271036_1.png|https://static.mueller.de/pdzoom/phononet_0093624937654_pv_0093624937654-0600px-001.webp|271036_2.png|https://static.mueller.de/pdzoom/phononet_0093624937654_pr_0093624937654-0600px-002.webp|271036_3.png|https://static.mueller.de/311184833-PR-1/pdzoom/once-more-round-the-sun.webp||||||||||||||||||||||||||||1 Stk.|||True||271036P|||||||||5
2640730|mueller||||||||2024-10-28|Edel Ingwer Honig Bonbons|EDEL||90|g|Home|Drogerie|Lebensmittel|Süßigkeiten|Bonbons & Lutscher|Edel Ingwer Honig Bonbons||2,29 €|2,29 €|||||||||||25,44 € / 1 kg|||EUR|Home> Drogerie> Lebensmittel> Süßigkeiten> Bonbons & Lutscher> Edel Ingwer Honig Bonbons|https://www.mueller.at/p/edel-ingwer-honig-bonbons-2640730/|90 g|Diese Bonbons sind scharf und mild zugleich, denn sie werden mit echtem Ingwer-Extrakt und einer feinen Honig-Füllung hergestellt.||Vor Sonne und Hitze schützen. Trocken lagern.|||Deutschland||||||{'Brennwert': '1649 kj / 388 kcal', 'Fett in g': '0.1', '- davon gesättigte Fettsäuren in g': '<0,1', 'Kohlenhydrate in g': '96.7', '- davon Zucker in g': '50.7', 'Eiweiß in g': '0.1', 'Salz in g': '0'}|||||||||||Non-Organic||||"{'Lagerhinweis': 'Vor Sonne und Hitze schützen. Trocken lagern.', 'manufacturer': 'Eduard Edel GmbH Bonbonfabrik', 'Herstelleradresse': 'Am Zollfeld 3 86609 Donauwörth', 'Kontaktmöglichkeit': 'www.edel-bonbon.de', 'Herkunftsland': 'Deutschland', 'Inhalt': '90 g', 'Eigenschaften': 'Laktosefrei|Glutenfrei|vegetarisch gemaeß Rezeptur', 'Zutaten': 'Glukosesirup, Zucker, Honig (11,6%), natürlicher Ingwer-Extrakt (0,3%).', 'Produkttyp': 'Bonbons & Kaubonbons'}"||||||||||||||0|0|2640730_1.png|https://static.mueller.de/6808762480-PV-0/pdzoom/edel-ingwer-honig-bonbons.webp||||||||||||||||||||||Eduard Edel GmbH Bonbonfabrik||||||||||90 g|||True||2640730P|||||||||5
2640732|mueller||||||||2024-10-28|Edel Salbei-Honig Bonbons|EDEL||90|g|Home|Drogerie|Lebensmittel|Süßigkeiten|Bonbons & Lutscher|Edel Salbei-Honig Bonbons||2,29 €|2,29 €|||||||||||25,44 € / 1 kg|||EUR|Home> Drogerie> Lebensmittel> Süßigkeiten> Bonbons & Lutscher> Edel Salbei-Honig Bonbons|https://www.mueller.at/p/edel-salbei-honig-bonbons-2640732/|90 g|Angenehm für den Hals, gut für Sie. die leckeren Salbei-Honig gefüllt kombinieren milden Salbeigeschmack mit feinem Honig. Aus echtem Salbeiblättertee und natürlichem Salbeiextrakt hergestellt.||Vor Sonne und Hitze schützen. Trocken lagern.|||Deutschland||||||{'Brennwert': '1641 kj / 386 kcal', 'Fett in g': '0.2', '- davon gesättigte Fettsäuren in g': '<0,1', 'Kohlenhydrate in g': '96', '- davon Zucker in g': '68.8', 'Eiweiß in g': '0.1', 'Salz in g': '0'}|||||||||||Non-Organic||||"{'Lagerhinweis': 'Vor Sonne und Hitze schützen. Trocken lagern.', 'manufacturer': 'Eduard Edel GmbH Bonbonfabrik', 'Herstelleradresse': 'Am Zollfeld 3 86609 Donauwörth', 'Kontaktmöglichkeit': 'www.edel-bonbon.de', 'Herkunftsland': 'Deutschland', 'Inhalt': '90 g', 'Eigenschaften': 'Laktosefrei|Glutenfrei|vegetarisch gemaeß Rezeptur', 'Zutaten': 'Zucker, Glukosesirup, Salbeiblättertee (8,6%), Honig (6,8%), natürlicher Salbei-Extrakt (0,3%).', 'Produkttyp': 'Bonbons & Kaubonbons'}"||||||||||||||0|0|2640732_1.png|https://static.mueller.de/6808762426-PV-0/pdzoom/edel-salbei-honig-bonbons.webp||||||||||||||||||||||Eduard Edel GmbH Bonbonfabrik||||||||||90 g|||True||2640732P|||||||||5
2640667|mueller||||||||2024-10-28|ARTIST Professional Intensiv Creme Coloration Level 3|ARTIST||1|Stk.|Home|Drogerie|Pflege|Haarpflege|Coloration|Haarfarbe|ARTIST Professional Intensiv Creme Coloration Level 3|2,29 €|2,29 €||||||||||||||EUR|Home> Drogerie> Pflege> Haarpflege> Coloration> Haarfarbe> ARTIST Professional Intensiv Creme Coloration Level 3|https://www.mueller.at/p/artist-professional-intensiv-creme-coloration-level-3-2640738/|1 Stk.|Die ARTISTProfessional Intensiv Creme Colorationen erreichen ein langanhaltendes, brillantes und intensives Farbergebnis. Die Farbpigmente dringen tief ins Haar ein und fixieren dort Ihre gewünschte Haarfarbe. Ob Typveränderung, Umfärbung Ihrer Farbnuance oder perfekte Grauhaarabdeckung – die ARTISTProfessional Intensiv Creme Colorationen geben Ihnen die Sicherheit perfekt glänzender Coloration. Mit der ARTISTProfessional Farbglanzkur runden Sie Ihr Farbergebnis ab und erhalten brillant glänzendes und gepflegtes Haar.Level 3 -dauerhaft haltbar||||||||||||||||||||||Non-Organic||||"{'hair_type': 'normales Haar', 'target_group': 'Damen', 'manufacturer': 'JoCos GmbH', 'Herstelleradresse': 'Prinz-Ludwig-Straße 17, D-93055 Regensburg', 'Kontaktmöglichkeit': 'www.mueller.eu', 'dermatologically_tested': 'Ja', 'Anwendungshinweis': 'Die Farbcreme in die Farbentwicklerflasche füllen. Die Flasche so lange schütteln, bis eine gleichmäßige Creme entsteht. Die Farbmischung auf das trockene Haar auftragen. 30 Minuten einwirken lassen. Ausspülen und mit der Farbglanzkur pflegen.', 'package_contents': 'FARBCREME: AQUA/WATER, CETEARYL ALCOHOL, GLYCERYL STEARATE, p-PHENYLENEDIAMINE, RESORCINOL, SODIUM LAURYL SULFATE, AMMONIUM HYDROXIDE, ALOE  BARBADENSIS LEAF JUICE, HYDROLYZED KERATIN, HYDROLYZED SILK, DECYL OLEATE, CETYL PALMITATE, SYNTHETIC BEESWAX, SODIUM COCOYL ISETHIONATE, PROPYLENE GLYCOL, POLYQUATERNIUM-22, SODIUM SULFITE, STEARIC ACID,<br>DISODIUM EDTA, PARFUM/FRAGRANCE, HEXYL CINNAMAL, CITRONELLOL, m-AMINOPHENOL.<br><br>FARBENTWICKLER EMULSION<br>AQUA/WATER, HYDROGEN PEROXIDE, CETEARYL ALCOHOL, CETEARETH-30, CETEARYL ETHYLHEXANOATE, ETIDRONIC ACID, OXYQUINOLINE SULFATE, TETRASODIUM EDTA, PHOSPHORIC ACID, DISODIUM PYROPHOSPHATE.<br><br>FARBGLANZKUR<br>AQUA/WATER, CETEARYL ALCOHOL, AMODIMETHICONE/MORPHOLINOMETHYL SILSESQUIOXANE COPOLYMER, BEHENAMIDOPROPYL DIMETHYLAMINE, BEHENTRIMONIUM CHLORIDE, ALOE BARBADENSIS LEAF JUICE, HYDROLYZED KERATIN, HYDROLYZED SILK, STEARAMIDOPROPYL DIMETHYLAMINE, GUAR HYDROXYPROPYLTRIMONIUM CHLORIDE, GLYCERIN, TRIDECETH-5, GLYCOLIC ACID, SUCCINIC AC', 'Farbnummer': '10', 'Farbe': 'schwarz', 'product_property': 'langanhaltend|farbintensiv|Grauabdeckung', 'Inhalt': '1 Stk.', 'Colorationsstufe': 'Permanent Level 3', 'Produkttyp': 'Haarfarbe'}"||||||schwarz||||||||2.8718|39|2640667_1.png|https://static.mueller.de/6875858357-PV-0/pdzoom/artist-professional-intensiv-creme-coloration-level-3.webp||||||||||||||||||||||JoCos GmbH||||||||||1 Stk.|FARBCREME: AQUA/WATER, CETEARYL ALCOHOL, GLYCERYL STEARATE, p-PHENYLENEDIAMINE, RESORCINOL, SODIUM LAURYL SULFATE, AMMONIUM HYDROXIDE, ALOE  BARBADENSIS LEAF JUICE, HYDROLYZED KERATIN, HYDROLYZED SILK, DECYL OLEATE, CETYL PALMITATE, SYNTHETIC BEESWAX, SODIUM COCOYL ISETHIONATE, PROPYLENE GLYCOL, POLYQUATERNIUM-22, SODIUM SULFITE, STEARIC ACID,<br>DISODIUM EDTA, PARFUM/FRAGRANCE, HEXYL CINNAMAL, CITRONELLOL, m-AMINOPHENOL.<br><br>FARBENTWICKLER EMULSION<br>AQUA/WATER, HYDROGEN PEROXIDE, CETEARYL ALCOHOL, CETEARETH-30, CETEARYL ETHYLHEXANOATE, ETIDRONIC ACID, OXYQUINOLINE SULFATE, TETRASODIUM EDTA, PHOSPHORIC ACID, DISODIUM PYROPHOSPHATE.<br><br>FARBGLANZKUR<br>AQUA/WATER, CETEARYL ALCOHOL, AMODIMETHICONE/MORPHOLINOMETHYL SILSESQUIOXANE COPOLYMER, BEHENAMIDOPROPYL DIMETHYLAMINE, BEHENTRIMONIUM CHLORIDE, ALOE BARBADENSIS LEAF JUICE, HYDROLYZED KERATIN, HYDROLYZED SILK, STEARAMIDOPROPYL DIMETHYLAMINE, GUAR HYDROXYPROPYLTRIMONIUM CHLORIDE, GLYCERIN, TRIDECETH-5, GLYCOLIC ACID, SUCCINIC AC||True||2640667P|||||||||10
3013596|mueller||||||||2024-10-28|POKEMON Adventskalender 2024 inkl. 24 Figuren und Zubehör|POKÉMON||1|Stk.|Home|Spielwaren|Kostüme & Partyartikel|Trends|POKEMON Adventskalender 2024 inkl. 24 Figuren und Zubehör|||39,99 €|39,99 €|39,99 €|35,99 €||||10%|Sie sparen 10%|||||||EUR|Home> Spielwaren> Kostüme & Partyartikel> Trends> POKEMON Adventskalender 2024 inkl. 24 Figuren und Zubehör|https://www.mueller.at/p/pokemon-adventskalender-2024-inkl-24-figuren-und-zubehoer-IPN3013596/|1 Stk.|Die Weihnachtszeit feiert man am schönsten mit dem Pokémon Adventskalender!Der Kalender enthält 24 weihnachtlich gestaltete Figuren und Zubehörteile.Entdecke einzigartiges Pokémon Spielzeug - jeden Tag!EXKLUSIVES FINISH: Alle enthaltenen Figuren haben ein exklusives, glänzendes Finish, um die Weihnachtszeit zu feiernOFFIZIELLES PRODUKT: Offiziell lizenziertes Pokémon Produkt von Jazwares||||||||3 Jahre||||||||||||||Non-Organic||||"{'target_group': 'Kindergartenkinder|Grundschüler', 'Altersempfehlung ab': '3 Jahre', 'Inhalt': '1 Stk.', 'Produkttyp': 'Adventskalender'}"||||||||||||||0|0|3013596_1.png|https://static.mueller.de/pdzoom/191726709657.webp|3013596_2.png|https://static.mueller.de/pdzoom/191726709657_3.webp|3013596_3.png|https://static.mueller.de/pdzoom/191726709657_4.webp|3013596_4.png|https://static.mueller.de/pdzoom/191726709657_2.webp|3013596_5.png|https://static.mueller.de/pdzoom/191726709657_5.webp|3013596_6.png|https://static.mueller.de/pdzoom/191726709657_6.webp||||||||||||||||||||||1 Stk.|||True||3013596P|||||||||10
3013598|mueller||||||||2024-10-28|share Feste Dusche weißer Tee & Maracuja|SHARE||60|g|Home|Drogerie|Pflege|Körperpflege|Seifen|share Feste Dusche weißer Tee & Maracuja||3,95 €|3,95 €|||||||||||65,83 € / 1 kg|||EUR|Home> Drogerie> Pflege> Körperpflege> Seifen> share Feste Dusche weißer Tee & Maracuja|https://www.mueller.at/p/share-feste-dusche-weisser-tee-maracuja-IPN3013598/|60 g|Dank ihrer feuchtigkeitsspendenden Rezeptur mit Jojobaöl reinigt die Feste Dusche Maracuja & Weißer Tee von share deine Haut sanft und schützt sie vor dem Austrocknen. Außerdem ist die vegane Formel nicht nur pH-hautneutral, sondern auch ohne Mikroplastik* und plastikfrei verpackt. Doch das Beste ist: Jede Feste Dusche spendet ein Hygieneprodukt an einen Menschen in Not. Einfach den QR-Code auf der Verpackung scannen und du siehst wo genau deine Hilfe ankommt! Feuchtigkeitsspendende RezepturSchützt die Haut vor dem Austrocknenph-hautneutralPlastikfrei verpackt & ohne Mikroplastik* (*Rezeptur ohne feste und lösliche synthetische Polymere)VeganJede Feste Dusche spendet ein Hygieneprodukt an einen Menschen in Not||Auf trockener Unterlage aufbewahren.||||||||||||||||||||Non-Organic||||{'Lagerhinweis': 'Auf trockener Unterlage aufbewahren.', 'manufacturer': 'share GmbH', 'Herstelleradresse': 'Erkelenzdamm 59-61 \nDE-10999 Berlin', 'Kontaktmöglichkeit': 'www.share.eu', 'fragrance_note': 'fruchtig', 'Anwendungshinweis': 'Das Duschstück mit nassen Händen aufschäumen und auf deinem Körper verteilen, dabei bildet sich Schaum. Alles schön einmassieren und dann wie gewohnt abspülen.', 'package_contents': 'Sodium Coco-Sulfate, Cetearyl Alkohol, Citric Acid, Olea Europaea Fruit Oil, Prunus Amygdalus Dulcis Oil, Parfum, Theobroma Cacao Seed Butter, Glycerin, Simmondsia Chinensis Seed Oil, Butyrospermum Parkii Butter, Talc, Helianthus Annuus Seed Oil, Camelia Sinensis Leaf Extract, Passiflora Incarnata Extract, Tocopherol, Linalool,Limonene, Geraniol.', 'skin_type': 'trockene Haut', 'Inhalt': '60 g', 'scope_of_application': 'Seifen', 'fragrance_effect': 'sommerlich', 'Produkttyp': 'Stückseifen'}||||||||||||||0|0|3013598_1.png|https://static.mueller.de/markant_04262414871331_pv_4550779/pdzoom/share-feste-dusche-weisser-tee-maracuja.webp|3013598_2.png|https://static.mueller.de/markant_04262414871331_pr_4550778/pdzoom/share-feste-dusche-weisser-tee-maracuja.webp|3013598_3.png|https://static.mueller.de/markant_04262414871331_pd_4867447/pdzoom/share-feste-dusche-weisser-tee-maracuja.webp|3013598_4.png|https://static.mueller.de/markant_04262414871331_pd_4635231/pdzoom/share-feste-dusche-weisser-tee-maracuja.webp|3013598_5.png|https://static.mueller.de/markant_04262414871331_pd_4635232/pdzoom/share-feste-dusche-weisser-tee-maracuja.webp||||||||||||||share GmbH||||||||||60 g|Sodium Coco-Sulfate, Cetearyl Alkohol, Citric Acid, Olea Europaea Fruit Oil, Prunus Amygdalus Dulcis Oil, Parfum, Theobroma Cacao Seed Butter, Glycerin, Simmondsia Chinensis Seed Oil, Butyrospermum Parkii Butter, Talc, Helianthus Annuus Seed Oil, Camelia Sinensis Leaf Extract, Passiflora Incarnata Extract, Tocopherol, Linalool,Limonene, Geraniol.||True||3013598P|||||||||10
3013599|mueller||||||||2024-10-28|Stückseife Sandelholz & Jasmin|SHARE||100|g|Home|Drogerie|Pflege|Körperpflege|Seifen|Stückseife Sandelholz & Jasmin||2,65 €|2,65 €|||||||||||26,50 € / 1 kg|||EUR|Home> Drogerie> Pflege> Körperpflege> Seifen> Stückseife Sandelholz & Jasmin|https://www.mueller.at/p/stueckseife-sandelholz-jasmin-IPN3013599/|100 g|Die Stückseife Sandelholz & Jasmin von share reinigt nicht nur sanft und pflegt beanspruchte Hände sanft, sie macht durch ihren intensiven Duft nach Sandelholz und Jasmin das Händewaschen zu einem wahren Dufterlebnis. Die Rezeptur auf Kokos- und Olivenöl-Basis ist vegan und enthält kein Palmöl. Doch das Beste kommt zum Schluss: Jede Seife spendet ein Hygieneprodukt an einen Menschen in Not. Einfach den QR-Code auf der Verpackung scannen und du siehst wo genau deine Hilfe ankommt! Reinigt und pflegt beanspruchte Hände sanftOhne PalmölVeganJede Stückseife spendet ein Hygieneprodukt an einen Menschen in Not||||||||||||||||||||||Non-Organic||||"{'manufacturer': 'share GmbH', 'Herstelleradresse': 'Erkelenzdamm 59-61 \nDE-10999 Berlin', 'Kontaktmöglichkeit': 'www.share.eu', 'fragrance_note': 'Blumen|holzig', 'package_contents': 'Sodium Olivate, Sodium Cocoate, Sodium Stearate, Aqua, Parfum, Glycerin, Sodium Chloride, Tetrasodium Glutamate Diacetate Hexyl Cinnamal.', 'skin_type': 'alle Hauttypen|normale Haut', 'Inhalt': '100 g', 'scope_of_application': 'Seifen', 'fragrance_effect': 'romantisch', 'Produkttyp': 'Stückseifen'}"||||||||||||||0|0|3013599_1.png|https://static.mueller.de/markant_04262414871355_pv_4550780/pdzoom/stueckseife-sandelholz-jasmin.webp|3013599_2.png|https://static.mueller.de/markant_04262414871355_pr_4550781/pdzoom/stueckseife-sandelholz-jasmin.webp|3013599_3.png|https://static.mueller.de/markant_04262414871355_pd_4635233/pdzoom/stueckseife-sandelholz-jasmin.webp|3013599_4.png|https://static.mueller.de/markant_04262414871355_pd_4635234/pdzoom/stueckseife-sandelholz-jasmin.webp||||||||||||||||share GmbH||||||||||100 g|Sodium Olivate, Sodium Cocoate, Sodium Stearate, Aqua, Parfum, Glycerin, Sodium Chloride, Tetrasodium Glutamate Diacetate Hexyl Cinnamal.||True||3013599P|||||||||10
2640744|mueller||||||||2024-10-28|Edel Zitrone-Honig Bonbons|EDEL||90|g|Home|Drogerie|Lebensmittel|Süßigkeiten|Bonbons & Lutscher|Edel Zitrone-Honig Bonbons||2,29 €|2,29 €|||||||||||25,44 € / 1 kg|||EUR|Home> Drogerie> Lebensmittel> Süßigkeiten> Bonbons & Lutscher> Edel Zitrone-Honig Bonbons|https://www.mueller.at/p/edel-zitrone-honig-bonbons-2640744/|90 g|Lecker-süßer Honiggenuss mit einer frischen Zitronen-Note. Das gibt Note 1 von allen, die Honig und Zitrone lieben.||Vor Sonne und Hitze schützen. Trocken lagern.|||Deutschland||||||{'Brennwert': '1670 kj / 393 kcal', 'Fett in g': '0.2', '- davon gesättigte Fettsäuren in g': '<0,1', 'Kohlenhydrate in g': '96.7', '- davon Zucker in g': '50.7', 'Eiweiß in g': '0.1', 'Salz in g': '0'}|||||||||||Non-Organic||||"{'Lagerhinweis': 'Vor Sonne und Hitze schützen. Trocken lagern.', 'manufacturer': 'Eduard Edel GmbH Bonbonfabrik', 'Herstelleradresse': 'Am Zollfeld 3 86609 Donauwörth', 'Kontaktmöglichkeit': 'www.edel-bonbon.de', 'Herkunftsland': 'Deutschland', 'Inhalt': '90 g', 'Eigenschaften': 'Laktosefrei|Glutenfrei|vegetarisch gemaeß Rezeptur', 'Zutaten': 'Glukosesirup, Zucker, Honig (8,6%), Säuerungsmittel Citronensäure, natürliches Aroma (Zitronenöl).', 'Produkttyp': 'Bonbons & Kaubonbons'}"||||||||||||||4.5|2|2640744_1.png|https://static.mueller.de/6808760239-PV-0/pdzoom/edel-zitrone-honig-bonbons.webp||||||||||||||||||||||Eduard Edel GmbH Bonbonfabrik||||||||||90 g|||True||2640744P|||||||||5
2640745|mueller||||||||2024-10-28|Edel Honig Spezial Bonbons|EDEL||90|g|Home|Drogerie|Lebensmittel|Süßigkeiten|Bonbons & Lutscher|Edel Honig Spezial Bonbons||2,29 €|2,29 €|||||||||||25,44 € / 1 kg|||EUR|Home> Drogerie> Lebensmittel> Süßigkeiten> Bonbons & Lutscher> Edel Honig Spezial Bonbons|https://www.mueller.at/p/edel-honig-spezial-bonbons-2640745/|90 g|Honiglicher Genuss! Mit einem unschlagbar hohen Anteil an echtem Bienenhonig ist dieses Bonbon die Königin.||Vor Sonne und Hitze schützen. Trocken lagern.|||Deutschland||||||{'Brennwert': '1649 kj / 388 kcal', 'Fett in g': '0.1', '- davon gesättigte Fettsäuren in g': '<0,1', 'Kohlenhydrate in g': '96.7', '- davon Zucker in g': '50.7', 'Eiweiß in g': '0.1', 'Salz in g': '0'}|||||||||||Non-Organic||||"{'Lagerhinweis': 'Vor Sonne und Hitze schützen. Trocken lagern.', 'manufacturer': 'Eduard Edel GmbH Bonbonfabrik', 'Herstelleradresse': 'Am Zollfeld 3 86609 Donauwörth', 'Kontaktmöglichkeit': 'www.edel-bonbon.de', 'Herkunftsland': 'Deutschland', 'Inhalt': '90 g', 'Eigenschaften': 'Laktosefrei|Glutenfrei|vegetarisch gemaeß Rezeptur', 'Zutaten': 'Glukosesirup, Zucker, Honig (11,6%).', 'Produkttyp': 'Bonbons & Kaubonbons'}"||||||||||||||0|0|2640745_1.png|https://static.mueller.de/6808762740-PV-0/pdzoom/edel-honig-spezial-bonbons.webp||||||||||||||||||||||Eduard Edel GmbH Bonbonfabrik||||||||||90 g|||True||2640745P|||||||||5
2747510|mueller||||||||2024-10-28|Always ULTRA Damenbinden Night mit Flügeln BigPack 20 Stück|ALWAYS||20|Stk.|Home|Drogerie|Hygiene|Binden|Always ULTRA Damenbinden Night mit Flügeln BigPack 20 Stück|||3,99 €|3,99 €|||||||||||2,00 € / 10 Stk.|||EUR|Home> Drogerie> Hygiene> Binden> Always ULTRA Damenbinden Night mit Flügeln BigPack 20 Stück|https://www.mueller.at/p/always-ultra-damenbinden-night-mit-fluegeln-bigpack-20-stueck-2747510/|20 Stk.|Gib dich nicht mit weniger als 3-fachem Schutz zufrieden mit ALWAYS Ultra Day & Night (Größe 3) Damenbinden mit Flügeln.  Always Binden absorbieren Flüssigkeit dank ihrer InstantDry-Technologie in Sekunden, und ihre LeakGuard- und OdourLock-Technologien vermeiden Auslaufen und Gerüche. Ihre einzigartigen ComfortLock-Flügel sorgen für einen besseren Sitz unter jeder Art von Unterwäsche (im Vergleich zum vorherigen Produkt). Für zusätzlichen Schutz in der Nacht, probiere Always Ultra Größe 5. Always Binden sind dermatologisch von der Skin Health Alliance bestätigt 3-facher Schutz, damit Du dich während der Periode frisch und sauber fühlen kannstSuper saugstarke Damenbinde mit InstantDry-System, absorbiert Flüssigkeit in SekundenLeakGuard-Technologie schließt Flüssigkeit ein und hilft, Auslaufen zu vermeidenAlways Ultra Damenbinde verfügt über OdourLock-Technologie, die Gerüche neutralisiertComfortLock-Flügel sorgen für einen besseren Sitz bei jeder Art von Unterwäsche (im Vergleich zum vorherigen Produkt)Von Dermatologen der Skin Health Alliance bestätigt||||||||||||||||||||||Non-Organic||||{'manufacturer': 'Procter & Gamble Service GmbH', 'Herstelleradresse': 'Sulzbacher Str. 40, 65824 Schwalbach am Taunus, Germany', 'Kontaktmöglichkeit': 'dekontakt.im@pg.com', 'Inhalt': '20 Stk.', 'Produkttyp': 'Binden'}||||||||||||||0|0|2747510_1.png|https://static.mueller.de/markant_08006540732502_pv_4267818/pdzoom/always-ultra-damenbinden-night-mit-fluegeln-bigpack-20-stueck.webp|2747510_2.png|https://static.mueller.de/markant_08006540732502_pv_4267814/pdzoom/always-ultra-damenbinden-night-mit-fluegeln-bigpack-20-stueck.webp|2747510_3.png|https://static.mueller.de/markant_08006540732502_pr_4267816/pdzoom/always-ultra-damenbinden-night-mit-fluegeln-bigpack-20-stueck.webp|2747510_4.png|https://static.mueller.de/markant_08006540732502_pd_5038861/pdzoom/always-ultra-damenbinden-night-mit-fluegeln-bigpack-20-stueck.webp|2747510_5.png|https://static.mueller.de/markant_08006540732502_pd_4267817/pdzoom/always-ultra-damenbinden-night-mit-fluegeln-bigpack-20-stueck.webp|2747510_6.png|https://static.mueller.de/markant_08006540732502_pd_5038853/pdzoom/always-ultra-damenbinden-night-mit-fluegeln-bigpack-20-stueck.webp||||||||||||Procter & Gamble Service GmbH||||||||||20 Stk.|||True||2747510P|||||||||2
2640756|mueller||||||||2024-10-28|miniLÜK - Kästen / Kontrollgerät Klarsichtdeckel pink|-||1|Stk.|Home|Bücher|Schule & Lernen|miniLÜK - Kästen / Kontrollgerät Klarsichtdeckel pink||||17,95 €|17,95 €||||||||||||||EUR|Home> Bücher> Schule & Lernen> miniLÜK - Kästen / Kontrollgerät Klarsichtdeckel pink|https://www.mueller.at/p/miniluek-kaesten-kontrollgeraet-klarsichtdeckel-pink-2640756/|1 Stk.|Das universelle miniLÜK-Kontrollgerät in pink (die Farbe kann durch Bildschirmdarstellung leicht abweichen) mit Klarsichtdeckel und 12 Aufgabenplättchen zur Bearbeitung aller miniLÜK-Übungshefte vom Kindergarten bis zur 4. Klasse.  Originalgröße geschlossen: 26 x 13 cm||||||||||||||||||||||Non-Organic||||{'genre': 'Lernen', 'publishing_year': '2020', 'Inhalt': '1 Stk.', 'ISBN Ausgangsbuch': '9783837710052', 'Produkttyp': 'Schule & Lernen'}||||||||||||||0|0|2640756_1.png|https://static.mueller.de/6802868916-PV-0/pdzoom/miniluek-kaesten-kontrollgeraet-klarsichtdeckel-pink.webp|2640756_2.png|https://static.mueller.de/6802868916-PB-1/pdzoom/miniluek-kaesten-kontrollgeraet-klarsichtdeckel-pink.webp||||||||||||||||||||||||||||||1 Stk.|||True||2640756P|||||||||10
2747521|mueller||||||||2024-10-28|lavera basis sensitiv Body Lotion Express|LAVERA||250|ml|Home|Parfümerie|Pflege|Körperpflege|Pflege|lavera basis sensitiv Body Lotion Express||7,15 €|7,15 €|||||||||||28,60 € / 1 l|||EUR|Home> Parfümerie> Pflege> Körperpflege> Pflege> lavera basis sensitiv Body Lotion Express|https://www.mueller.at/p/lavera-basis-sensitiv-body-lotion-express-2747521/|250 ml|Die basis sensitiv Body Lotion Express mit Bio-Aloe Vera & Bio-Jojobaöl bietet 24 Stunden schnell einziehende Feuchtigkeitspflege für normale Haut. Erlebe das lavera Gefühl spürbar geschmeidiger Haut: Unsere milde Formel mit Bio-Aloe Vera & Bio-Jojobaöl schenkt deiner Haut wohltuende Feuchtigkeit und langanhaltende Pflege. - Zieht extra schnell ein - 24 h Feuchtigkeit - 100 % natürlich schöne Haut Bio-Aloe Vera ist ein wahres Multitalent, enthält viele unterschiedliche Wirkstoffe und ist für ihre feuchtigkeitsspendende Wirkung bekannt. Bio-Jojobaöl wird dafür geschätzt schnell einzuziehen, die Haut geschmeidig zu machen und sie vor Feuchtigkeitsverlust zu schätzen. Unser Versprechen: - Biologisch abbaubare Rezepturen ohne Mineralöle und ohne künstliche Duft-, Farb- und Konservierungsstoffe* - Zertifiziert nach dem strengen, unabhängigen NATRUE Naturkosmetikstandard. Verträglichkeit dermatologisch bestätigt, Kunststoff dieser Flasche inkl. Verschluss aus 100 % recyceltem Material - Vegan & nach PETA-Kriterien zertifiziert - Exklusive Naturkompositionen aus der lavera-Forschung, mit dem Besten aus der Natur.  Natur, die du fühlst Made in Germany 24 h schnell einziehende Feuchtigkeitspflege für normale Haut Unsere milde Formel mit Bio-Aloe Vera & Bio-Jojobaöl schenkt deiner Haut wohltuende Feuchtigkeit und langanhaltende Pflege Zertifiziert nach dem strengen, unabhängigen NATRUE Naturkosmetikstandard; Verträglichkeit dermatologisch bestätigt; vegan und nach PETA-Kriterien zertifiziert; Kunststoff dieser Flasche inkl. Verschluss aus 100 % recyceltem Material Biologisch abbaubare Rezeptur||||||||||||||||||||||Non-Organic||||"{'scope_of_delivery': '250 ml', 'target_group': 'Unisex', 'manufacturer': 'Laverana GmbH & Co. KG', 'Herstelleradresse': 'Am Weingarten 4, 30974 Wennigsen', 'fragrance_note': 'zitrisch', 'Anwendungshinweis': 'Gleichmäßig auf die gereinigte Haut auftragen.', 'package_contents': 'Water (Aqua), Alcohol* denat., Glycerin, Glycine Soja (Soybean) Oil*, Myristyl Alcohol, Glyceryl Stearate Citrate, Cetearyl Alcohol, Simmondsia Chinensis (Jojoba) Seed Oil*, Aloe Barbadensis Leaf Juice*, Melissa Officinalis Leaf Extract*, Calendula Officinalis Flower Extract*, Tridecane, Isoamyl Laurate, Coco-Caprylate/Caprate, Dehydroxanthan Gum, Undecane, Glyceryl Undecylenate, Levulinic Acid, Sodium Levulinate, Lecithin, Tocopherol, Helianthus Annuus (Sunflower) Seed Oil, Ascorbyl Palmitate, Hydrogenated Palm Glycerides, Hydrogenated Lecithin, Butyrospermum Parkii (Shea) Butter*, Brassica Campestris (Rapeseed) Sterols, Fragrance (Parfum)**, Limonene**, Linalool**, Citronellol**, Geraniol**, Citral**, Benzyl Salicylate**\n\n* ingredients from certified organic agriculture\n** from natural essential oils', 'skin_type': 'sensible Haut', 'product_property': 'feuchtigkeitsspendend|schützend|pflegend', 'Inhalt': '250 ml', 'scope_of_application': 'Pflege', 'fragrance_effect': 'selbstbewusst', 'Produkttyp': 'Lotion'}"||||||||||||||3.2222|9|2747521_1.png|https://static.mueller.de/markant_04021457637416_pv_4453492/pdzoom/lavera-basis-sensitiv-body-lotion-express.webp|2747521_2.png|https://static.mueller.de/markant_04021457637416_pr_4453491/pdzoom/lavera-basis-sensitiv-body-lotion-express.webp|2747521_3.png|https://static.mueller.de/markant_04021457637416_pd_4453490/pdzoom/lavera-basis-sensitiv-body-lotion-express.webp||||||||||||||||||Laverana GmbH & Co. KG||||||||||250 ml|"Water (Aqua), Alcohol* denat., Glycerin, Glycine Soja (Soybean) Oil*, Myristyl Alcohol, Glyceryl Stearate Citrate, Cetearyl Alcohol, Simmondsia Chinensis (Jojoba) Seed Oil*, Aloe Barbadensis Leaf Juice*, Melissa Officinalis Leaf Extract*, Calendula Officinalis Flower Extract*, Tridecane, Isoamyl Laurate, Coco-Caprylate/Caprate, Dehydroxanthan Gum, Undecane, Glyceryl Undecylenate, Levulinic Acid, Sodium Levulinate, Lecithin, Tocopherol, Helianthus Annuus (Sunflower) Seed Oil, Ascorbyl Palmitate, Hydrogenated Palm Glycerides, Hydrogenated Lecithin, Butyrospermum Parkii (Shea) Butter*, Brassica Campestris (Rapeseed) Sterols, Fragrance (Parfum)**, Limonene**, Linalool**, Citronellol**, Geraniol**, Citral**, Benzyl Salicylate**

* ingredients from certified organic agriculture
** from natural essential oils"||False||2747521P|||||||||1
2747528|mueller||||||||2024-10-28|Always ULTRA Damenbinden Secure Night Extra mit Flügeln BigPack 16 Stück|ALWAYS||16|Stk.|Home|Drogerie|Hygiene|Binden|Always ULTRA Damenbinden Secure Night Extra mit Flügeln BigPack 16 Stück|||4,95 €|4,95 €|||||||||||3,09 € / 10 Stk.|||EUR|Home> Drogerie> Hygiene> Binden> Always ULTRA Damenbinden Secure Night Extra mit Flügeln BigPack 16 Stück|https://www.mueller.at/p/always-ultra-damenbinden-secure-night-extra-mit-fluegeln-bigpack-16-stueck-2747528/|16 Stk.|Gib dich nicht mit nicht weniger zufrieden als mit einem guten Schlaf mit bis zu 12 Std. Schutz: ALWAYS Ultra Secure Night Extra (Größe 5) Damenbinden mit Flügeln sind mit 3 Schutzfunktionen ausgestattet, damit du nicht mitten in der Nacht aufwachst, um das Auslaufen zu überprüfen oder deine Binde wechseln zu müssen. Eine um 9 % größere Vorderseite und eine um 85 % größere Rückseite* in Kombination mit unserer LeakGuard-Technologie sorgen für Rumdum-Schutz, um Auslaufen während der Periodennächte zu vermeiden. Das InstantDry-System absorbiert die Flüssigkeit in Sekunden und hält die Feuchtigkeit von der Haut fern. Die OdourLock-Technologie neutralisiert Gerüche, sodass du dich während deiner Periode frisch und sauber fühlst. Schlaf gut, denn ALWAYS Ultra schützt Dich 3-fach. Dermatologisch von der Skin Health Alliance bestätigt. Mit Always My Fit findest du die richtige Passform für deine Bedürfnisse. Damenbinden mit bis zu 12 Std. SchutzEine 9 % größere Vorderseite und eine 85 % größere Rückseite als Ultra Normal (Größe 1) für Schutz während der ganzen NachtDie LeakGuard-Technologie schließt die Flüssigkeit ein und hilft, Auslaufen zu vermeidenDer supersaugfähige Kern mit InstantDry-System absorbiert die Flüssigkeit in SekundenDie Odourlock-Technologie neutralisiert GerücheDermatologisch von der Skin Health Alliance bestätigtDie Flügel sorgen dafür, dass deine Binde dir einen bequemen, sicheren Schutz bietetPackung aus 50 % recyceltem Plastik||||||||||||||||||||||Non-Organic||||{'manufacturer': 'Procter & Gamble Service GmbH', 'Herstelleradresse': 'Sulzbacher Str. 40, 65824 Schwalbach am Taunus, Germany', 'Kontaktmöglichkeit': 'dekontakt.im@pg.com', 'Inhalt': '16 Stk.', 'Produkttyp': 'Binden'}||||||||||||||4.7629|426|2747528_1.png|https://static.mueller.de/markant_08006540732700_pv_4465562/pdzoom/always-ultra-damenbinden-secure-night-extra-mit-fluegeln-bigpack-16-stueck.webp|2747528_2.png|https://static.mueller.de/markant_08006540732700_pr_3702340/pdzoom/always-ultra-damenbinden-secure-night-extra-mit-fluegeln-bigpack-16-stueck.webp|2747528_3.png|https://static.mueller.de/markant_08006540732700_pd_3702342/pdzoom/always-ultra-damenbinden-secure-night-extra-mit-fluegeln-bigpack-16-stueck.webp|2747528_4.png|https://static.mueller.de/markant_08006540732700_pd_4538510/pdzoom/always-ultra-damenbinden-secure-night-extra-mit-fluegeln-bigpack-16-stueck.webp|2747528_5.png|https://static.mueller.de/markant_08006540732700_pd_4547611/pdzoom/always-ultra-damenbinden-secure-night-extra-mit-fluegeln-bigpack-16-stueck.webp|2747528_6.png|https://static.mueller.de/markant_08006540732700_pd_4849428/pdzoom/always-ultra-damenbinden-secure-night-extra-mit-fluegeln-bigpack-16-stueck.webp||||||||||||Procter & Gamble Service GmbH||||||||||16 Stk.|||False||2747528P|||||||||1
2640770|mueller||||||||2024-10-28|Fries - FEUERWEHR-WESTE GR.140|FRIES||1|Stk.|Home|Spielwaren|Kostüme & Partyartikel|Kostüme & Schminke|Fries - FEUERWEHR-WESTE GR.140|||8,99 €|8,99 €||||||||||||||EUR|Home> Spielwaren> Kostüme & Partyartikel> Kostüme & Schminke> Fries - FEUERWEHR-WESTE GR.140|https://www.mueller.at/p/fries-feuerwehr-weste-gr-140-2640770/|1 Stk.|Fries - FEUERWEHR-WESTE GR.140||||||||8 Jahre||||||||||||||Non-Organic||||{'target_group': 'Grundschüler', 'Artikelnummer des Herstellers': '15537', 'Altersempfehlung ab': '8 Jahre', 'Inhalt': '1 Stk.', 'Produkttyp': 'Sonstiges Kostümzubehör'}||||||||||||||0|0|2640770_1.png|https://static.mueller.de/6845365462-PV-0/pdzoom/fries-feuerwehr-weste-gr-140.webp||||||||||||||||||||||15537||||||||||1 Stk.|||True||2640770P|||||||||10
128674|mueller||||||||2024-10-28|J.G. Schrödel - Western Rifle 44, 13-Schuss Gewehr|JG SCHROEDEL||1|Stk.|Home|Spielwaren|Kostüme & Partyartikel|Kostüme & Schminke|J.G. Schrödel - Western Rifle 44, 13-Schuss Gewehr|||44,99 €|44,99 €||||||||||||||EUR|Home> Spielwaren> Kostüme & Partyartikel> Kostüme & Schminke> J.G. Schrödel - Western Rifle 44, 13-Schuss Gewehr|https://www.mueller.at/p/j-g-schroedel-western-rifle-44-13-schuss-gewehr-128674/|1 Stk.|"„Western Rifle 44"": Spielzeuggewehr für Zündplättchen, auf Tester, für 13-Schuss-Munition, 73 cm, braun/ silber (60 5013)
Egal ob Cowboy oder Sheriff – das silber-braune Spielzeuggewehr „Western Rifle 44“ verleiht dem Faschingskostüm den letzten Schliff. Das 73 cm lange 13-Schuss-Gewehr aus Zink und Kunststoff liegt gut in der Hand und überzeugt mit seiner tollen Optik. Als Munition eignet sich am besten die 13-Schuss Streifen-Amorces Typ Wicke EURO CAPS® des Herstellers Sohni-Wicke. Dank der hochwertigen Verarbeitung ist langes Spiel, Spaß und Action garantiert. Nicht geeignet für Kinder unter 3 Jahren."||||||||6 Jahre||||||||||||||Non-Organic||||"{'target_group': 'Jugendliche|Grundschüler', 'Kontaktmöglichkeit': 'J.G.Schrödel Vertriebsgesellschaft m.b.H', 'Artikelnummer des Herstellers': '609 5013', 'license': 'JG Schroedel Gewehre', 'Altersempfehlung ab': '6 Jahre', 'Altersempfehlung bis': '99 Jahre', 'Inhalt': '1 Stk.', 'Produkttyp': 'Cowboy- und Indianerzubehör'}"||||||||||||||0|0|128674_1.png|https://static.mueller.de/156489616-PB-0/pdzoom/j-g-schroedel-western-rifle-44-13-schuss-gewehr.webp|128674_2.png|https://static.mueller.de/156489616-PB-1/pdzoom/j-g-schroedel-western-rifle-44-13-schuss-gewehr.webp||||||||||||||||||||609 5013||||||||||1 Stk.|||True||128674P|||||||||10
2640779|mueller||||||||2024-10-28|FRIES 15675 - NINJA GR.116|FRIES||1|Stk.|Home|Spielwaren|Kostüme & Partyartikel|Kostüme & Schminke|FRIES 15675 - NINJA GR.116|||10,00 €|10,00 €||||||||||||||EUR|Home> Spielwaren> Kostüme & Partyartikel> Kostüme & Schminke> FRIES 15675 - NINJA GR.116|https://www.mueller.at/p/fries-15675-ninja-gr-116-2640779/|1 Stk.|FRIES 15675 - NINJA GR.116||||||||3 Jahre||||||||||||||Non-Organic||||"{'target_group': 'Grundschüler|Kindergartenkinder', 'Artikelnummer des Herstellers': '15675', 'Altersempfehlung ab': '3 Jahre', 'Inhalt': '1 Stk.', 'Produkttyp': 'Sonstiges Kostümzubehör'}"||||||||||||||0|0|2640779_1.png|https://static.mueller.de/6803190748-PV-0/pdzoom/fries-15675-ninja-gr-116.webp|2640779_2.png|https://static.mueller.de/6803190748-PB-1/pdzoom/fries-15675-ninja-gr-116.webp|2640779_3.png|https://static.mueller.de/6803190748-PB-2/pdzoom/fries-15675-ninja-gr-116.webp||||||||||||||||||15675||||||||||1 Stk.|||True||2640779P|||||||||10
3013551|mueller||||||||2024-10-28|YOU HAD ME-SOLAR-LTD.|||1|Stk.|Home|Multi-Media|Musik|K-Pop|YOU HAD ME-SOLAR-LTD.|||29,99 €|29,99 €||||||||||||||EUR|Home> Multi-Media> Musik> K-Pop> YOU HAD ME-SOLAR-LTD.|https://www.mueller.at/p/you-had-me-solar-ltd-IPN3013551/|1 Stk.|"ou Had Me At Hello by Zerobaseone, released 31 May 2024. This version of You Had Me At Hello comes as a 1xCD in a(n) Digipak packaging. This release comes with (a) Photobook & Poster & Photo(s) & Photo card(s).
Vorauswahl der Version ist nicht möglich."||||||||||||||||||||||Non-Organic||||{'medium': 'CD', 'Künstler': 'ZEROBASEONE', 'Inhalt': '1 Stk.', 'Anzahl Medien im Artikel': '1', 'genre': 'K-Pop'}||||||||||||||0|0|3013551_1.png|https://static.mueller.de/pdzoom/8809704428286-pv.webp||||||||||||||||||||||||||||||||1 Stk.|||False||3013551P|||||||||1
3013552|mueller||||||||2024-10-28|On Air Leuchte|||1|Stk.|Home|Multi-Media|Fanartikel|On Air Leuchte||||17,99 €|17,99 €||||||||||||||EUR|Home> Multi-Media> Fanartikel> On Air Leuchte|https://www.mueller.at/p/on-air-leuchte-IPN3013552/|1 Stk.|Dieses klassisch gestaltete On Air Leuchte bringt ein Retro-Feeling in jeden Raum und das Warnlicht sind so konzipiert, dass sie die Aufmerksamkeit von jedem auf sich ziehen, bevor sie den Raum betreten und stören! Es besteht kein Zweifel, ob das Licht an oder aus ist. Dieses On Air Light ähnelt dem Licht, das oft außerhalb von Radio-, Fernseh- und Aufnahmestudios zu sehen ist, ist 30 cm (11,8 Zoll) breit und kann über USB mit Strom versorgt werden (Kabel im Lieferumfang enthalten). Für den Fall, dass Sie das Licht an einem Ort verwenden müssen, an dem keine Stromquelle verfügbar ist, und für eine vollständige Tragbarkeit, wird das Licht auch mit 3x AAA-Batterien betrieben (Batterien nicht im Lieferumfang enthalten). Die Leuchte kann freistehend auf einem Schreibtisch, Regal usw. verwendet oder an einer Wand montiert werden und wird in einer Geschenkbox geliefert. KEINE UNTERBRECHUNGEN MEHR: Findest du, dass Leute dich in den ungünstigsten Momenten unterbrechen? Dieses klassische On-Air-Licht lässt die Menschen wissen, dass sie leise sein müssen, und verleiht jedem Schlafzimmer, Büro oder Studio einen Retro-Touch. RETRO-DESIGN: Dieses On-Air-Licht ist so gestaltet, dass es den Lichtern ähnelt, die außerhalb von Radio-, Fernseh- und Aufnahmestudios zu sehen sind. Es ist 30 cm (11,8 Zoll) breit und kann über USB mit Strom versorgt werden (Kabel im Lieferumfang enthalten). AAA-Batterien (nicht enthalten). TOLLES PRAKTISCHES GESCHENK: Dieses On Air Light ist das perfekte Geschenk für jeden angehenden Podcaster, Musiker oder jemanden, der regelmäßig an Online-Meetings teilnimmt. Die fette Schrift und der leuchtend rote Hintergrund werden sicher bemerkt, bevor jemand den Raum betritt. Außerdem kann er freistehend oder an der Wand montiert verwendet werden.||||||||||||||||||||||Non-Organic||||{'Inhalt': '1 Stk.', 'Produkttyp': 'Fan-Artikel'}||||||||||||||0|0|3013552_1.png|https://static.mueller.de/pdzoom/5055964773434-pv.webp||||||||||||||||||||||||||||||||1 Stk.|||False||3013552P|||||||||1
3013554|mueller||||||||2024-10-28|Playstation Kunststoff Lavalampe (ca 33cm)|||1|Stk.|Home|Multi-Media|Fanartikel|Playstation Kunststoff Lavalampe (ca 33cm)||||34,99 €|34,99 €||||||||||||||EUR|Home> Multi-Media> Fanartikel> Playstation Kunststoff Lavalampe (ca 33cm)|https://www.mueller.at/p/playstation-kunststoff-lavalampe-ca-33cm-IPN3013554/|1 Stk.|Verschönere dein Schlaf- oder Spielzimmer mit dieser atemberaubenden PlayStation Lavalampe. Die 33 cm hohe Plastiklampe ist mit fließenden silbernen Folienformen und Glitzer gefüllt. Schalte das Licht ein, um zu sehen, wie die Folien-PlayStation-Controller-Symbole (Dreieck, Kreis, Kreuz und Quadrat) herumschweben, während sie einen blauen Schein ihrer Rhythmen abgeben Bewegungen durch dein Zimmer. Versorge die Lampe mit USB (Kabel nicht im Lieferumfang enthalten) oder 3x AAA-Batterien (nicht im Lieferumfang enthalten). Die PlayStation Lavalampe bietet Konsolenspielern ein erstaunliches sensorisches Erlebnis.||||||||||||||||||||||Non-Organic||||{'Inhalt': '1 Stk.', 'Produkttyp': 'Fan-Artikel'}||||||||||||||0|0|3013554_1.png|https://static.mueller.de/pdzoom/5055964794248-pv.webp|3013554_2.png|https://static.mueller.de/5055964794248-pd-3/pdzoom/playstation-kunststoff-lavalampe-ca-33cm.webp||||||||||||||||||||||||||||||1 Stk.|||True||3013554P|||||||||10
3013555|mueller||||||||2024-10-28|Disney Stitch Leuchte (ca 16cm)|||1|Stk.|Home|Multi-Media|Fanartikel|Disney Stitch Leuchte (ca 16cm)||||29,99 €|29,99 €||||||||||||||EUR|Home> Multi-Media> Fanartikel> Disney Stitch Leuchte (ca 16cm)|https://www.mueller.at/p/disney-stitch-leuchte-ca-16cm-IPN3013555/|1 Stk.|Du bist großer Lilo und Stitch Fan? Dann darf die Stitch 3D Leuchte nicht bei dir zu Hause fehlen. Der kleine Stitch ist 16cm groß und hält in seinen Händen eine Glühbirne. Mit 2x AA Batterien (nicht im Lieferumfang enthalten) fängt die Glühbirne an zu leuchten. Diese Leuchte eignet sich ideal für den Einsatz auf dem Schreibtisch, im Regal oder auf dem Nachttisch.||||||||||||||||||||||Non-Organic||||{'Inhalt': '1 Stk.', 'Produkttyp': 'Fan-Artikel'}||||||||||||||0|0|3013555_1.png|https://static.mueller.de/pdzoom/5055964787981-pv.webp|3013555_2.png|https://static.mueller.de/5055964787981-pd-1/pdzoom/disney-stitch-leuchte-ca-16cm.webp|3013555_3.png|https://static.mueller.de/5055964787981-pd-2/pdzoom/disney-stitch-leuchte-ca-16cm.webp||||||||||||||||||||||||||||1 Stk.|||True||3013555P|||||||||10
3013557|mueller||||||||2024-10-28|Minecraft Axolotl Leuchte|||1|Stk.|Home|Multi-Media|Fanartikel|Minecraft Axolotl Leuchte||||29,99 €|29,99 €||||||||||||||EUR|Home> Multi-Media> Fanartikel> Minecraft Axolotl Leuchte|https://www.mueller.at/p/minecraft-axolotl-leuchte-IPN3013557/|1 Stk.|Beleuchten Sie Ihr Zimmer mit dieser bezaubernden Axolotl-Leuchte. Das 21 cm (8,2 Zoll) breite Nachtlicht ist so gestaltet, dass es dem freundlichen Wasserlebewesen aus Minecraft ähnelt. Es strahlt ein beruhigendes und beruhigendes rosa Leuchten aus, das Ihnen beim Entspannen hilft. Mit zwei verschiedenen verfügbaren Lichtmodi können Sie das Licht durch fünf verschiedene Schattierungen stufenweise wechseln oder auswählen nur einer. Betreiben Sie das Licht mit 3x AA-Batterien (nicht im Lieferumfang enthalten). Das Axolotl Light ist eine tolle Ergänzung für das Zuhause eines jeden Gamers.||||||||||||||||||||||Non-Organic||||{'Inhalt': '1 Stk.', 'Produkttyp': 'Fan-Artikel'}||||||||||||||0|0|3013557_1.png|https://static.mueller.de/pdzoom/5056577714920-pv.webp|3013557_2.png|https://static.mueller.de/5056577714920-pd-3/pdzoom/minecraft-axolotl-leuchte.webp|3013557_3.png|https://static.mueller.de/5056577714920-pd-2/pdzoom/minecraft-axolotl-leuchte.webp|3013557_4.png|https://static.mueller.de/5056577714920-pd-1/pdzoom/minecraft-axolotl-leuchte.webp||||||||||||||||||||||||||1 Stk.|||False||3013557P|||||||||1
3013558|mueller||||||||2024-10-28|Disney Winnie Puuh Leuchte|||1|Stk.|Home|Multi-Media|Fanartikel|Disney Winnie Puuh Leuchte||||29,99 €|29,99 €||||||||||||||EUR|Home> Multi-Media> Fanartikel> Disney Winnie Puuh Leuchte|https://www.mueller.at/p/disney-winnie-puuh-leuchte-IPN3013558/|1 Stk.|Wenn Sie dieses Winnie the Pooh-Licht einschalten, ist Ihr Zuhause dort, wo der Honig ist. Die 16,5 cm (6,4 Zoll) hohe Leuchte hat die Form des liebenswerten gelben Bären aus dem Hundert-Morgen-Wald, der seinen geliebten Topf mit „Honig“ umklammert. Lassen Sie Pooh Ihrem Zuhause einen fröhlich-süßen Glanz verleihen. Betreiben Sie die Leuchte mit 2x AA-Batterien (nicht im Lieferumfang enthalten). Das Winnie Puuh-Licht verleiht Ihrer Inneneinrichtung eine bezaubernde Note. Disney-Fans werden es lieben.||||||||||||||||||||||Non-Organic||||{'Inhalt': '1 Stk.', 'Produkttyp': 'Fan-Artikel'}||||||||||||||0|0|3013558_1.png|https://static.mueller.de/pdzoom/5056577715057-pv.webp|3013558_2.png|https://static.mueller.de/5056577715057-pd-1/pdzoom/disney-winnie-puuh-leuchte.webp||||||||||||||||||||||||||||||1 Stk.|||False||3013558P|||||||||1
3013559|mueller||||||||2024-10-28|BODY&SOUL Gesichtsmassageroller|BODY&SOUL||1|Stk.|Home|Drogerie|Accessoires|Badaccessoires|Schwämme & Massage|BODY&SOUL Gesichtsmassageroller||8,99 €|8,99 €||||||||||||||EUR|Home> Drogerie> Accessoires> Badaccessoires> Schwämme & Massage> BODY&SOUL Gesichtsmassageroller|https://www.mueller.at/p/body-soul-gesichtsmassageroller-IPN3013559/|1 Stk.|Der Body&Soul Gesichtsmassageroller eignet sich besonders zur belebenden und wohltuenden Massage im Gesichts-, Hals- und Dekolleté-Bereich. Bei regelmäßiger Anwendung kann die Hautdurchblutung gefördert werden.||||||||||||||||||||||Non-Organic||||"{'Pflegehinweis': 'Nach dem Gebrauch mit klarem Wasser reinigen und an der Luft trocknen lassen.', 'manufacturer': 'InCase Handelsgesellschaft mbH', 'Herstelleradresse': 'Nordsternstraße 25, DE-45329 Essen', 'Kontaktmöglichkeit': 'service-incase@gmbh.de', 'Materialdetails': 'Acrylnitril-Butadien-Styrol-Copolymer,  Zink Legierung', 'Material': 'Acrylnitril-Butadien-Styrol-Copolymer|Zink', 'Anwendungshinweis': 'Das Gesicht und Dekolleté gründlich reinigen. anschließend den Roller langsam mit leichtem Druck über das Gesichts-. Hals- und Dekolleté-Bereich rollen.\nBei Bedarf kann zusätzlich ein Pflegeserum oder -Öl verwendet werden.', 'Breite': '16.5 cm', 'Tiefe': '6.5 cm', 'Länge': '2.8 cm', 'Inhalt': '1 Stk.', 'Produkttyp': 'Gesichtsmassage'}"||||||||Acrylnitril-Butadien-Styrol-Copolymer, Zink Legierung||||||0|0|3013559_1.png|https://static.mueller.de/pdzoom/2200301355986.webp|3013559_2.png|https://static.mueller.de/pdzoom/2200301355986_1.webp||||||||||||||Nach dem Gebrauch mit klarem Wasser reinigen und an der Luft trocknen lassen.||||||InCase Handelsgesellschaft mbH||||||||||1 Stk.|||True||3013559P|||||||||10
3013560|mueller||||||||2024-10-28|Playstation LED Neon Leuchte|||1|Stk.|Home|Multi-Media|Fanartikel|Playstation LED Neon Leuchte||||34,99 €|34,99 €||||||||||||||EUR|Home> Multi-Media> Fanartikel> Playstation LED Neon Leuchte|https://www.mueller.at/p/playstation-led-neon-leuchte-IPN3013560/|1 Stk.|"Bringen Sie mit dieser PlayStation Neon-Lampe einen spielerischen Glanz in Ihren Raum. Die 29,8 cm (11,7"") breite LED-Leuchte fängt die kultigen PlayStation Controller-Symbole - Dreieck, Kreis, Kreuz und Quadrat. Ob sie Wand montiert oder auf einem Regal platziert wird, sein lebendiges vierfarbiges Leuchten wird deine Hingabe zur Gaming-Welt demonstrieren. Die Leuchte wird über USB mit Strom versorgt (Kabel im Lieferumfang enthalten)."||||||||||||||||||||||Non-Organic||||{'Inhalt': '1 Stk.', 'Produkttyp': 'Fan-Artikel'}||||||||||||||0|0|3013560_1.png|https://static.mueller.de/pdzoom/5056577728118-pv.webp|3013560_2.png|https://static.mueller.de/5056577728118-pd-1/pdzoom/playstation-led-neon-leuchte.webp||||||||||||||||||||||||||||||1 Stk.|||True||3013560P|||||||||10
3013561|mueller||||||||2024-10-28|Marvel LED Neon Leuchte|||1|Stk.|Home|Multi-Media|Fanartikel|Marvel LED Neon Leuchte||||34,99 €|34,99 €||||||||||||||EUR|Home> Multi-Media> Fanartikel> Marvel LED Neon Leuchte|https://www.mueller.at/p/marvel-led-neon-leuchte-IPN3013561/|1 Stk.|Verleihen Sie Ihrem eigenen Superheldenparadies etwas heroisches Flair mit diesem Marvel-LED-Neonlicht. Das 30 cm breite LED-Licht fängt das mächtige Marvel-Logo in seiner vollen Pracht ein. Ob an der Wand montiert oder auf einem Regal platziert, sein knallrotes Leuchten verleiht Ihrem Raum eine eindrucksvolle Atmosphäre. Betreiben Sie das Licht über USB (Kabel im Lieferumfang enthalten). Das Marvel LED-Neonlicht bringt Superhelden-Geist in Ihr Zuhause.||||||||||||||||||||||Non-Organic||||{'Inhalt': '1 Stk.', 'Produkttyp': 'Fan-Artikel'}||||||||||||||0|0|3013561_1.png|https://static.mueller.de/pdzoom/5056577733273-pv.webp|3013561_2.png|https://static.mueller.de/5056577733273-pd-1/pdzoom/marvel-led-neon-leuchte.webp|3013561_3.png|https://static.mueller.de/5056577733273-pd-2/pdzoom/marvel-led-neon-leuchte.webp||||||||||||||||||||||||||||1 Stk.|||False||3013561P|||||||||1
3013562|mueller||||||||2024-10-28|Star Wars LED Neon Leuchte|||1|Stk.|Home|Multi-Media|Fanartikel|Star Wars LED Neon Leuchte||||34,99 €|34,99 €||||||||||||||EUR|Home> Multi-Media> Fanartikel> Star Wars LED Neon Leuchte|https://www.mueller.at/p/star-wars-led-neon-leuchte-IPN3013562/|1 Stk.|"Die Macht ist stark mit dieser gelb leuchtenden Star Wars LED-Neonleuchte. Die 30 cm (11,8"") breite LED-Leuchte fängt das legendäre Star Wars-Logo ein. Ob an der Wand oder auf einem Regal, ihr leuchtendes gelbes Licht hält die dunkle Seite in Schach und ist eine Hommage an die intergalaktische Saga. Die Leuchte wird über USB mit Strom versorgt (Kabel im Lieferumfang enthalten). Die Star Wars LED-Neonleuchte entführt dein Zuhause in eine weit, weit entfernte Galaxie."||||||||||||||||||||||Non-Organic||||{'Inhalt': '1 Stk.', 'Produkttyp': 'Fan-Artikel'}||||||||||||||0|0|3013562_1.png|https://static.mueller.de/pdzoom/5056577733259-pv.webp|3013562_2.png|https://static.mueller.de/5056577733259-pd-1/pdzoom/star-wars-led-neon-leuchte.webp||||||||||||||||||||||||||||||1 Stk.|||True||3013562P|||||||||10
3013565|mueller||||||||2024-10-28|Disney - König der Löwen Simba 3D Leuchte|||1|Stk.|Home|Multi-Media|Fanartikel|Disney - König der Löwen Simba 3D Leuchte||||29,99 €|29,99 €||||||||||||||EUR|Home> Multi-Media> Fanartikel> Disney - König der Löwen Simba 3D Leuchte|https://www.mueller.at/p/disney-koenig-der-loewen-simba-3d-leuchte-IPN3013565/|1 Stk.|Erhellen Sie Ihr Zimmer mit dem Geist des Pride Rock mit diesem Simba Light. Das 17,5 cm große 3D-Nachtlicht hat die Form des jungen Löwenjungen Simba aus Disneys Der König der Löwen. Ob auf dem Nachttisch oder auf einem Regal, dieses LED-Licht ist eine verspielte und gemütliche Ergänzung zu Ihrer Schlafenszeit-Routine. Betreiben Sie die Leuchte mit 2x AAA-Batterien (nicht im Lieferumfang enthalten). Das Simba-Licht bringt einen Hauch von Disney-Magie in Ihr Zuhause.||||||||||||||||||||||Non-Organic||||{'Inhalt': '1 Stk.', 'Produkttyp': 'Fan-Artikel'}||||||||||||||0|0|3013565_1.png|https://static.mueller.de/pdzoom/5056577728156-pv.webp||||||||||||||||||||||||||||||||1 Stk.|||False||3013565P|||||||||1
3013566|mueller||||||||2024-10-28|Hot Wheels Logo Leuchte|||1|Stk.|Home|Multi-Media|Fanartikel|Hot Wheels Logo Leuchte||||24,99 €|24,99 €||||||||||||||EUR|Home> Multi-Media> Fanartikel> Hot Wheels Logo Leuchte|https://www.mueller.at/p/hot-wheels-logo-leuchte-IPN3013566/|1 Stk.|Bringen Sie Ihr Zuhause mit dieser epischen Hot Wheels Flame Logo Light auf Touren. Das 31,3 cm breite, freistehende und an der Wand montierbare Leuchtschild ist die perfekte Hommage an Ihre Lieblingsautos aus der Kindheit! Mit dem flammenförmigen Hot Wheels-Logo und seinen leuchtenden Farben bringt es ein bisschen Nostalgie in Ihr Zuhause. Außerdem verfügt es über zwei Leuchtmodi - Phase an und pulsierendes Licht. Betreiben Sie die Leuchte mit USB (Kabel im Lieferumfang enthalten) oder mit 3x AAA-Batterien (nicht im Lieferumfang enthalten). Die Hot Wheels Logo-Leuchte ist eine tolle Ergänzung für das Kinderzimmer.||||||||||||||||||||||Non-Organic||||{'Inhalt': '1 Stk.', 'Produkttyp': 'Fan-Artikel'}||||||||||||||0|0|3013566_1.png|https://static.mueller.de/pdzoom/5056577729122-pv.webp||||||||||||||||||||||||||||||||1 Stk.|||False||3013566P|||||||||1
442982|mueller||||||||2024-10-28|rayher BROSCHENNADEL MIT STEG UND SV 20MM 6 STÜCK PLATIN 2225521|||6|Stk.|Home|Spielwaren|Kreativ & Basteln|Bastelsets|rayher BROSCHENNADEL MIT STEG UND SV 20MM 6 STÜCK PLATIN 2225521|||2,29 €|2,29 €|||||||||||3,82 € / 10 Stk.|||EUR|Home> Spielwaren> Kreativ & Basteln> Bastelsets> rayher BROSCHENNADEL MIT STEG UND SV 20MM 6 STÜCK PLATIN 2225521|https://www.mueller.at/p/rayher-broschennadel-mit-steg-und-sv-20mm-6-stueck-platin-2225521-442982/|6 Stk.|Rayher - BROSCHENNADEL MIT STEG UND SV 20MM 6 STÜCK PLATIN 2225521||||||||14 Jahre||||||||||||||Non-Organic||||"{'target_group': 'Jugendliche|Erwachsene', 'manufacturer': 'Rayher Hobby GmbH', 'Herstelleradresse': 'Fockestr. 15 ,88471 Laupheim', 'license': 'Rayher Schmuckzubehör Werkzeuge', 'Altersempfehlung ab': '14 Jahre', 'Inhalt': '6 Stk.', 'Produkttyp': 'Sonstiges Bastelzubehör'}"||||||||||||||0|0|442982_1.png|https://static.mueller.de/6700552865-PV-0/pdzoom/rayher-broschennadel-mit-steg-und-sv-20mm-6-stueck-platin-2225521.webp||||||||||||||||||||||Rayher Hobby GmbH||||||||||6 Stk.|||True||442982P|||||||||10
442984|mueller||||||||2024-10-28|rayher BROSCHENNADEL MIT STEG UND SV 25MM 6 STÜCK PLATIN 2225621|||6|Stk.|Home|Spielwaren|Kreativ & Basteln|Bastelsets|rayher BROSCHENNADEL MIT STEG UND SV 25MM 6 STÜCK PLATIN 2225621|||2,29 €|2,29 €|||||||||||3,82 € / 10 Stk.|||EUR|Home> Spielwaren> Kreativ & Basteln> Bastelsets> rayher BROSCHENNADEL MIT STEG UND SV 25MM 6 STÜCK PLATIN 2225621|https://www.mueller.at/p/rayher-broschennadel-mit-steg-und-sv-25mm-6-stueck-platin-2225621-442984/|6 Stk.|Rayher - BROSCHENNADEL MIT STEG UND SV 25MM 6 STÜCK PLATIN 2225621||||||||14 Jahre||||||||||||||Non-Organic||||"{'target_group': 'Jugendliche|Erwachsene', 'manufacturer': 'Rayher Hobby GmbH', 'Herstelleradresse': 'Fockestr. 15 ,88471 Laupheim', 'license': 'Rayher Schmuckzubehör Werkzeuge', 'Altersempfehlung ab': '14 Jahre', 'Inhalt': '6 Stk.', 'Produkttyp': 'Sonstiges Bastelzubehör'}"||||||||||||||0|0|442984_1.png|https://static.mueller.de/6700552866-PV-0/pdzoom/rayher-broschennadel-mit-steg-und-sv-25mm-6-stueck-platin-2225621.webp||||||||||||||||||||||Rayher Hobby GmbH||||||||||6 Stk.|||True||442984P|||||||||6
3013573|mueller||||||||2024-10-28|Minecraft Volume Alpha (Transparent Green Vinyl)|||1|Stk.|Home|Multi-Media|Musik|Filmmusik|Minecraft Volume Alpha (Transparent Green Vinyl)|||29,99 €|29,99 €||||||||||||||EUR|Home> Multi-Media> Musik> Filmmusik> Minecraft Volume Alpha (Transparent Green Vinyl)|https://www.mueller.at/p/minecraft-volume-alpha-transparent-green-vinyl-IPN3013573/|1 Stk.|||||||||||||||||||||||Non-Organic||||{'medium': 'LP (analog)', 'Künstler': 'C418', 'Inhalt': '1 Stk.', 'Anzahl Medien im Artikel': '1', 'genre': 'Soundtrack / Filmmusik', 'Label': 'GHOSTLY IN'}||||||||||||||0|0|3013573_1.png|https://static.mueller.de/pdzoom/phononet_0804297824338_pv_0804297824338-0600px-001.webp||||||||||||||||||||||||||||||||1 Stk.|||True||3013573P|||||||||5
3013574|mueller||||||||2024-10-28|Der Todesritt der gelben Katze - Kickbox Champ|||1|Stk.|Home|Multi-Media|Filme & TV|Action & Abenteuer|Der Todesritt der gelben Katze - Kickbox Champ|||29,99 €|29,99 €||||||||||||||EUR|Home> Multi-Media> Filme & TV> Action & Abenteuer> Der Todesritt der gelben Katze - Kickbox Champ|https://www.mueller.at/p/der-todesritt-der-gelben-katze-kickbox-champ-IPN3013574/|1 Stk.|Entführungen geschehen nicht alle Tage, doch ein paar Leute trifft's dann doch. So zum Beispiel die Schwester eines Schülers vom Vater seiner Tochter Liu Ying (Angela Mao), der wiederum sein Kung Fu-Lehrer ist. Um das Lösegeld aufzutreiben, spielt der Meister mit seiner Ehre und schickt seinen mittelmäßigen Schüler (Carter Wong) zum Turnier nach Thailand. Klar verliert der, und so liegt es an Liu Ying, das verlorene Gesicht zu retten und ihren Gegnern nochmal beide Augen zuzudrücken...|||||||||||||||Europa, Vorderasien, Afrika, Australien|||||||Non-Organic||||{'medium': 'Blu-ray Disc', 'manufacturer': '375 Media', 'Bildformat': 'HD', 'Inhalt': '1 Stk.', 'Produktionsjahr': '1974', 'Produktionsland': 'Hongkong', 'Regionalcode': 'Europa, Vorderasien, Afrika, Australien', 'Schauspieler': 'Angela Mao,Sammo Hung,Carter Wong,Corey Yuen,Yuen Biao,Eric Tsang', 'Special Edition': 'Nein', 'Hauptgenre': 'Eastern / Martial Arts'}||||||||||||||0|0|3013574_1.png|https://static.mueller.de/videojakob_4059251626985_pv_674324/pdzoom/der-todesritt-der-gelben-katze-kickbox-champ.webp||||||||||||||||||||||375 Media||||||||||1 Stk.|||True||3013574P|||||||||5
3013575|mueller||||||||2024-10-28|Sidekicks - Cover A|||1|Stk.|Home|Multi-Media|Filme & TV|Action & Abenteuer|Sidekicks - Cover A|||24,99 €|24,99 €||||||||||||||EUR|Home> Multi-Media> Filme & TV> Action & Abenteuer> Sidekicks - Cover A|https://www.mueller.at/p/sidekicks-cover-a-IPN3013575/|1 Stk.|Barry Gabrewski, ein asthmatischer, ungeschickter und schüchterner High-School-Student, flieht vor seinen Alltagsproblemen. Er träumt, wie er mit Chuck Norris die verwegendsten Abenteuer völlig unerschrocken durchsteht. Als Sidekicks ziehen Chuck und er durch die dampfigen Urwälder Vietnams und die glutheißen Wüsten des Südwestens, wo sie abscheuliche Gegner zunichte machen und schöne Frauen retten. Barry's sehnlichster Wunsch ist es, wie Chuck Norris zu sein. Aber die Realität sieht völlig anders aus: In der Schule ist er aufgrund seiner schlechten Kondition Außenseiter und das Lieblingsopfer des Schul-Tyrannen und Karate-Schülers Cellini. Barrys Vater, Arthur Grabrewski, versucht ihn deswegen an einer Karateschule anzumelden. Doch der Trainer setzt sie einfach vor die Tür. Einzig seine Lehrerin Noreen hat ein Herz für Barry. Sie schickt ihn zu ihrem Onkel Mr. Lee, einem zynischen Karatemeister und Trinker, aber mit der Fähigkeit, selbst hoffnungslose Fälle erfolgreich zu trainieren. Gestärkt durch die Unterstützung seiner neuen Freunde trainiert er wie ein Besessener Karate und nimmt eine kämpferische Herausforderung Cellins an. Es gibt nur ein Problem: Um an dem Turnier offiziell teilnehmen zu können, brauchen sie noch einen 4. Mann. Und der kommt - in Gestalt von Chuck Norris persönlich. Ein atemberaubendes Duell beginnt.....|||||||||||||||Europa, Vorderasien, Afrika, Australien|||||||Non-Organic||||"{'medium': 'Blu-ray Disc', 'Untertitel': 'Deutsch,Englisch', 'manufacturer': '375 Media', 'Bildformat': '16:9|HD', 'Zusatzinfos / Bonusmaterial beim Film dabei': 'Extras: \nTrailer zum Film (4:34 Min.), Bildergalerie (1:33 Min.)', 'Inhalt': '1 Stk.', 'Laufzeit in min (gesamt)': '97', 'Produktionsjahr': '1992', 'Produktionsland': 'USA', 'Regionalcode': 'Europa, Vorderasien, Afrika, Australien', 'Regisseur': 'Aaron Norris', 'Schauspieler': 'Chuck Norris,Jonathan Brandis,Danica McKellar,Richard Moll,John Buchanan,Dennis Burkley,Joe Piscopo,Julia Nickson-Soul', 'Special Edition': 'Nein', 'Tonformat-Sprache': 'Deutsch,Englisch', 'Hauptgenre': 'Action'}"||||||||||||||0|0|3013575_1.png|https://static.mueller.de/videojakob_4059251638339_pv_674327/pdzoom/sidekicks-cover-a.webp||||||||||||||||||||||375 Media||||||||||1 Stk.|||True||3013575P|||||||||5
3013576|mueller||||||||2024-10-28|Sidekicks|||1|Stk.|Home|Multi-Media|Filme & TV|Action & Abenteuer|Sidekicks|||14,99 €|14,99 €||||||||||||||EUR|Home> Multi-Media> Filme & TV> Action & Abenteuer> Sidekicks|https://www.mueller.at/p/sidekicks-IPN3013576/|1 Stk.|Barry Gabrewski, ein asthmatischer, ungeschickter und schüchterner High-School-Student, flieht vor seinen Alltagsproblemen. Er träumt, wie er mit Chuck Norris die verwegendsten Abenteuer völlig unerschrocken durchsteht. Als Sidekicks ziehen Chuck und er durch die dampfigen Urwälder Vietnams und die glutheißen Wüsten des Südwestens, wo sie abscheuliche Gegner zunichte machen und schöne Frauen retten. Barry's sehnlichster Wunsch ist es, wie Chuck Norris zu sein. Aber die Realität sieht völlig anders aus: In der Schule ist er aufgrund seiner schlechten Kondition Außenseiter und das Lieblingsopfer des Schul-Tyrannen und Karate-Schülers Cellini. Barrys Vater, Arthur Grabrewski, versucht ihn deswegen an einer Karateschule anzumelden. Doch der Trainer setzt sie einfach vor die Tür. Einzig seine Lehrerin Noreen hat ein Herz für Barry. Sie schickt ihn zu ihrem Onkel Mr. Lee, einem zynischen Karatemeister und Trinker, aber mit der Fähigkeit, selbst hoffnungslose Fälle erfolgreich zu trainieren. Gestärkt durch die Unterstützung seiner neuen Freunde trainiert er wie ein Besessener Karate und nimmt eine kämpferische Herausforderung Cellins an. Es gibt nur ein Problem: Um an dem Turnier offiziell teilnehmen zu können, brauchen sie noch einen 4. Mann. Und der kommt - in Gestalt von Chuck Norris persönlich. Ein atemberaubendes Duell beginnt.....||||||||||||||||||||||Non-Organic||||{'medium': 'DVD', 'Untertitel': 'Deutsch,Englisch', 'manufacturer': '375 Media', 'Bildformat': '16:9', 'Zusatzinfos / Bonusmaterial beim Film dabei': 'Trailer; Bildergalerie; Wendecover;', 'Inhalt': '1 Stk.', 'Laufzeit in min (gesamt)': '97', 'Produktionsjahr': '1992', 'Produktionsland': 'USA', 'Regisseur': 'Aaron Norris', 'Schauspieler': 'Chuck Norris,Jonathan Brandis,Danica McKellar,Richard Moll,John Buchanan,Dennis Burkley,Joe Piscopo,Julia Nickson-Soul', 'Special Edition': 'Nein', 'Tonformat-Sprache': 'Deutsch,Englisch', 'packaging_type': 'Softbox', 'Hauptgenre': 'Action'}||||||||||||||0|0|3013576_1.png|https://static.mueller.de/videojakob_4059251638360_pv_674332/pdzoom/sidekicks.webp|3013576_2.png|https://static.mueller.de/pdzoom/videojakob_4059251638360_pr_674332-back.webp||||||||||||||||||||375 Media||||||||||1 Stk.|||True||3013576P|||||||||3
3013577|mueller||||||||2024-10-28|Lady Hunter|||1|Stk.|Home|Multi-Media|Filme & TV|Action & Abenteuer|Lady Hunter|||14,99 €|14,99 €||||||||||||||EUR|Home> Multi-Media> Filme & TV> Action & Abenteuer> Lady Hunter|https://www.mueller.at/p/lady-hunter-IPN3013577/|1 Stk.|Grace (Cynthia Luster) und Ellen (Moon Lee) haben den Auftrag. als Animierdamen in einem Nachtclub getarnt, den gefährlichen Sex-Killer zu stellen. Der Clubbesitzer ist der Anführer des Syndikats. Er heuert einen Killer an, der seinen Teilhaber beseitigen soll. Die beiden versuchen dies zu verhindern und werden in unglaubliche Kämpfe verwickelt. Als Grace auf eigene Faust den Killer ausschalten will, wird sie getötet und so muß Ellen, auf sich allein gestellt, nur mit ihren Fäusten als tödliche Waffe, den verzweifelten Kampf gegen ihre unerbittlichen Feinde aufnehmen...||||||||||||||||||||||Non-Organic||||"{'medium': 'DVD', 'manufacturer': '375 Media', 'Bildformat': 'Widescreen', 'Zusatzinfos / Bonusmaterial beim Film dabei': 'Bonus: Hongkong Fassung (O-Ton mit EN UT), Trailer', 'Inhalt': '1 Stk.', 'Laufzeit in min (gesamt)': '90', 'Produktionsjahr': '1993', 'Regisseur': 'Lee Juan Nan', 'Schauspieler': 'Cynthia Luster,Moon Lee,Sophia Crawford,Y.K. Kim', 'Special Edition': 'Nein', 'Tonformat-Sprache': 'Deutsch,Englisch', 'packaging_type': 'Softbox', 'Hauptgenre': 'Action|Eastern / Martial Arts'}"||||||||||||||0|0|3013577_1.png|https://static.mueller.de/videojakob_4059251624745_pv_673034/pdzoom/lady-hunter.webp|3013577_2.png|https://static.mueller.de/pdzoom/videojakob_4059251624745_pr_673034-back.webp||||||||||||||||||||375 Media||||||||||1 Stk.|||True||3013577P|||||||||5
3013578|mueller||||||||2024-10-28|Das Serum des Grauens|||1|Stk.|Home|Multi-Media|Filme & TV|Horror|Das Serum des Grauens|||19,99 €|19,99 €||||||||||||||EUR|Home> Multi-Media> Filme & TV> Horror> Das Serum des Grauens|https://www.mueller.at/p/das-serum-des-grauens-IPN3013578/|1 Stk.|Wissenschaftler Kevin Dornwinkle, ein geisteskranker und pervers veranlagter Irrer, entwickelt ein Serum, mit dem er unsichtbar wird. Doch seine Kollegen schenken ihm keinen Glauben und lachen ihn aus. Er richtet sie auf brutalste Weise hin. Später wird er an einer Highschool Physiklehrer. Für seine Schüler ist der verschrobene Typ auch nicht mehr als eine Lachnummer. Auch die heißen Bräute der Schule stehen so gar nicht auf ihn. Das lässt der sonderbare Kautz nicht auf sich sitzen: Seine Rache wird gnadenlos...|||||||||||||||Europa, Vorderasien, Afrika, Australien|||||||Non-Organic||||{'medium': 'Blu-ray Disc', 'manufacturer': '375 Media', 'Bildformat': 'HD', 'Inhalt': '1 Stk.', 'Produktionsjahr': '1990', 'Produktionsland': 'USA', 'Regionalcode': 'Europa, Vorderasien, Afrika, Australien', 'Regisseur': 'Adam Rifkin', 'Schauspieler': 'Savannah', 'Special Edition': 'Nein', 'Hauptgenre': 'Horror'}||||||||||||||0|0|3013578_1.png|https://static.mueller.de/videojakob_4059251634829_pv_674335/pdzoom/das-serum-des-grauens.webp||||||||||||||||||||||375 Media||||||||||1 Stk.|||True||3013578P|||||||||5
3013581|mueller||||||||2024-10-28|Creepshow 2|||1|Stk.|Home|Multi-Media|Filme & TV|Horror|Creepshow 2|||17,99 €|17,99 €||||||||||||||EUR|Home> Multi-Media> Filme & TV> Horror> Creepshow 2|https://www.mueller.at/p/creepshow-2-IPN3013581/|1 Stk.|"Drei fantastische Horror-Geschichten von Stephen King und George A. Romero, mit einem gewaltigen Schuss makabrem Humors! 

Mehr oder minder zufällig erbeutet ein Kleinganove bei einem seiner Raubzüge eine an und für sich wertlose Indianerfigur. Doch die wird plötzlich lebendig und übt Rache für den eigenen Diebstahl. Zwei Pärchen feiern bei Einbruch der Dunkelheit auf einem Floß mit reichlich Alkohol und nur spärlich bekleidet. Im Licht der schwindenden Sonne fällt ihnen eine Art Ölteppich auf dem Wasser auf. Erst denken sie sich nichts dabei. Doch als sich der ""Teppich"" sein erstes Opfer holt wissen sie, dass sie mitten auf dem See gefangen sind! 
Eine einsame Landstraße, mitten in der Nacht. Eine Frau fährt gedankenverloren, bis ein lauter Knall sie aus ihrenTräumen holt: sie hat einen Mann überfahren. Doch der denkt nicht daran, einfach nur tot zu sein. Er will sich für die Unachtsamkeit revanchieren und beginnt eine gnadenlose Jagd auf die Frau mit nur einem Ziel: Sie soll ihn ins Jenseits begleiten."|||||||||||||||Europa, Vorderasien, Afrika, Australien|||||||Non-Organic||||"{'medium': 'Blu-ray Disc', 'Untertitel': 'Deutsch', 'manufacturer': '375 Media', 'Bildformat': '16:9|HD', 'Zusatzinfos / Bonusmaterial beim Film dabei': 'Extras:\nAudiokommentar von Perry Martin und Regisseur Michael Gornick\nOriginaltrailer (1:40 Min.)\nDeutscher Trailer (1:14 Min.)\nNightmare in a Foam Rubber (32:17 Min.)\nInfos zum Film (11 Textseiten)\nLaufzeit Bonus: 35 Min', 'Inhalt': '1 Stk.', 'Laufzeit in min (gesamt)': '89', 'Produktionsjahr': '1986', 'Produktionsland': 'USA', 'Regionalcode': 'Europa, Vorderasien, Afrika, Australien', 'Regisseur': 'Michael Gornick,Stephen (Buch) King,George A. Romero,Stephen King', 'Schauspieler': 'George Kennedy,Dorothy Lamour,Tom Savini,Lois Chiles,Paul Satterfield,Daniel Beer,Tom Wright,Page Hannah,Jeremy Green', 'Special Edition': 'Nein', 'Tonformat-Sprache': 'Deutsch,Englisch,Englisch', 'Hauptgenre': 'Horror'}"||||||||||||||0|0|3013581_1.png|https://static.mueller.de/videojakob_4059251639381_pv_674337/pdzoom/creepshow-2.webp||||||||||||||||||||||375 Media||||||||||1 Stk.|||True||3013581P|||||||||4
3013582|mueller||||||||2024-10-28|Ein Himmelhund von einem Schnüffler|||1|Stk.|Home|Multi-Media|Filme & TV|Familienfilme|Ein Himmelhund von einem Schnüffler|||9,99 €|9,99 €||||||||||||||EUR|Home> Multi-Media> Filme & TV> Familienfilme> Ein Himmelhund von einem Schnüffler|https://www.mueller.at/p/ein-himmelhund-von-einem-schnueffler-IPN3013582/|1 Stk.|Detektive, die selbst schwierige Fälle mit eleganter Lässigkeit lösen, gibt es zuhauf. Diejenigen aber, die sogar ihren eigen Mordfall aufklären, sind selten. Einer von ihnen: Benjamin Brownin, ein junger Londoner Detektiv. Kaum hat der Leibwächter den Schutz der attraktiven Patricia übernommen, wird diese auch schon meuchlings ermordet, er selbst folgt ihr mit einem Messer im Rücken wenig später ins Nirvana nach. Doch der Himmel hat für ihn eine Überraschung parat. Da weder der Mord an Patrizia noch an ihm geklärt ist, wird Benjamin kurzerhand auf die Erde geschickt, allerdings in Gestalt eines Hundes und mit dem Kosenamen Benji versehen. Mit Unterstützung einer ehrgeizigen Boulevard Journalistin nimmt der kriminalitische Vierbeiner die Fahndung auf. Nach einigen geradezu viehischen Verwicklungen und amourösen Abenteuern ist er den Tätern auf der Spur, gelingt es ihm nicht zuletzt durch seinen tierischen Riecher den Fall zu lösen.||||||||||||||||||||||Non-Organic||||"{'medium': 'DVD', 'manufacturer': '375 Media', 'Bildformat': '16:9', 'Zusatzinfos / Bonusmaterial beim Film dabei': 'Extras:\nUSA Kino-Trailer (2:13 Min.)\nBenji Trailershow (13:33 Min.)\nHinter den Kulissen mit Benji (24:57 Min.)\nShow-Auftritte von Benji (25:04 Min.', 'Inhalt': '1 Stk.', 'Laufzeit in min (gesamt)': '99', 'Produktionsjahr': '1980', 'Regisseur': 'Joe Camp', 'Schauspieler': 'Chevy Chase,Jane Seymour,Omar Sharif,Robert Morley,Benji', 'Special Edition': 'Nein', 'Tonformat-Sprache': 'Deutsch,Englisch', 'Hauptgenre': 'Komödie|Tierfilm (Spielfilm)'}"||||||||||||||0|0|3013582_1.png|https://static.mueller.de/videojakob_0798003098444_pv_674341/pdzoom/ein-himmelhund-von-einem-schnueffler.webp||||||||||||||||||||||375 Media||||||||||1 Stk.|||True||3013582P|||||||||5
3013510|mueller||||||||2024-10-28|RAUSCH Anti-Pollution-Spray mit Schweizer Apfel|RAUSCH||100|ml|Home|Drogerie|Pflege|Haarpflege|Haarpflege|Haarspülung|RAUSCH Anti-Pollution-Spray mit Schweizer Apfel|12,95 €|12,95 €|||||||||||129,50 € / 1 l|||EUR|Home> Drogerie> Pflege> Haarpflege> Haarpflege> Haarspülung> RAUSCH Anti-Pollution-Spray mit Schweizer Apfel|https://www.mueller.at/p/rausch-anti-pollution-spray-mit-schweizer-apfel-IPN3013510/|100 ml|"Sag hallo zum Sofort-Schutz für umweltbelastetes Haar, der Deine Mähne vor Umweltbelastungen bewahrt, mit Frische versorgt und sie auch zwischendurch vitalisierend nach spritzig-frischem Apfel duften lässt!
Luftverschmutzung und Umweltpartikel wie Pollen haben negative Auswirkungen auf uns Menschen – auch auf Kopfhaut und Haar. Denn die Haare wirken wie ein Partikelfänger: Sie fühlen sich durch die Umweltpartikel stumpf an und riechen unangenehm. Auf Dauer leidet darunter die Haarstruktur, die Kopfhaut juckt. Genau deshalb gibt es das Anti-Pollution-Spray mit Schweizer Apfel. Als Ergänzung zum Peeling-Shampoo und dem Shampoo aus der gleichen Linie ist es der perfekte Schutzschild für jeden Tag. Dafür sorgt ein innovativer Anti-Pollution-Wirkstoff im Spray, der Deine Haare umhüllt und so das Anhaften von neuen schädlichen Partikeln verhindert.
Aber das ist noch nicht alles – die geheime Zutat des Power-Sprays sind die wertvollen hauseigenen Extrakte aus Gerstengras, Brennnessel und Schweizer Apfel. Letzterer wird im Frühling aus Jungäpfeln aus dem Thurgau gewonnen, einem Nebenprodukt des Obstanbaus. Auch sonst schöpft das Spray seine Kraft aus der Natur: Die vegane und silikonfreie Rezeptur besteht zu 97% aus Inhaltsstoffen natürlichen Ursprungs. Die praktische Sprüh-Flasche passt in jede Tasche – damit du den süchtig machenden Duft nach spritzig-frischem Apfel und einem Hauch von Pfirsich jederzeit mit dabeihast und den Schutz auffrischen kannst. Ein verlässlicher Begleiter für deinen hektischen Alltag, der Dein Haar von den Wurzeln bis zu den Spitzen schützt. 

Anti-Pollution-Spray für Sofortschutz und Frische
Mit Anti-Pollution-Wirkstoff, der das Anhaften neuer Partikel verhindert
Hergestellt in der Schweiz mit einem hauseigenen Extrakt von Schweizer Jungäpfeln sowie Gerstengras und Brennnessel
Silikonfrei, vegan und mit 97% Inhaltsstoffen natürlichen Ursprungs
Praktisch zur Auffrischung für zwischendurch
"||zwischen 15°C und 25°C lagern||||||||||||||||||||Non-Organic||||"{'Lagerhinweis': 'zwischen 15°C und 25°C lagern', 'Effekt': 'schützend|pflegend', 'hair_type': 'alle Haartypen', 'target_group': 'Damen|Herren|Unisex', 'manufacturer': 'RAUSCH AG KREUZLINGEN', 'Herstelleradresse': 'Bärenstrasse 12, 8280 Kreuzlingen, Schweiz', 'Kontaktmöglichkeit': 'info@rausch.ch', 'dermatologically_tested': 'Ja', 'Anwendungshinweis': 'Einige Pumpstösse auf dem handtuchtrockenen oder trockenen Haar verteilen. Sanft einkneten und nicht ausspülen.', 'package_contents': 'Aqua, Polyquaternium-6, Urtica Dioica Extract, Malus Domestica Callus Extract, Urtica Dioica Root Extract, Hordeum Vulgare Leaf Extract, Caesalpinia Spinosa Fruit Pod Extract, Helianthus Annuus Sprout Extract, Panthenyl Ethyl Ether, Glycerin, Caprylyl Glycol, Polyquaternium-47, VP/DMAPA Acrylates Copolymer, Lauryl Methyl Gluceth-10 Hydroxypropyldimonium Chloride, PEG-40 Hydrogenated Castor Oil, Alcohol Denat., Propylene Glycol, Sodium Hydroxide, Denatonium Benzoate, Phenoxyethanol, Sodium Benzoate, Parfum', 'product_property': 'PH neutral|pflegend|schützend', 'Inhalt': '100 ml', 'Produkttyp': 'Haarspülung & Conditioner'}"||||||||||||||0|0|3013510_1.png|https://static.mueller.de/pdzoom/7621500127535.webp|3013510_2.png|https://static.mueller.de/pdzoom/7621500127535_1.webp|3013510_3.png|https://static.mueller.de/pdzoom/7621500127535_4.webp|3013510_4.png|https://static.mueller.de/pdzoom/7621500127535_3.webp|3013510_5.png|https://static.mueller.de/pdzoom/7621500127535_2.webp||||||||||||||RAUSCH AG KREUZLINGEN||||||||||100 ml|Aqua, Polyquaternium-6, Urtica Dioica Extract, Malus Domestica Callus Extract, Urtica Dioica Root Extract, Hordeum Vulgare Leaf Extract, Caesalpinia Spinosa Fruit Pod Extract, Helianthus Annuus Sprout Extract, Panthenyl Ethyl Ether, Glycerin, Caprylyl Glycol, Polyquaternium-47, VP/DMAPA Acrylates Copolymer, Lauryl Methyl Gluceth-10 Hydroxypropyldimonium Chloride, PEG-40 Hydrogenated Castor Oil, Alcohol Denat., Propylene Glycol, Sodium Hydroxide, Denatonium Benzoate, Phenoxyethanol, Sodium Benzoate, Parfum||True||3013510P|||||||||10
3013511|mueller||||||||2024-10-28|"Nostalgic-Art Blechschild 15 x 20 cm ""VW Parking Only"""|NOSTALGIC ART||1|Stk.|Home|Haushalt|Wohnen & Dekorieren|Bilder & Rahmen|"Nostalgic-Art Blechschild 15 x 20 cm ""VW Parking Only"""|||9,95 €|9,95 €||||||||||||||EUR|"Home> Haushalt> Wohnen & Dekorieren> Bilder & Rahmen> Nostalgic-Art Blechschild 15 x 20 cm ""VW Parking Only"""|https://www.mueller.at/p/nostalgic-art-blechschild-15-x-20-cm-vw-parking-only-IPN3013511/|1 Stk.|"Blechschilder sind beliebte Retro-Objekte, die Stil und Persönlichkeit in die eigenen vier Wände bringen. Viele der Motive wecken Erinnerungen an die ""gute alte Zeit"" und zaubern einen Hauch von Nostalgie in den Hobbykeller, die Garage oder ins Wohnzimmer. Ob als Geschenk für Ihre Liebsten oder für Ihr Zuhause – Ein schönes dekoratives Blechschild im Format 15 x 20 cm erwartet Sie. Das entspricht in etwa der Größe DIN A5. Das Schild ist in Deutschland gefertigt und überzeugt auf Stahlblech mit einer hochwertigen Verarbeitung ""Made in Germany"". Das Material steht für Qualität und Langlebigkeit und hebt sich deutlich von Alternativen wie Postern oder Plastikprodukten ab. In einem sehr feinen Raster werden die Farben direkt auf das Metall gedruckt. Das Resultat ist ein gestochen scharfes Bild und brillante Farben. Zusätzlicher Schutzlack erhöht die Langlebigkeit und verleiht dem Motiv einen schönen Glanz. Auf mehreren Ebenen werden bestimmte Teile des Motivs dreidimensional hervorgehoben. Diese sogenannte Motivprägung lässt das Design besonders plastisch wirken. So hebt sich dieses Blechschild deutlich von einfachen Plastikprodukten ab. In allen vier Ecken befinden sich unauffällige vorgebohrte Löcher. So können Sie das Schild ganz einfach mit Nägeln an der Wand anbringen. Abgerundete Ecken und umgeschlagene Kanten runden den hochwertigen Gesamteindruck ab."||||||||||||||||||||||Non-Organic||||{'Pflegehinweis': 'spuelmaschinen_geeignet', 'manufacturer': 'Nostalgic-Art Merchandising GmbH', 'Herstelleradresse': 'Am Borsigturm 156, 13507 Berlin', 'Inhalt': '1 Stk.'}||||||||||||||0|0|3013511_1.png|https://static.mueller.de/pdzoom/4036113261690.webp|3013511_2.png|https://static.mueller.de/pdzoom/4036113261690_01.webp|3013511_3.png|https://static.mueller.de/pdzoom/4036113261690_03.webp|3013511_4.png|https://static.mueller.de/pdzoom/4036113261690_02.webp||||||||||spuelmaschinen_geeignet||||||Nostalgic-Art Merchandising GmbH||||||||||1 Stk.|||True||3013511P|||||||||10
2879634|mueller||||||||2024-10-28|Folge 220: Im Wald der Gefahren|||1|Stk.|Home|Multi-Media|Musik|Hörspiele|Folge 220: Im Wald der Gefahren|||7,99 €|7,99 €||||||||||||||EUR|Home> Multi-Media> Musik> Hörspiele> Folge 220: Im Wald der Gefahren|https://www.mueller.at/p/folge-220-im-wald-der-gefahren-IPN2879634/|1 Stk.|||||||||||||||||||||||Non-Organic||||{'medium': 'CD', 'Künstler': 'Die drei ???', 'Inhalt': '1 Stk.', 'Anzahl Medien im Artikel': '1', 'genre': 'Hörspiel (Kinder)', 'Label': 'SME Famil'}||||||||||||||0|0|2879634_1.png|https://static.mueller.de/pdzoom/phononet_0196587411121_pv_0196587411121-0600px-001.webp|2879634_2.png|https://static.mueller.de/pdzoom/phononet_0196587411121_pr_0196587411121-0600px-002.webp||||||||||||||||||||||||||||||1 Stk.|||True||2879634P|||||||||5
3013512|mueller||||||||2024-10-28|"Nostalgic-Art Blechschild 15 x 20 cm ""BMW - Parking Only Blue"""|NOSTALGIC ART||1|Stk.|Home|Haushalt|Wohnen & Dekorieren|Bilder & Rahmen|"Nostalgic-Art Blechschild 15 x 20 cm ""BMW - Parking Only Blue"""|||9,95 €|9,95 €||||||||||||||EUR|"Home> Haushalt> Wohnen & Dekorieren> Bilder & Rahmen> Nostalgic-Art Blechschild 15 x 20 cm ""BMW - Parking Only Blue"""|https://www.mueller.at/p/nostalgic-art-blechschild-15-x-20-cm-bmw-parking-only-blue-IPN3013512/|1 Stk.|"Blechschilder sind beliebte Retro-Objekte, die Stil und Persönlichkeit in die eigenen vier Wände bringen. Viele der Motive wecken Erinnerungen an die ""gute alte Zeit"" und zaubern einen Hauch von Nostalgie in den Hobbykeller, die Garage oder ins Wohnzimmer. Ob als Geschenk für Ihre Liebsten oder für Ihr Zuhause – Ein schönes dekoratives Blechschild im Format 15 x 20 cm erwartet Sie. Das entspricht in etwa der Größe DIN A5. Das Schild ist in Deutschland gefertigt und überzeugt auf Stahlblech mit einer hochwertigen Verarbeitung ""Made in Germany"". Das Material steht für Qualität und Langlebigkeit und hebt sich deutlich von Alternativen wie Postern oder Plastikprodukten ab. In einem sehr feinen Raster werden die Farben direkt auf das Metall gedruckt. Das Resultat ist ein gestochen scharfes Bild und brillante Farben. Zusätzlicher Schutzlack erhöht die Langlebigkeit und verleiht dem Motiv einen schönen Glanz. Auf mehreren Ebenen werden bestimmte Teile des Motivs dreidimensional hervorgehoben. Diese sogenannte Motivprägung lässt das Design besonders plastisch wirken. So hebt sich dieses Blechschild deutlich von einfachen Plastikprodukten ab. In allen vier Ecken befinden sich unauffällige vorgebohrte Löcher. So können Sie das Schild ganz einfach mit Nägeln an der Wand anbringen. Abgerundete Ecken und umgeschlagene Kanten runden den hochwertigen Gesamteindruck ab."||||||||||||||||||||||Non-Organic||||{'Pflegehinweis': 'spuelmaschinen_geeignet', 'manufacturer': 'Nostalgic-Art Merchandising GmbH', 'Herstelleradresse': 'Am Borsigturm 156, 13507 Berlin', 'Inhalt': '1 Stk.'}||||||||||||||0|0|3013512_1.png|https://static.mueller.de/pdzoom/4036113261775.webp|3013512_2.png|https://static.mueller.de/pdzoom/4036113261775_03.webp|3013512_3.png|https://static.mueller.de/pdzoom/4036113261775_02.webp|3013512_4.png|https://static.mueller.de/pdzoom/4036113261775_01.webp||||||||||spuelmaschinen_geeignet||||||Nostalgic-Art Merchandising GmbH||||||||||1 Stk.|||True||3013512P|||||||||10
2879635|mueller||||||||2024-10-28|Folge 34: Ein kalter Wintertag|||1|Stk.|Home|Multi-Media|Musik|Hörspiele|Folge 34: Ein kalter Wintertag|||6,99 €|6,99 €||||||||||||||EUR|Home> Multi-Media> Musik> Hörspiele> Folge 34: Ein kalter Wintertag|https://www.mueller.at/p/folge-34-ein-kalter-wintertag-IPN2879635/|1 Stk.|||||||||||||||||||||||Non-Organic||||{'medium': 'CD', 'Künstler': 'Peppa Pig Hörspiele', 'Inhalt': '1 Stk.', 'Anzahl Medien im Artikel': '1', 'genre': 'Hörspiel (Kinder)', 'Label': 'SME Famil'}||||||||||||||0|0|2879635_1.png|https://static.mueller.de/pdzoom/phononet_0194398860220_pv_0194398860220-0600px-001.webp|2879635_2.png|https://static.mueller.de/pdzoom/phononet_0194398860220_pr_0194398860220-0600px-002.webp||||||||||||||||||||||||||||||1 Stk.|||True||2879635P|||||||||5
3013513|mueller||||||||2024-10-28|"Nostalgic-Art Blechschild 15 x 20 cm ""Gin & Tonic Served Here"""|NOSTALGIC ART||1|Stk.|Home|Haushalt|Wohnen & Dekorieren|Bilder & Rahmen|"Nostalgic-Art Blechschild 15 x 20 cm ""Gin & Tonic Served Here"""|||9,95 €|9,95 €||||||||||||||EUR|"Home> Haushalt> Wohnen & Dekorieren> Bilder & Rahmen> Nostalgic-Art Blechschild 15 x 20 cm ""Gin & Tonic Served Here"""|https://www.mueller.at/p/nostalgic-art-blechschild-15-x-20-cm-gin-tonic-served-here-IPN3013513/|1 Stk.|"Blechschilder sind beliebte Retro-Objekte, die Stil und Persönlichkeit in die eigenen vier Wände bringen. Viele der Motive wecken Erinnerungen an die ""gute alte Zeit"" und zaubern einen Hauch von Nostalgie in den Hobbykeller, die Garage oder ins Wohnzimmer. Ob als Geschenk für Ihre Liebsten oder für Ihr Zuhause – Ein schönes dekoratives Blechschild im Format 15 x 20 cm erwartet Sie. Das entspricht in etwa der Größe DIN A5. Das Schild ist in Deutschland gefertigt und überzeugt auf Stahlblech mit einer hochwertigen Verarbeitung ""Made in Germany"". Das Material steht für Qualität und Langlebigkeit und hebt sich deutlich von Alternativen wie Postern oder Plastikprodukten ab. In einem sehr feinen Raster werden die Farben direkt auf das Metall gedruckt. Das Resultat ist ein gestochen scharfes Bild und brillante Farben. Zusätzlicher Schutzlack erhöht die Langlebigkeit und verleiht dem Motiv einen schönen Glanz. Auf mehreren Ebenen werden bestimmte Teile des Motivs dreidimensional hervorgehoben. Diese sogenannte Motivprägung lässt das Design besonders plastisch wirken. So hebt sich dieses Blechschild deutlich von einfachen Plastikprodukten ab. In allen vier Ecken befinden sich unauffällige vorgebohrte Löcher. So können Sie das Schild ganz einfach mit Nägeln an der Wand anbringen. Abgerundete Ecken und umgeschlagene Kanten runden den hochwertigen Gesamteindruck ab."||||||||||||||||||||||Non-Organic||||{'Pflegehinweis': 'spuelmaschinen_geeignet', 'manufacturer': 'Nostalgic-Art Merchandising GmbH', 'Herstelleradresse': 'Am Borsigturm 156, 13507 Berlin', 'Inhalt': '1 Stk.'}||||||||||||||0|0|3013513_1.png|https://static.mueller.de/pdzoom/4036113262666.webp|3013513_2.png|https://static.mueller.de/pdzoom/4036113262666_01.webp|3013513_3.png|https://static.mueller.de/pdzoom/4036113262666_02.webp|3013513_4.png|https://static.mueller.de/pdzoom/4036113262666_03.webp||||||||||spuelmaschinen_geeignet||||||Nostalgic-Art Merchandising GmbH||||||||||1 Stk.|||False||3013513P|||||||||1
3013515|mueller||||||||2024-10-28|"Nostalgic-Art Blechschild 15 x 20 cm ""Achtung Teenager WLAN"""|NOSTALGIC ART||1|Stk.|Home|Haushalt|Wohnen & Dekorieren|Bilder & Rahmen|"Nostalgic-Art Blechschild 15 x 20 cm ""Achtung Teenager WLAN"""|||9,95 €|9,95 €||||||||||||||EUR|"Home> Haushalt> Wohnen & Dekorieren> Bilder & Rahmen> Nostalgic-Art Blechschild 15 x 20 cm ""Achtung Teenager WLAN"""|https://www.mueller.at/p/nostalgic-art-blechschild-15-x-20-cm-achtung-teenager-wlan-IPN3013515/|1 Stk.|"Blechschilder sind beliebte Retro-Objekte, die Stil und Persönlichkeit in die eigenen vier Wände bringen. Viele der Motive wecken Erinnerungen an die ""gute alte Zeit"" und zaubern einen Hauch von Nostalgie in den Hobbykeller, die Garage oder ins Wohnzimmer. Ob als Geschenk für Ihre Liebsten oder für Ihr Zuhause – Ein schönes dekoratives Blechschild im Format 15 x 20 cm erwartet Sie. Das entspricht in etwa der Größe DIN A5. Das Schild ist in Deutschland gefertigt und überzeugt auf Stahlblech mit einer hochwertigen Verarbeitung ""Made in Germany"". Das Material steht für Qualität und Langlebigkeit und hebt sich deutlich von Alternativen wie Postern oder Plastikprodukten ab. In einem sehr feinen Raster werden die Farben direkt auf das Metall gedruckt. Das Resultat ist ein gestochen scharfes Bild und brillante Farben. Zusätzlicher Schutzlack erhöht die Langlebigkeit und verleiht dem Motiv einen schönen Glanz. Auf mehreren Ebenen werden bestimmte Teile des Motivs dreidimensional hervorgehoben. Diese sogenannte Motivprägung lässt das Design besonders plastisch wirken. So hebt sich dieses Blechschild deutlich von einfachen Plastikprodukten ab. In allen vier Ecken befinden sich unauffällige vorgebohrte Löcher. So können Sie das Schild ganz einfach mit Nägeln an der Wand anbringen. Abgerundete Ecken und umgeschlagene Kanten runden den hochwertigen Gesamteindruck ab."||||||||||||||||||||||Non-Organic||||{'Pflegehinweis': 'spuelmaschinen_geeignet', 'manufacturer': 'Nostalgic-Art Merchandising GmbH', 'Herstelleradresse': 'Am Borsigturm 156, 13507 Berlin', 'Inhalt': '1 Stk.'}||||||||||||||0|0|3013515_1.png|https://static.mueller.de/pdzoom/4036113262963.webp|3013515_2.png|https://static.mueller.de/pdzoom/4036113262963_03.webp|3013515_3.png|https://static.mueller.de/pdzoom/4036113262963_02.webp|3013515_4.png|https://static.mueller.de/pdzoom/4036113262963_01.webp||||||||||spuelmaschinen_geeignet||||||Nostalgic-Art Merchandising GmbH||||||||||1 Stk.|||True||3013515P|||||||||10
2879638|mueller||||||||2024-10-28|REASON-PHOTOB-JEWEL|||1|Stk.|Home|Multi-Media|Musik|K-Pop|REASON-PHOTOB-JEWEL|||12,99 €|12,99 €||||||||||||||EUR|Home> Multi-Media> Musik> K-Pop> REASON-PHOTOB-JEWEL|https://www.mueller.at/p/reason-photob-jewel-IPN2879638/|1 Stk.|"Reason ist ein Album von Monsta X, das 2023 veröffentlicht wurde. Reason enthält u.a. folgende Tracks: ""Beautiful Liar"", ""Daydream"", ""Crescendo"", ""Lone Ranger"" und mehr. Das K-Pop-Album ist in folgenden Konfigurationen erhältlich:CD, Fotobuch, MC / bei zwei oder mehreren Abbildungen ist eine Vorauswahl nicht möglich. Es wird zufällig eine Version ausgewählt."||||||||||||||||||||||Non-Organic||||{'medium': 'CD', 'Künstler': 'Monsta X', 'Inhalt': '1 Stk.', 'genre': 'K-Pop'}||||||||||||||0|0|2879638_1.png|https://static.mueller.de/pdzoom/8804775253706-pv-neu.webp||||||||||||||||||||||||||||||||1 Stk.|||False||2879638P|||||||||1
442952|mueller||||||||2024-10-28|Das Beste|||1|Stk.|Home|Multi-Media|Musik|Pop|Das Beste|||5,99 €|5,99 €||||||||||||||EUR|Home> Multi-Media> Musik> Pop> Das Beste|https://www.mueller.at/p/das-beste-442952/|1 Stk.|||||||||||||||||||||||Non-Organic||||{'medium': 'CD', 'Künstler': 'Rojas,Leo', 'Inhalt': '1 Stk.', 'Anzahl Medien im Artikel': '1', 'genre': 'Pop international', 'Label': 'SONY MUSIC'}||||||||||||||5.0|1|442952_1.png|https://static.mueller.de/pdzoom/phononet_0888430238626_pv_0888430238626-0600px-001.webp|442952_2.png|https://static.mueller.de/pdzoom/phononet_0888430238626_pr_0888430238626-0600px-002.webp|442952_3.png|https://static.mueller.de/486695697-PR-1/pdzoom/das-beste.webp||||||||||||||||||||||||||||1 Stk.|||True||442952P|||||||||5
3013516|mueller||||||||2024-10-28|"Nostalgic-Art Vorratsdose L ""VW Bulli - Let's Get Away"""|NOSTALGIC ART||1|Stk.|Home|Haushalt|Kochen & Backen|Aufbewahrung|Vorratsdosen|"Nostalgic-Art Vorratsdose L ""VW Bulli - Let's Get Away"""||12,95 €|12,95 €||||||||||||||EUR|"Home> Haushalt> Kochen & Backen> Aufbewahrung> Vorratsdosen> Nostalgic-Art Vorratsdose L ""VW Bulli - Let's Get Away"""|https://www.mueller.at/p/nostalgic-art-vorratsdose-l-vw-bulli-lets-get-away-IPN3013516/|1 Stk.|Diese Vorratsdose schafft Platz und Ordnung im Regal und sieht dabei auch noch besonders gut aus. Das hübsche Motiv kommt durch den mattschimmernden Druck toll zur Geltung. Die Dose ist aus stabilem, sauberem Blech gefertigt – und natürlich lebensmittelecht. Der vollständig abnehmbare Deckel schließt schön fest, so dass Ihr Kaffee und Ihre Lebensmittel noch lange frisch bleiben. Bestimmte Bereiche des Designs sind dreidimensional hervorgehoben. Diese Motivprägung verleiht der Dose eine angenehme Haptik und lässt das schöne Motiv besonders plastisch wirken. Natürlich ist diese Dose auch ein schönes Geschenk – überraschen Sie Ihre Lieben mit einer besonderen Vorratsdose. Mit einer Größe von 10 x 14 x 20 cm bietet die Dose viel Platz zur Aufbewahrung und hat ein Fassungsvermögen von ca. 3 l. Das nostalgische Bulli-Motiv versprüht einen wunderschönen Retro Charme und ist ein echter Blickfang - egal ob als Vorratsdose in der Küche, für Waschmittel im Badezimmer oder als Geschenkverepackung.||||||||||||||||||||||Non-Organic||||{'Pflegehinweis': 'spuelmaschinen_geeignet', 'manufacturer': 'Nostalgic-Art Merchandising GmbH', 'Herstelleradresse': 'Am Borsigturm 156, 13507 Berlin', 'Inhalt': '1 Stk.'}||||||||||||||0|0|3013516_1.png|https://static.mueller.de/pdzoom/4036113301365.webp|3013516_2.png|https://static.mueller.de/pdzoom/4036113301365_01.webp||||||||||||||spuelmaschinen_geeignet||||||Nostalgic-Art Merchandising GmbH||||||||||1 Stk.|||True||3013516P|||||||||4
3013517|mueller||||||||2024-10-28|"Nostalgic-Art Vorratsdose L ""Pasta Variety"""|NOSTALGIC ART||1|Stk.|Home|Haushalt|Kochen & Backen|Aufbewahrung|Vorratsdosen|"Nostalgic-Art Vorratsdose L ""Pasta Variety"""||12,95 €|12,95 €||||||||||||||EUR|"Home> Haushalt> Kochen & Backen> Aufbewahrung> Vorratsdosen> Nostalgic-Art Vorratsdose L ""Pasta Variety"""|https://www.mueller.at/p/nostalgic-art-vorratsdose-l-pasta-variety-IPN3013517/|1 Stk.|Diese Vorratsdose schafft Platz und Ordnung im Regal und sieht dabei auch noch besonders gut aus. Das hübsche Motiv kommt durch den mattschimmernden Druck toll zur Geltung. Die Dose ist aus stabilem, sauberem Blech gefertigt – und natürlich lebensmittelecht. Der vollständig abnehmbare Deckel schließt schön fest, so dass Ihr Kaffee und Ihre Lebensmittel noch lange frisch bleiben. Bestimmte Bereiche des Designs sind dreidimensional hervorgehoben. Diese Motivprägung verleiht der Dose eine angenehme Haptik und lässt das schöne Motiv besonders plastisch wirken. Natürlich ist diese Dose auch ein schönes Geschenk – überraschen Sie Ihre Lieben mit einer besonderen Vorratsdose. Mit einer Größe von 10 x 14 x 20 cm bietet die Dose viel Platz zur Aufbewahrung und hat ein Fassungsvermögen von ca. 3 l. Das nostalgische Pasta-Motiv versprüht einen wunderschönen Dolce Vita Charme und ist ein echter Blickfang - egal ob als Vorratsdose in der Küche oder als Geschenkverpackung.||||||||||||||||||||||Non-Organic||||{'Pflegehinweis': 'spuelmaschinen_geeignet', 'manufacturer': 'Nostalgic-Art Merchandising GmbH', 'Herstelleradresse': 'Am Borsigturm 156, 13507 Berlin', 'Inhalt': '1 Stk.'}||||||||||||||0|0|3013517_1.png|https://static.mueller.de/pdzoom/4036113301587.webp|3013517_2.png|https://static.mueller.de/pdzoom/4036113301587_01.webp||||||||||||||spuelmaschinen_geeignet||||||Nostalgic-Art Merchandising GmbH||||||||||1 Stk.|||True||3013517P|||||||||8
3013518|mueller||||||||2024-10-28|"Nostalgic-Art Vorratsdose Flach ""Tea & Cookies Together"""|NOSTALGIC ART||1|Stk.|Home|Haushalt|Kochen & Backen|Aufbewahrung|Vorratsdosen|"Nostalgic-Art Vorratsdose Flach ""Tea & Cookies Together"""||12,95 €|12,95 €||||||||||||||EUR|"Home> Haushalt> Kochen & Backen> Aufbewahrung> Vorratsdosen> Nostalgic-Art Vorratsdose Flach ""Tea & Cookies Together"""|https://www.mueller.at/p/nostalgic-art-vorratsdose-flach-tea-cookies-together-IPN3013518/|1 Stk.|Diese Vorratsdose schafft Platz und Ordnung im Regal und sieht dabei auch noch besonders gut aus. Das hübsche Motiv kommt durch den mattschimmernden Druck toll zur Geltung. Die Dose ist aus stabilem, sauberen Blech gefertigt - und natürlich lebensmittelecht. Ob Sie daher nun Kekse, Backzutaten oder andere Kleinigkeiten darin aufbewahren, liegt ganz bei Ihnen. Mit einer Größe von 23 x 16 x 7cm bietet die Dose viel Platz zur Aufbewahrung und hat ein Fassungsvermögen von ca. 2,5 L. Der praktische Scharnierdeckel schließt angenehm fest. So bleibt der Inhalt gut geschützt und frisch. Übrigens: auch als Geschenkverpackung macht diese Dose eine gute Figur - probieren Sie es aus!||||||||||||||||||||||Non-Organic||||{'Pflegehinweis': 'spuelmaschinen_geeignet', 'manufacturer': 'Nostalgic-Art Merchandising GmbH', 'Herstelleradresse': 'Am Borsigturm 156, 13507 Berlin', 'Inhalt': '1 Stk.'}||||||||||||||0|0|3013518_1.png|https://static.mueller.de/pdzoom/4036113307589.webp|3013518_2.png|https://static.mueller.de/pdzoom/4036113307589_01.webp||||||||||||||spuelmaschinen_geeignet||||||Nostalgic-Art Merchandising GmbH||||||||||1 Stk.|||True||3013518P|||||||||10
442956|mueller||||||||2024-10-28|Fesch|||1|Stk.|Home|Multi-Media|Musik|Pop|Fesch|||7,99 €|7,99 €||||||||||||||EUR|Home> Multi-Media> Musik> Pop> Fesch|https://www.mueller.at/p/fesch-442956/|1 Stk.|||||||||||||||||||||||Non-Organic||||{'medium': 'CD', 'Künstler': 'Seer', 'Inhalt': '1 Stk.', 'Anzahl Medien im Artikel': '1', 'genre': 'Austro Pop', 'Label': 'SONY MUSIC'}||||||||||||||0|0|442956_1.png|https://static.mueller.de/pdzoom/phononet_0888750712424_pv_0888750712424-0600px-001.webp|442956_2.png|https://static.mueller.de/pdzoom/phononet_0888750712424_pr_0888750712424-0600px-002.webp|442956_3.png|https://static.mueller.de/486551360-PR-1/pdzoom/fesch.webp||||||||||||||||||||||||||||1 Stk.|||True||442956P|||||||||5
36489|mueller||||||||2024-10-28|Jurassic World (+ Blu-ray)|||1|Stk.|Home|Multi-Media|Filme & TV|Action & Abenteuer|Jurassic World  (+ Blu-ray)|||7,00 €|7,00 €||||||||||||||EUR|Home> Multi-Media> Filme & TV> Action & Abenteuer> Jurassic World  (+ Blu-ray)|https://www.mueller.at/p/jurassic-world-blu-ray-36489/|1 Stk.|"Eine der größten Kino-Erfolgsgeschichten aller Zeiten geht in die nächste Runde: Vor 22 Jahren schuf John Hammond einen Vergnügungspark, in dem echte Dinosaurier zu bestaunen waren. Heute, viele Tausende Besucher später, hat die ""Jurassic World"" nichts von ihrer Faszination verloren. Doch hinter Spiel und Spaß lauert der Tod. Als ein genetisch veränderter, böser und unberechenbarer Dinosaurier ausbricht, droht die ""Jurassic World"" im Chaos zu versinken. Für Owen und Claire beginnt ein Kampf auf Leben und Tod."||||||||||||||||||||||Non-Organic||||"{'medium': 'Blu-ray 3D', 'Untertitel': 'Deutsch,Englisch,Arabisch,Dänisch,Finnisch,Französisch,Hindi,Isländisch,Italienisch,Holländisch,Norwegisch,Portugiesisch,Schwedisch,Spanisch', 'manufacturer': 'Universal Pictures Germany GmbH', 'Bildformat': 'HD|Widescreen', 'Zusatzinfos / Bonusmaterial beim Film dabei': 'Deleted Scenes;\nChris & Colin sprechen über Jurassic World;\nMaking of;\nHinter den Kulissen;\nInnovation Center Tour mit Chris Pratt;', 'Inhalt': '1 Stk.', 'Laufzeit in min (gesamt)': '124', 'Produktionsjahr': '2014', 'Produktionsland': 'USA', 'Regisseur': 'Colin Trevorrow', 'Schauspieler': 'Chris Pratt,Bryce Dallas Howard,Ty Simpkins,Jake Johnson,Nick Robinson,Irfan Khan', 'Special Edition': 'Nein', 'Tonformat-Sprache': 'Deutsch,Französisch,Hindi,Italienisch,Spanisch,Englisch', 'packaging_type': 'Softbox im Schuber', 'Hauptgenre': 'Abenteuer'}"||||||||||||||0|0|36489_1.png|https://static.mueller.de/videojakob_5053083051501_pv_461852/pdzoom/jurassic-world-blu-ray.webp|36489_2.png|https://static.mueller.de/pdzoom/videojakob_5053083051501_pr_461852-back.webp|36489_3.png|https://static.mueller.de/videojakob_5053083051501_pd_37836408/pdzoom/jurassic-world-blu-ray.webp|36489_4.png|https://static.mueller.de/videojakob_5053083051501_pd_37836971/pdzoom/jurassic-world-blu-ray.webp|36489_5.png|https://static.mueller.de/videojakob_5053083051501_pd_37837471/pdzoom/jurassic-world-blu-ray.webp|36489_6.png|https://static.mueller.de/videojakob_5053083051501_pd_37837799/pdzoom/jurassic-world-blu-ray.webp||||||||||||Universal Pictures Germany GmbH||||||||||1 Stk.|||True||36489P|||||||||5
153543|mueller||||||||2024-10-28|Charlotte Meentzen CONTOUR LIFT Serum Anti-Pigmentierung|CHARLOTTE MEENTZEN||50|ml|Home|Parfümerie|Pflege|Gesichtspflege|Spezialpflege|Seren & Ampullen|Charlotte Meentzen CONTOUR LIFT Serum Anti-Pigmentierung|47,40 €|47,40 €|||||||||||948,00 € / 1 l|||EUR|Home> Parfümerie> Pflege> Gesichtspflege> Spezialpflege> Seren & Ampullen> Charlotte Meentzen CONTOUR LIFT Serum Anti-Pigmentierung|https://www.mueller.at/p/charlotte-meentzen-contour-lift-serum-anti-pigmentierung-153543/|50 ml|"Das Pflegeserum mit effizienten Wirkstoffen mindert die Sichtbarkeit von Pigmentflecken und sorgt bei langfristiger Anwendung für einen gleichmäßigen und strahlenden Teint. Ein Extrakt aus der Strandlilie und die spezielle Kombination chinesischer Pflanzenauszüge regulieren die Melaninproduktion und mildern bestehende Pigmentflecken. Die Haut wird vor oxidativem Stress als Folge von UV-Strahlung und anderen Umwelteinflüssen geschützt. Mohnöl regeneriert und verwöhnt die Haut, Linien und Fältchen werden reduziert. 
Das leichte Serum zieht schnell ein und hinterlässt ein angenehmes Hautgefühl."||||||||||||||||||||||Non-Organic||||"{'PH-Hautneutral': 'Nein', 'target_group': 'Damen', 'manufacturer': 'Charlotte Meentzen Kräutervital Kosmetik GmbH', 'Herstelleradresse': 'Carl-Eschenbach-Str. 10, 01454 Radeberg', 'Kontaktmöglichkeit': 'info@meentzen.de', 'dermatologically_tested': 'Ja', 'Anwendungshinweis': 'Morgens und abends auf die gereinigte Haut auftragen. Anschließend die gewohnte Pflegecreme verwenden. Für optimale Ergebnisse 4 bis 8 Wochen täglich verwenden.', 'package_contents': 'Aqua (Water), Dicaprylyl Carbonate, Propanediol, Cetearyl Alcohol, Glycerin, Panthenol, Jojoba Esters, Tocopheryl Acetate, Papaver Orientale (Poppy) Seed Oil, Pancratium Maritimum Extract, Astragalus Membranaceus Root Extract, Atractyloides Macrocephala Root Extract, Bupleurum Falcatum Root Extract, Phenoxyethanol, Helianthus Annuus (Sunflower) Seed Wax, Synthetic Fluorphlogopite, CI 77891 (Titanium Dioxide), Xanthan Gum, Trisodium Ethylenediamine Disuccinate, Sodium Stearoyl Glutamate, Parfum (Fragrance), Ethylhexylglycerin, Acacia Decurrens Flower Wax, Polyglycerin-3, Gellan Gum, o-Cymen-5-ol, Citric Acid, Tocopherol, Alcohol, Linalool, Caprylic/Capric Triglyceride, Hexyl Cinnamal, Benzyl Salicylate, Ascorbyl Palmitate, Limonene, Ascorbic Acid.', 'skin_type': 'reife Haut|anspruchsvolle Haut', 'product_property': 'feuchtigkeitsspendend|glättend|Pigmentflecken aufhellend|hautbildverfeinernd|regenerierend|straffend', 'Inhalt': '50 ml', 'scope_of_application': 'Spezialpflege', 'Produkttyp': 'Serum'}"||||||||||||||0|0|153543_1.png|https://static.mueller.de/5334995226-PV-0/pdzoom/charlotte-meentzen-contour-lift-serum-anti-pigmentierung.webp|153543_2.png|https://static.mueller.de/5334995226-VV-1/pdzoom/charlotte-meentzen-contour-lift-serum-anti-pigmentierung.webp||||||||||||||||||||Charlotte Meentzen Kräutervital Kosmetik GmbH||||||||||50 ml|Aqua (Water), Dicaprylyl Carbonate, Propanediol, Cetearyl Alcohol, Glycerin, Panthenol, Jojoba Esters, Tocopheryl Acetate, Papaver Orientale (Poppy) Seed Oil, Pancratium Maritimum Extract, Astragalus Membranaceus Root Extract, Atractyloides Macrocephala Root Extract, Bupleurum Falcatum Root Extract, Phenoxyethanol, Helianthus Annuus (Sunflower) Seed Wax, Synthetic Fluorphlogopite, CI 77891 (Titanium Dioxide), Xanthan Gum, Trisodium Ethylenediamine Disuccinate, Sodium Stearoyl Glutamate, Parfum (Fragrance), Ethylhexylglycerin, Acacia Decurrens Flower Wax, Polyglycerin-3, Gellan Gum, o-Cymen-5-ol, Citric Acid, Tocopherol, Alcohol, Linalool, Caprylic/Capric Triglyceride, Hexyl Cinnamal, Benzyl Salicylate, Ascorbyl Palmitate, Limonene, Ascorbic Acid.||True||153543P|||||||||2
61452|mueller||||||||2024-10-28|DURABLE Prospekthülle|DURABLE||10|Stk.|Home|Schreibwaren|Büro|Ordner & Mappen|Zubehör|DURABLE Prospekthülle||4,99 €|4,99 €|||||||||||4,99 € / 10 Stk.|||EUR|Home> Schreibwaren> Büro> Ordner & Mappen> Zubehör> DURABLE Prospekthülle|https://www.mueller.at/p/durable-prospekthuelle-61452/|10 Stk.|Prospekthülle. Ausführung: dokumentenecht, Lochrandverstärkung vorhanden. Anordnung der Lage der Öffnungsseite: oben offen. Ausführung der Lochung: Universallochung an linker Schmalseite. Verwendung für Papierformate: DIN A3 auf DIN A4 gefalzt. Werkstoff: PP. Seidenmatt. Stärke: 0,06 mm. Farbe: transparent. Art der Verpackung und Inhalt: Beutel mit 10 Stück.||||||||||||||||||||||Non-Organic||||{'scope_of_delivery': '10', 'Material': 'Polypropylen', 'Inhalt': '10 Stk.', 'Produkttyp': 'Zubehör'}||||||||||||||0|0|61452_1.png|https://static.mueller.de/6002707600-PV-0/pdzoom/durable-prospekthuelle.webp||||||||||||||||||||||||||||||||10 Stk.|||True||61452P|||||||||10
61453|mueller||||||||2024-10-28|DURABLE Sichthüllen A4 glasklar 10 Stück|DURABLE||10|Stk.|Home|Schreibwaren|Büro|Ordner & Mappen|Zubehör|DURABLE Sichthüllen A4 glasklar 10 Stück||2,79 €|2,79 €|||||||||||2,79 € / 10 Stk.|||EUR|Home> Schreibwaren> Büro> Ordner & Mappen> Zubehör> DURABLE Sichthüllen A4 glasklar 10 Stück|https://www.mueller.at/p/durable-sichthuellen-a4-glasklar-10-stueck-61453/|10 Stk.|Sichthülle. Ausführung: dokumentenecht, Hüllen strapazierfähig, Greifausschnitt vorhanden. Verwendung für Papierformate: A4. Werkstoff: PP. Stärke: 0,12 mm. Farbe: glasklar. Art der Verpackung und Inhalt: Beutel mit 10 Stück.||||||||||||||||||||||Non-Organic||||{'Material': 'Polypropylen', 'Farbe': 'glasklar', 'Inhalt': '10 Stk.', 'Produkttyp': 'Zubehör'}||||||glasklar||||||||0|0|61453_1.png|https://static.mueller.de/6486233716-PV-0/pdzoom/durable-sichthuellen-a4-glasklar-10-stueck.webp||||||||||||||||||||||||||||||||10 Stk.|||True||61453P|||||||||10
2458637|mueller||||||||2024-10-28|Inspector Barnaby Vol. 29 [4 DVDs]|||1|Stk.|Home|Multi-Media|Filme & TV|Thriller & Mystery|Inspector Barnaby Vol. 29  [4 DVDs]|||19,99 €|19,99 €||||||||||||||EUR|Home> Multi-Media> Filme & TV> Thriller & Mystery> Inspector Barnaby Vol. 29  [4 DVDs]|https://www.mueller.at/p/inspector-barnaby-vol-29-4-dvds-2458637/|1 Stk.|In Vol. 29 mit 4 spannenden Kriminalfällen, stellt Inspektor Barnaby (Neil Dudgeon) wieder einmal seine Fähigkeiten unter Beweis und ermittelt zusammen mit seinem Sergeant DS Jamie Winter (Nick Hendrix). So sind eine lokale Tiershow, die  sich  als  Tatort  entpuppt  und  ein  Mädchen,  das  auf  rätselhafte  Weise  von  einem  Jane  Austen  Wochenende  verschwindet, erst der Anfang von neuen mysteriösen Fällen.||||||||||||||||||||||Non-Organic||||"{'medium': 'DVD', 'manufacturer': 'Edel Music & Entertainment GmbH', 'Bildformat': '16:9', 'Inhalt': '1 Stk.', 'Laufzeit in min (gesamt)': '360', 'Produktionsland': 'Großbritannien', 'Schauspieler': 'Angela Griffin,Michael Byrne,Nick Hendrix', 'Special Edition': 'Nein', 'Tonformat-Sprache': 'Deutsch,Englisch', 'Hauptgenre': 'TV-Serie|Thriller & Krimi|Romanverfilmung'}"||||||||||||||0|0|2458637_1.png|https://static.mueller.de/videojakob_4029759129011_pv_556255/pdzoom/inspector-barnaby-vol-29-4-dvds.webp|2458637_2.png|https://static.mueller.de/pdzoom/videojakob_4029759129011_pr_556255-back.webp||||||||||||||||||||Edel Music & Entertainment GmbH||||||||||1 Stk.|||True||2458637P|||||||||5
3013520|mueller||||||||2024-10-28|"Nostalgic-Art Aromadose ""Coffee Sack"""|NOSTALGIC ART||1|Stk.|Home|Haushalt|Kochen & Backen|Aufbewahrung|Vorratsdosen|"Nostalgic-Art Aromadose ""Coffee Sack"""||12,95 €|12,95 €||||||||||||||EUR|"Home> Haushalt> Kochen & Backen> Aufbewahrung> Vorratsdosen> Nostalgic-Art Aromadose ""Coffee Sack"""|https://www.mueller.at/p/nostalgic-art-aromadose-coffee-sack-IPN3013520/|1 Stk.|"Diese Vorratsdose schafft Platz und Ordnung im Regal und sieht dabei auch noch besonders gut aus. Das hübsche Motiv kommt durch den matt schimmernden Druck toll zur Geltung.

Die Dose ist aus stabilem und sauberem Blech gefertigt – und natürlich lebensmittelecht. Der hochwertige Stahlbügelverschluss verschließt die Dose schön fest. Zusätzlich sorgt eine Kunststoffdichtung im Inneren des Metall-Deckels dafür, dass Ihr Tee und Kaffee schön aromatisch und frisch bleiben.

Bestimmte Bereiche des Designs sind dreidimensional hervorgehoben. Diese Motivprägung verleiht der Dose eine angenehme Haptik und lässt das schöne Motiv besonders plastisch wirken.

Eine Dose, für den täglichen Gebrauch, sollte gut verarbeitet sein, ansprechend aussehen und eine angenehme Griffigkeit haben. Diese Dose ist daher hochwertig bedruckt, sieht dank der Mattlack-Veredelung und den geprägten Bereichen wirklich toll aus und ist bewusst ""klein gehalten"". Ein Pfund Kaffee kann sie wunderbar aufbewahren."||||||||||||||||||||||Non-Organic||||{'Pflegehinweis': 'spuelmaschinen_geeignet', 'manufacturer': 'Nostalgic-Art Merchandising GmbH', 'Herstelleradresse': 'Am Borsigturm 156, 13507 Berlin', 'Inhalt': '1 Stk.'}||||||||||||||0|0|3013520_1.png|https://static.mueller.de/pdzoom/4036113311203.webp|3013520_2.png|https://static.mueller.de/pdzoom/4036113311203_01.webp||||||||||||||spuelmaschinen_geeignet||||||Nostalgic-Art Merchandising GmbH||||||||||1 Stk.|||False||3013520P|||||||||1
3013521|mueller||||||||2024-10-28|"Nostalgic-Art Aromadose ""Harley-Davidson - Genuine Motorcycles Milwaukee"""|NOSTALGIC ART||1|Stk.|Home|Haushalt|Kochen & Backen|Aufbewahrung|Vorratsdosen|"Nostalgic-Art Aromadose ""Harley-Davidson - Genuine Motorcycles Milwaukee"""||12,95 €|12,95 €||||||||||||||EUR|"Home> Haushalt> Kochen & Backen> Aufbewahrung> Vorratsdosen> Nostalgic-Art Aromadose ""Harley-Davidson - Genuine Motorcycles Milwaukee"""|https://www.mueller.at/p/nostalgic-art-aromadose-harley-davidson-genuine-motorcycles-milwaukee-IPN3013521/|1 Stk.|"Diese Vorratsdose schafft Platz und Ordnung im Regal und sieht dabei auch noch besonders gut aus. Das hübsche Motiv kommt durch den matt schimmernden Druck toll zur Geltung.

Die Dose ist aus stabilem und sauberem Blech gefertigt – und natürlich lebensmittelecht. Der hochwertige Stahlbügelverschluss verschließt die Dose schön fest. Zusätzlich sorgt eine Kunststoffdichtung im Inneren des Metall-Deckels dafür, dass Ihr Tee und Kaffee schön aromatisch und frisch bleiben.

Bestimmte Bereiche des Designs sind dreidimensional hervorgehoben. Diese Motivprägung verleiht der Dose eine angenehme Haptik und lässt das schöne Motiv besonders plastisch wirken.

Eine Dose, für den täglichen Gebrauch, sollte gut verarbeitet sein, ansprechend aussehen und eine angenehme Griffigkeit haben. Diese Dose ist daher hochwertig bedruckt, sieht dank der Mattlack-Veredelung und den geprägten Bereichen wirklich toll aus und ist bewusst ""klein gehalten"". Ein Pfund Kaffee kann sie wunderbar aufbewahren."||||||||||||||||||||||Non-Organic||||{'Pflegehinweis': 'spuelmaschinen_geeignet', 'manufacturer': 'Nostalgic-Art Merchandising GmbH', 'Herstelleradresse': 'Am Borsigturm 156, 13507 Berlin', 'Inhalt': '1 Stk.'}||||||||||||||0|0|3013521_1.png|https://static.mueller.de/pdzoom/4036113311326.webp|3013521_2.png|https://static.mueller.de/pdzoom/4036113311326_01.webp||||||||||||||spuelmaschinen_geeignet||||||Nostalgic-Art Merchandising GmbH||||||||||1 Stk.|||True||3013521P|||||||||8
2879647|mueller||||||||2024-10-28|Folge 152: und das Geheimnis der Kelly Brüder|||1|Stk.|Home|Multi-Media|Musik|Hörspiele|Folge 152: und das Geheimnis der Kelly Brüder|||3,33 €|3,33 €||||||||||||||EUR|Home> Multi-Media> Musik> Hörspiele> Folge 152: und das Geheimnis der Kelly Brüder|https://www.mueller.at/p/folge-152-und-das-geheimnis-der-kelly-brueder-IPN2879647/|1 Stk.|||||||||||||||||||||||Non-Organic||||{'medium': 'CD', 'Künstler': 'Fünf Freunde', 'Inhalt': '1 Stk.', 'Anzahl Medien im Artikel': '1', 'genre': 'Hörspiel (Kinder)', 'Label': 'SME Famil'}||||||||||||||0|0|2879647_1.png|https://static.mueller.de/pdzoom/phononet_0196587453121_pv_0196587453121-0600px-001.webp|2879647_2.png|https://static.mueller.de/pdzoom/phononet_0196587453121_pr_0196587453121-0600px-002.webp||||||||||||||||||||||||||||||1 Stk.|||False||2879647P|||||||||1
3013526|mueller||||||||2024-10-28|101 Origami falten|||1|Stk.|Home|Spielwaren|Buch & Schulbedarf|Kinder- & Jugendbücher|101 Origami falten|||9,30 €|9,30 €||||||||||||||EUR|Home> Spielwaren> Buch & Schulbedarf> Kinder- & Jugendbücher> 101 Origami falten|https://www.mueller.at/p/101-origami-falten-IPN3013526/|1 Stk.|"In diesem Buch stecken zehn einfache Anleitungen für verschiedene Origami-Figuren und unglaubliche 101 bunte Musterpapiere. 

Schritt für Schritt entstehen zauberhafte Seerosen oder kunterbunte Schmetterlinge. Jedes Origami-Papier ist mit verschiedenen Mustern gestaltet und lässt sich dank perforierter Seiten leicht heraustrennen, sodass einzigartige Figuren entstehen. Mit etwas Geduld wirst du bald zum Origamiprofi.

Fang einfach an und falte stolze Kraniche, lustige Krabben und wunderschöne Blüten!

Viele Stunden Bastelspaß mit beliebten Origami-Figuren für Kinder ab 7 Jahren"||||||||||||||||||||||Non-Organic||||{'target_group': 'Grundschüler', 'license': '0', 'genre': 'Kreatives Gestalten', 'publisher': 'Carlsen Verlag', 'Einband': 'Softcover', 'publishing_year': '2024', 'Inhalt': '1 Stk.', 'ISBN Ausgangsbuch': '9783551191960', 'Produkttyp': 'Kinder- & Jugendbücher', 'page_number': '240'}||||||||||||||0|0|3013526_1.png|https://static.mueller.de/pdzoom/9783551191960.webp|3013526_2.png|https://static.mueller.de/pdzoom/9783551191960_innenansicht_06.webp|3013526_3.png|https://static.mueller.de/pdzoom/9783551191960_innenansicht_05.webp|3013526_4.png|https://static.mueller.de/pdzoom/9783551191960_innenansicht_02.webp|3013526_5.png|https://static.mueller.de/pdzoom/9783551191960_innenansicht_03.webp|3013526_6.png|https://static.mueller.de/pdzoom/9783551191960_innenansicht_01.webp||||||||||||||||||||||1 Stk.|||True||3013526P|||||||||10
3013528|mueller||||||||2024-10-28|Conni-Bilderbuch-Sammelband: Meine Freundin Conni: Schlaf schön, Conni!|||1|Stk.|Home|Spielwaren|Buch & Schulbedarf|Kinder- & Jugendbücher|Conni-Bilderbuch-Sammelband: Meine Freundin Conni: Schlaf schön, Conni!|||16,50 €|16,50 €||||||||||||||EUR|Home> Spielwaren> Buch & Schulbedarf> Kinder- & Jugendbücher> Conni-Bilderbuch-Sammelband: Meine Freundin Conni: Schlaf schön, Conni!|https://www.mueller.at/p/conni-bilderbuch-sammelband-meine-freundin-conni-schlaf-schoen-conni-IPN3013528/|1 Stk.|"Einschlafen kinderleicht gemacht!

Nach einem langen Tag ist Conni müde. Kein Wunder, sie hat ja auch so viel erlebt. Und was gibt es besseres, als den Tag mit einer Gutenachtgeschichte ausklingen zu lassen? Wie gut, dass dieser schöne Sammelband gleich vier niedliche und lehrreiche Conni-Geschichten enthält, die perfekt auf die Bedürfnisse unserer Kleinkinder zugeschnitten sind: Conni kann nicht einschlafen, Conni besucht Oma und Opa, Conni schläft im Kindergarten und Conni übernachtet bei Julia.

Das perfekte Buch für das allabendliche Vorleseritual.

Wunderschöner Sammelband mit 4 tollen Conni-Gutenachtgeschichten
Perfekt fürs allabendliche Vorlesen beim Zubettgehen
Reflektiert den Kinderalltag & hilft Conni-Fans, in den Schlaf zu finden


Die Conni-Bilderbücher: kleine Alltagsgeschichten aus der Welt von Vorschulkindern:  

Thematisch dicht an der Lebenswelt von 3- bis 6-jährigen Mädchen und Jungen. 
Vermittlung von erstem Sachwissen aus dem Kinderalltag. 
Liebevoll und kindgerecht erzählt und illustriert. 
Zum gemeinsamen Anschauen und Lesen."||||||||||||||||||||||Non-Organic||||"{'target_group': 'Kindergartenkinder|Grundschüler', 'license': '0', 'genre': 'Vorlesen', 'author': 'Schneider, Liane', 'publisher': 'Carlsen Verlag', 'Einband': 'Hardcover', 'publishing_year': '2024', 'Inhalt': '1 Stk.', 'ISBN Ausgangsbuch': '9783551523150', 'Produkttyp': 'Kinder- & Jugendbücher', 'page_number': '112'}"||||||||||||||0|0|3013528_1.png|https://static.mueller.de/pdzoom/9783551523150.webp|3013528_2.png|https://static.mueller.de/pdzoom/9783551523150_innenansicht_04.webp|3013528_3.png|https://static.mueller.de/pdzoom/9783551523150_innenansicht_05.webp|3013528_4.png|https://static.mueller.de/pdzoom/9783551523150_innenansicht_03.webp||||||||||||||||||||||||||1 Stk.|||True||3013528P|||||||||10
442948|mueller||||||||2024-10-28|rayher OHRHAKEN M. VERSCHLUSS 925 SILBER 2 STÜCK 2199700|||2|Stk.|Home|Spielwaren|Kreativ & Basteln|Bastelsets|rayher OHRHAKEN M. VERSCHLUSS 925 SILBER 2 STÜCK 2199700|||8,79 €|8,79 €|||||||||||43,95 € / 10 Stk.|||EUR|Home> Spielwaren> Kreativ & Basteln> Bastelsets> rayher OHRHAKEN M. VERSCHLUSS 925 SILBER 2 STÜCK 2199700|https://www.mueller.at/p/rayher-ohrhaken-m-verschluss-925-silber-2-stueck-2199700-442948/|2 Stk.|Rayher - OHRHAKEN M. VERSCHLUSS 925 SILBER 2 STÜCK 2199700||||||||14 Jahre||||||||||||||Non-Organic||||"{'target_group': 'Jugendliche|Erwachsene', 'manufacturer': 'Rayher Hobby GmbH', 'Herstelleradresse': 'Fockestr. 15 ,88471 Laupheim', 'Artikelnummer des Herstellers': '2199700', 'license': 'Rayher Schmuckzubehör Accessoires', 'Altersempfehlung ab': '14 Jahre', 'Inhalt': '2 Stk.', 'Produkttyp': 'Sonstiges Bastelzubehör'}"||||||||||||||0|0|442948_1.png|https://static.mueller.de/6703301309-PV-0/pdzoom/rayher-ohrhaken-m-verschluss-925-silber-2-stueck-2199700.webp||||||||||||||||||||||Rayher Hobby GmbH||||||||||2 Stk.|||True||442948P|||||||||10
2879642|mueller||||||||2024-10-28|Indigo (CD + BOOK)|||1|Stk.|Home|Multi-Media|Musik|K-Pop|Indigo (CD + BOOK)|||17,99 €|17,99 €||||||||||||||EUR|Home> Multi-Media> Musik> K-Pop> Indigo (CD + BOOK)|https://www.mueller.at/p/indigo-cd-book-IPN2879642/|1 Stk.|Indigo - RM (BTS) Wenn zwei oder mehrere Versionen abgebildet sind, ist eine Vorauswahl nicht möglich. Bei Bestellung wird eine der abgebildeten Versionen zufällig gewählt.||||||||||||||||||||||Non-Organic||||{'medium': 'CD', 'Künstler': 'RM (BTS)', 'Inhalt': '1 Stk.', 'genre': 'K-Pop', 'Label': 'Big Hit Entertainment'}||||||||||||||0|0|2879642_1.png|https://static.mueller.de/pdzoom/8809903921274.webp||||||||||||||||||||||||||||||||1 Stk.|||False||2879642P|||||||||1
153572|mueller||||||||2024-10-28|Hama - Dose mit Maxi Perlen Ca. 600 Perlen|HAMA PERLEN||1|Stk.|Home|Spielwaren|Kreativ & Basteln|Basteln mit Perlen|Hama - Dose mit Maxi Perlen Ca. 600 Perlen|||12,99 €|12,99 €||||||||||||||EUR|Home> Spielwaren> Kreativ & Basteln> Basteln mit Perlen> Hama - Dose mit Maxi Perlen Ca. 600 Perlen|https://www.mueller.at/p/hama-dose-mit-maxi-perlen-ca-600-perlen-153572/|1 Stk.|Ca. 600 Perlen – Mix 50 – Farben Nr. 43, 44, 45, 46, 47, 48 Pastell Mix||||||||3 Jahre||||||||||||||Non-Organic||||"{'target_group': 'Kindergartenkinder|Grundschüler', 'Kontaktmöglichkeit': 'Dan Import Peter Reineke e.K.', 'Artikelnummer des Herstellers': '8571', 'license': 'Hama Bügelperlen maxi3+', 'Altersempfehlung ab': '3 Jahre', 'Inhalt': '1 Stk.', 'Produkttyp': 'Bügelperlen'}"||||||||||||||5.0|1|153572_1.png|https://static.mueller.de/pdzoom/153572_a.webp||||||||||||||||||||||8571||||||||||1 Stk.|||True||153572P|||||||||10
2865018|mueller||||||||2024-10-28|HABA Holz-Babybuch Obstgarten|HABA||1|Stk.|Home|Spielwaren|Baby & Kleinkind|Babyspielzeug|Weiteres Spielzeug|HABA Holz-Babybuch Obstgarten||12,99 €|12,99 €||||||||||||||EUR|Home> Spielwaren> Baby & Kleinkind> Babyspielzeug> Weiteres Spielzeug> HABA Holz-Babybuch Obstgarten|https://www.mueller.at/p/haba-holz-babybuch-obstgarten-IPN2865018/|1 Stk.|Willkommen bei Rabe Theo im Obstgarten! Auf 5 Holzseiten können Kleinkinder spannende Abenteuer mit dem HABA Raben Theo und seinen Freunden im Obstgarten erleben. Umblätter-freundlich sind alle Seiten mit einer Kordel zusammengebunden und durch den eingearbeiteten Griff spielend leicht überall dabei.stabiles erstes Bilderbuch von HABASeiten mit Grifflochbunt bedruckt mit niedlichen Illustrationenregt zum Erzählen von Geschichten anAußenmantel:    Buche (Sperrholz)Alter ab    10+ MonateBreite    13 cmEinband    HardcoverGewicht Produkt    0.215 kgHöhe    2 cmLänge    17 cmLänge/Höhe    17 cmSeitenanzahl    10 Seiten||||||||10 Monate||||||||||||||Non-Organic||||"{'target_group': 'Säuglinge|Kleinkinder', 'Artikelnummer des Herstellers': '1306786001', 'Altersempfehlung ab': '10 Monate', 'Inhalt': '1 Stk.', 'Produkttyp': 'Sonstiges Spielzeug'}"||||||||||||||0|0|2865018_1.png|https://static.mueller.de/pdzoom/4010168262369.webp|2865018_2.png|https://static.mueller.de/pdzoom/4010168262369_3.webp|2865018_3.png|https://static.mueller.de/pdzoom/4010168262369_2.webp||||||||||||||||||1306786001||||||||||1 Stk.|||True||2865018P|||||||||10
799678|mueller||||||||2024-10-28|Dr.Oetker Garantieform Back-Liebe-Emaille Ø 26cm|DR.OETKER||1|Stk.|Home|Haushalt|Kochen & Backen|Auflauf- & Backformen|Dr.Oetker Garantieform Back-Liebe-Emaille Ø 26cm|||62,99 €|62,99 €||||||||||||||EUR|Home> Haushalt> Kochen & Backen> Auflauf- & Backformen> Dr.Oetker Garantieform Back-Liebe-Emaille Ø 26cm|https://www.mueller.at/p/dr-oetker-garantieform-back-liebe-emaille-26cm-IPN799678/|1 Stk.|Die Garantieform mit Hebeboden von Dr. Oetker (Ø 26 cm) zeichnet sich durch höchste Qualität aus. Die glasglatte Oberfläche der Quarz-Emaille-Versiegelung ist absolut schnitt- und kratzfest, sodass der Kuchen direkt in der Form geschnitten und auf dieser serviert werden kann. Die ausgezeichnete Wärmeleitung sorgt für eine gleichmäßige Bräunung. Der Hebeboden erleichtert das mühelose Entformen. Zudem ist die Form fruchtsäure- und hitzebeständig bis maximal +400 °C. Nach dem Gebrauch kann sie in die Spülmaschine gegeben werden.||||||||||||||||||||||Non-Organic||||"{'Geeignet für': 'Backofen|Spuelmaschinen', 'manufacturer': 'Zenker Backformen GmbH & Co. KG', 'Herstelleradresse': 'Fritz-Mayer-Straße 7, 86661 Aichach', 'Kontaktmöglichkeit': 'service@oetker-kitchentools.de', 'Materialdetails': 'Quarz-Emaille-Versiegelung', 'product_property': 'hitzebständig', 'Durchmesser': '26 cm', 'Inhalt': '1 Stk.'}"||||||||Quarz-Emaille-Versiegelung||||||0|0|799678_1.png|https://static.mueller.de/pdzoom/4044935023624.webp||||||||||||||||||||||Zenker Backformen GmbH & Co. KG||||||||||1 Stk.|||True||799678P|||||"Backofen|Spuelmaschinen"||||10
3013530|mueller||||||||2024-10-28|Große und starke Fahrzeuge|||1|Stk.|Home|Spielwaren|Buch & Schulbedarf|Kinder- & Jugendbücher|Große und starke Fahrzeuge|||9,30 €|9,30 €||||||||||||||EUR|Home> Spielwaren> Buch & Schulbedarf> Kinder- & Jugendbücher> Große und starke Fahrzeuge|https://www.mueller.at/p/grosse-und-starke-fahrzeuge-IPN3013530/|1 Stk.|"Für Fahrzeugfans ab 2 Jahren
Mehr als 10 verschiedene Fahrzeuge in Aktion
Mit beliebtem stabilem Rundumregister zum gezielten Blättern für Kinderhände
Zugleich sachorientiert und erzählerisch illustriert
Dieses erste Buch mit Fahrzeugen zu Lande, zu Wasser und in der Luft werden kleine Fahrzeugfans begeistern. Der starke Schlepper zieht das riesige Containerschiff, der Rettungshubschrauber holt den Wanderer mit dem verletzten Bein aus den Bergen und der Raupenbagger kippt Erde in den Kipplaster. Wer entdeckt den Abschleppwagen, den Bus, den Traktor, den Teleskopkran, den Maishäcksler und die anderen großen starken Fahrzeuge? Und was passiert gerade? Auf jeder Doppelseite gibt es eine neue spannende Szene. Für alle Kleinen, die von Fahrzeugbüchern nicht genug haben können!"||||||||||||||||||||||Non-Organic||||{'target_group': 'Kleinkinder', 'license': '0', 'genre': 'Bilderbücher', 'author': 'Hofmann, Julia', 'publisher': 'Carlsen Verlag', 'Einband': 'Pappbilderbuch', 'publishing_year': '2024', 'Inhalt': '1 Stk.', 'ISBN Ausgangsbuch': '9783551173096', 'Produkttyp': 'Kinder- & Jugendbücher', 'page_number': '16'}||||||||||||||0|0|3013530_1.png|https://static.mueller.de/pdzoom/9783551173096.webp|3013530_2.png|https://static.mueller.de/pdzoom/9783551173096_innenansicht_01.webp|3013530_3.png|https://static.mueller.de/pdzoom/9783551173096_innenansicht_02.webp||||||||||||||||||||||||||||1 Stk.|||True||3013530P|||||||||10
3013531|mueller||||||||2024-10-28|PAW Patrol Geschichtenbuch: Wintergeschichten mit den Fellfreunden|||1|Stk.|Home|Spielwaren|Buch & Schulbedarf|Kinder- & Jugendbücher|PAW Patrol Geschichtenbuch: Wintergeschichten mit den Fellfreunden|||7,20 €|7,20 €||||||||||||||EUR|Home> Spielwaren> Buch & Schulbedarf> Kinder- & Jugendbücher> PAW Patrol Geschichtenbuch: Wintergeschichten mit den Fellfreunden|https://www.mueller.at/p/paw-patrol-geschichtenbuch-wintergeschichten-mit-den-fellfreunden-IPN3013531/|1 Stk.|"Magische Winterabenteuer mit den Hunden der PAW Patrol

Auch bei Schnee und Eis sind die Helfer auf vier Pfoten nicht aufzuhalten. Mutig helfen die Welpen der PAW Patrol bei klirrender Kälte ihren Freunden und Freundinnen in Not. In diesem winterlichen Vorlesebuch geht es von einem aufregenden Snowboard-Wettbewerb zu der spannenden Rettung eines Polarwolfs bis hin zu einer heldenhaften Mission, die Weihnachten rettet.

Die Geschichten für Kinder ab 3 Jahren, basierend auf den TV-Folgen der beliebtesten Vorschulserie, laden dazu ein, die PAW Patrol auf ihren winterlichen Einsätzen zu begleiten und vermitteln wichtige Werte wie Mut, Freundschaft und Teamgeist. Mit lebendigen Texten und vielen Bildern aus der TV-Serie wird die Vorstellungskraft angeregt und die Freude an Büchern geweckt.

Ein idealer Begleiter für kuschelige Vorlesestunden im Winter und ein wunderbares Geschenk für Nikolaus oder Advent!"||||||||||||||||||||||Non-Organic||||"{'target_group': 'Kindergartenkinder|Grundschüler', 'license': '0', 'genre': 'Vorlesen', 'Einband': 'Hardcover', 'publishing_year': '2024', 'Inhalt': '1 Stk.', 'ISBN Ausgangsbuch': '9783845126890', 'Produkttyp': 'Kinder- & Jugendbücher', 'page_number': '80'}"||||||||||||||0|0|3013531_1.png|https://static.mueller.de/pdzoom/9783845126890.webp|3013531_2.png|https://static.mueller.de/pdzoom/9783845126890_innenansicht_05.webp|3013531_3.png|https://static.mueller.de/pdzoom/9783845126890_innenansicht_04.webp||||||||||||||||||||||||||||1 Stk.|||True||3013531P|||||||||10
2865013|mueller||||||||2024-10-28|HABA Entdeckerball Farbmix|HABA||1|Stk.|Home|Spielwaren|Baby & Kleinkind|Babyspielzeug|Weiteres Spielzeug|HABA Entdeckerball Farbmix||5,50 €|5,50 €||||||||||||||EUR|Home> Spielwaren> Baby & Kleinkind> Babyspielzeug> Weiteres Spielzeug> HABA Entdeckerball Farbmix|https://www.mueller.at/p/haba-entdeckerball-farbmix-IPN2865013/|1 Stk.|Ideal für kleine Babyhände ist der bunte Stoffball von HABA und so unglaublich weich, dass man ihn gar nicht mehr hergeben, sondern nur noch knautschen und knuddeln möchte. Durch die aufgenähten Schlaufen ist er gut zu greifen und animiert rollend und rasselnd zu ersten Krabbelversuchen.kunterbunter Greif- und Knuddelspaßmit Rassel im Innerenregt die Sinne von Babys und Kleinkindern anfördert Feinmotorik auf spielerische WeiseAußenmantel:    Kunststoff, PolyesterAlter ab    6+ MonateDurchmesser    11 cmFunktion    rasselnGewicht Produkt    0.051 kg||||||||6 Monate||||||||||||||Non-Organic||||"{'target_group': 'Säuglinge|Kleinkinder', 'Artikelnummer des Herstellers': '1306798001', 'Altersempfehlung ab': '6 Monate', 'Inhalt': '1 Stk.', 'Produkttyp': 'Sonstiges Spielzeug'}"||||||||||||||0|0|2865013_1.png|https://static.mueller.de/pdzoom/4010168262826.webp|2865013_2.png|https://static.mueller.de/pdzoom/4010168262826_5.webp|2865013_3.png|https://static.mueller.de/pdzoom/4010168262826_4.webp|2865013_4.png|https://static.mueller.de/pdzoom/4010168262826_3.webp|2865013_5.png|https://static.mueller.de/pdzoom/4010168262826_2.webp||||||||||||||1306798001||||||||||1 Stk.|||True||2865013P|||||||||10
2879656|mueller||||||||2024-10-28|tetesept Gesundheits-Dusche Regeneration|TETESEPT||250|ml|Home|Drogerie|Pflege|Körperpflege|Duschen|tetesept Gesundheits-Dusche Regeneration||3,25 €|3,25 €|3,25 €|2,69 €||||17%|Sie sparen 17%||||10,76 € / 1 l|||EUR|Home> Drogerie> Pflege> Körperpflege> Duschen> tetesept Gesundheits-Dusche Regeneration|https://www.mueller.at/p/tetesept-gesundheits-dusche-regeneration-IPN2879656/|250 ml|Nach einem stressigen Alltag kann eine heiße Dusche wahre Wunder bewirken. Mit der Gesundheits-Dusche Regeneration von tetesept lassen Sie Anspannung und Stress hinter Sich. Das vegane Duschgel reinigt die Haut mild und begeistert mit dem hautneutralem pH-Wert. Dank der belebenden Formulierung mit einem hohen Anteil an natürlichen ätherischen Ölen wie westindischem Sandelholz, Patchouli, Yang Yang, Orange, Zitrone und Kampfer sorgt die Dusche für eine entspannte Erfrischung. Zudem verwöhnt der kräftig-herbe Duft Körper und Geist. Die Dusche hinterlässt ein angenehmes Hautgefühl und ist frei von Silikonen, Paraffinen und Mikroplastik. Für ausgleichende Momente!||||||||||||||||||||||Non-Organic||||"{'target_group': 'Damen|Herren|Unisex', 'manufacturer': 'Merz Consumer Care GmbH', 'Herstelleradresse': 'Donau-City-Straße 11, 16.OG/2.2, 1220 Wien', 'Kontaktmöglichkeit': 'mlca_office@merz.co.at', 'dermatologically_tested': 'Ja', 'package_contents': 'Aqua, Sodium Laureth Sulfate, Cocamidopropyl Betaine, Cocamide MEA, Parfum, Sodium Benzoate, Guar Hydroxypropyltrimonium Chloride, C12-13 Alkyl Lactate, Phenoxyethanol, Sodium Chloride, Sodium Lauroyl Glutamate, Citric Acid, Sodium PCA, Glycerin, Limonene, Camphor, Disodium EDTA, Ethylhexylglycerin, Propylene Glycol, Linalool, Amyris Balsamifera Bark Oil, Cananga Odorata Flower Oil, Juniperus Virginiana Oil, Pogostemon Cablin Leaf Oil, Lavandula Hybrida Oil, Citrus Limon Peel Oil, Citrus Aurantium Dulcis Peel Oil, CI 13015, Tocopherol, CI 14720, CI 42090, Sodium Sulfate', 'skin_type': 'normale Haut', 'product_property': 'regenerierend', 'Inhalt': '250 ml', 'scope_of_application': 'Duschen', 'Produkttyp': 'Duschgel'}"||||||||||||||0|0|2879656_1.png|https://static.mueller.de/pdzoom/9005356027900.webp|2879656_2.png|https://static.mueller.de/pdzoom/9005356027900_12.webp||||||||||||||||||||Merz Consumer Care GmbH||||||||||250 ml|Aqua, Sodium Laureth Sulfate, Cocamidopropyl Betaine, Cocamide MEA, Parfum, Sodium Benzoate, Guar Hydroxypropyltrimonium Chloride, C12-13 Alkyl Lactate, Phenoxyethanol, Sodium Chloride, Sodium Lauroyl Glutamate, Citric Acid, Sodium PCA, Glycerin, Limonene, Camphor, Disodium EDTA, Ethylhexylglycerin, Propylene Glycol, Linalool, Amyris Balsamifera Bark Oil, Cananga Odorata Flower Oil, Juniperus Virginiana Oil, Pogostemon Cablin Leaf Oil, Lavandula Hybrida Oil, Citrus Limon Peel Oil, Citrus Aurantium Dulcis Peel Oil, CI 13015, Tocopherol, CI 14720, CI 42090, Sodium Sulfate||True||2879656P|||||||||10
3013534|mueller||||||||2024-10-28|Die Dschungelhelden - Das große Kinoabenteuer|||1|Stk.|Home|Multi-Media|Filme & TV|Kinderfilme|Die Dschungelhelden - Das große Kinoabenteuer|||4,99 €|4,99 €||||||||||||||EUR|Home> Multi-Media> Filme & TV> Kinderfilme> Die Dschungelhelden - Das große Kinoabenteuer|https://www.mueller.at/p/die-dschungelhelden-das-grosse-kinoabenteuer-IPN3013534/|1 Stk.|Pinguin Maurice wurde von Tigern großgezogen und ist fest davon überzeugt, selbst ein echter Tiger zu sein. Zusammen mit seinen Freunden, den Dschungelhelden, will der selbstbewusste Kung Fu-Kämpfer für Gerechtigkeit und Ordnung im Dschungel sorgen. Als der fiese Koala Igor und seine Pavianbande den Urwald zerstören wollen, begeben sich die Dschungelhelden auf eine wichtige Mission: Dschungelhelden – Auf zur Rettung!||||||||||||||||||||||Non-Organic||||"{'medium': 'DVD', 'Untertitel': 'Deutsch', 'manufacturer': 'Splendid Film/WVG', 'Bildformat': 'Widescreen', 'Inhalt': '1 Stk.', 'Laufzeit in min (gesamt)': '94', 'Produktionsjahr': '2017', 'Regisseur': 'David Alaux', 'Special Edition': 'Nein', 'Tonformat-Sprache': 'Deutsch,Französisch', 'packaging_type': 'Softbox', 'Hauptgenre': 'Kinder|Zeichentrick|Animationsfilm'}"||||||||||||||0|0|3013534_1.png|https://static.mueller.de/videojakob_4013549153447_pv_673747/pdzoom/die-dschungelhelden-das-grosse-kinoabenteuer.webp|3013534_2.png|https://static.mueller.de/pdzoom/videojakob_4013549153447_pr_673747-back.webp|3013534_3.png|https://static.mueller.de/videojakob_4013549153447_pd_66615820/pdzoom/die-dschungelhelden-das-grosse-kinoabenteuer.webp|3013534_4.png|https://static.mueller.de/videojakob_4013549153447_pd_66616142/pdzoom/die-dschungelhelden-das-grosse-kinoabenteuer.webp|3013534_5.png|https://static.mueller.de/videojakob_4013549153447_pd_66616469/pdzoom/die-dschungelhelden-das-grosse-kinoabenteuer.webp|3013534_6.png|https://static.mueller.de/videojakob_4013549153447_pd_66616782/pdzoom/die-dschungelhelden-das-grosse-kinoabenteuer.webp||||||||||||Splendid Film/WVG||||||||||1 Stk.|||True||3013534P|||||||||5
3013536|mueller||||||||2024-10-28|A Memory Of Our Future|||1|Stk.|Home|Multi-Media|Musik|Rock|A Memory Of Our Future|||17,99 €|17,99 €||||||||||||||EUR|Home> Multi-Media> Musik> Rock> A Memory Of Our Future|https://www.mueller.at/p/a-memory-of-our-future-IPN3013536/|1 Stk.|||||||||||||||||||||||Non-Organic||||{'medium': 'CD', 'Künstler': 'Mandoki Soulmates', 'Inhalt': '1 Stk.', 'Anzahl Medien im Artikel': '1', 'genre': 'Rock international', 'Label': 'INO Front'}||||||||||||||0|0|3013536_1.png|https://static.mueller.de/pdzoom/phononet_0196588768729_pv_0196588768729-0600px-001.webp|3013536_2.png|https://static.mueller.de/pdzoom/phononet_0196588768729_pr_0196588768729-0600px-002.webp||||||||||||||||||||||||||||||1 Stk.|||True||3013536P|||||||||5
2879658|mueller||||||||2024-10-28|Beauty Baby Badeschwamm Badetier Oktopus|BEAUTY BABY||1|Stk.|Home|Drogerie|Kind & Mama|Ausstattung & Zubehör|Badezubehör|Beauty Baby Badeschwamm Badetier Oktopus||3,45 €|3,45 €||||||||||||||EUR|Home> Drogerie> Kind & Mama> Ausstattung & Zubehör> Badezubehör> Beauty Baby Badeschwamm Badetier Oktopus|https://www.mueller.at/p/beauty-baby-badeschwamm-badetier-oktopus-IPN2879658/|1 Stk.|Badetier Oktopus für fröhlichen Badespaß.||||||||||||||||||||||Non-Organic||||{'Materialdetails': '32% Velours (gestrickt), 100 % Polyester, 36% Twill (gewebt), 100 % Polyester, 32% Frottee (gestrickt), 78 % Baumwolle, 22 % Polyester', 'Farbe': 'Türkis Bunt', 'Inhalt': '1 Stk.', 'Produkttyp': 'Bade- und Wasserspielzeug'}||||||Türkis Bunt||32% Velours (gestrickt), 100 % Polyester, 36% Twill (gewebt), 100 % Polyester, 32% Frottee (gestrickt), 78 % Baumwolle, 22 % Polyester||||||5.0|2|2879658_1.png|https://static.mueller.de/pdzoom/2200287965896.webp||||||||||||||||||||||||||||||||1 Stk.|||True||2879658P|||||||||10
3013538|mueller||||||||2024-10-28|Killing for Revenge (crusted blood marbled)|||1|Stk.|Home|Multi-Media|Musik|Heavy Metal|Killing for Revenge (crusted blood marbled)|||27,99 €|27,99 €||||||||||||||EUR|Home> Multi-Media> Musik> Heavy Metal> Killing for Revenge (crusted blood marbled)|https://www.mueller.at/p/killing-for-revenge-crusted-blood-marbled-IPN3013538/|1 Stk.|||||||||||||||||||||||Non-Organic||||{'medium': 'LP (analog)', 'Künstler': 'Six Feet Under', 'Inhalt': '1 Stk.', 'Anzahl Medien im Artikel': '1', 'genre': 'Metal', 'Label': 'SME Metal'}||||||||||||||0|0|3013538_1.png|https://static.mueller.de/pdzoom/phononet_0039841608571_pv_0039841608571-0600px-001.webp||||||||||||||||||||||||||||||||1 Stk.|||True||3013538P|||||||||5
799680|mueller||||||||2024-10-28|Dr.Oetker Garantieform mit 2 Böden Back-Liebe-Emaille Ø 26cm|DR.OETKER||1|Stk.|Home|Haushalt|Kochen & Backen|Auflauf- & Backformen|Dr.Oetker Garantieform mit 2 Böden Back-Liebe-Emaille Ø 26cm|||74,99 €|74,99 €||||||||||||||EUR|Home> Haushalt> Kochen & Backen> Auflauf- & Backformen> Dr.Oetker Garantieform mit 2 Böden Back-Liebe-Emaille Ø 26cm|https://www.mueller.at/p/dr-oetker-garantieform-mit-2-boeden-back-liebe-emaille-26cm-IPN799680/|1 Stk.|Die Garantieform mit hebbaren Flach- und Rohrboden von Dr. Oetker(Ø 26 cm) zeichnet sich durch höchste Qualität aus. Die glasglatte Oberfläche der Quarz-Emaille-Versiegelung ist absolut schnitt- und kratzfest, sodass der Kuchen direkt in der Form geschnitten und auf dieser serviert werden kann. Die ausgezeichnete Wärmeleitung sorgt für eine gleichmäßige Bräunung. Der Hebeboden erleichtert das mühelose Entformen. Zudem ist die Form fruchtsäure- und hitzebeständig bis maximal +400 °C. Nach dem Gebrauch kann sie in die Spülmaschine gegeben werden.||||||||||||||||||||||Non-Organic||||"{'Geeignet für': 'Backofen|Spuelmaschinen', 'manufacturer': 'Zenker Backformen GmbH & Co. KG', 'Herstelleradresse': 'Fritz-Mayer-Straße 7, 86661 Aichach', 'Kontaktmöglichkeit': 'service@oetker-kitchentools.de', 'Materialdetails': 'Quarz-Emaille-Versiegelung', 'product_property': 'hitzebständig', 'Durchmesser': '26 cm', 'Inhalt': '1 Stk.'}"||||||||Quarz-Emaille-Versiegelung||||||0|0|799680_1.png|https://static.mueller.de/pdzoom/4044935023648.webp||||||||||||||||||||||Zenker Backformen GmbH & Co. KG||||||||||1 Stk.|||True||799680P|||||"Backofen|Spuelmaschinen"||||10
61473|mueller||||||||2024-10-28|STAEDTLER Bleisitft Noris Club triplus® Jumbo HB|STAEDTLER||1|Stk.|Home|Schreibwaren|Schreibgeräte|Bleistifte|STAEDTLER Bleisitft Noris Club triplus® Jumbo HB|||1,59 €|1,59 €||||||||||||||EUR|Home> Schreibwaren> Schreibgeräte> Bleistifte> STAEDTLER Bleisitft Noris Club triplus® Jumbo HB|https://www.mueller.at/p/staedtler-bleisitft-noris-club-triplus-jumbo-hb-61473/|1 Stk.|Noris jumbo Schreiblernbleistift. Ergonomische Dreikantform. Stift-Durchmesser ca. 9 mm. Minen-Durchmesser 4 mm. Härtegrad 2B. Made from Upcycled Wood STAEDTLER haben bereits vor über zehn Jahren ein Verfahren entwickelt, das es ermöglicht, Holz als wichtigsten Rohstoff für Stifte noch effizienter zu verwenden. Der Schlüssel dafür heißt „Upcycling“. Beim Upcycling werden Rest- oder Abfallstoffe wiederverwertet und in etwas Neues umgewandelt. Während diese Stoffe beim Recycling oder Downcycling teilweise an Wert verlieren, erfahren sie beim Upcycling eine Aufwertung und erhalten oftmals eine neue Bestimmung. Die Verwendung vorhandener Materialien senkt den Bedarf an neuen Rohmaterialen und schont so Ressourcen und Umwelt. Dank unserer außergewöhnlichen Fertigungstechnologie benötigen wir zur Herstellung von Blei- und Buntstiften aus Upcycled Wood keine Holzbrettchen, wie in herkömmlichen Produktionsverfahren. Wir verwenden Holzspäne, die bei Säge- und Hobelprozessen in der holzverarbeitenden Industrie anfallen. Das Vermahlen und das Upcycling dieser Holzspäne zeichnen unser Verfahren aus. So finden selbst kleinste Holzreste eine neue Verwendung in hochwertigen Stiften. Die für das Upcycling genutzten Holzspäne stammen aus PEFC-zertifizierten, überwiegend deutschen Wäldern (PEFC/04-31-1227), die ökologisch, ökonomisch und sozial nachhaltig bewirtschaftet werden. So halten wir auch die Transportwege kurz, denn all unsere Produkte aus Upcycled Wood sind „Made in Germany“. Durch ihre hohe Qualität und Bruchfestigkeit sind sie besonders langlebig und schonen unsere Ressourcen in Herstellung und Anwendung.||||||||||||||||||||||Non-Organic||||{'scope_of_delivery': '1 Bleistift', 'manufacturer': 'Staedtler Mars Deutschland GmbH', 'Herstelleradresse': 'Moosäckerstr. 3 ,90427 Nürnberg', 'Inhalt': '1 Stk.', 'Produkttyp': 'Bleistifte'}||||||||||||||0|0|61473_1.png|https://static.mueller.de/6485736128-PV-0/pdzoom/staedtler-bleisitft-noris-club-triplus-jumbo-hb.webp||||||||||||||||||||||Staedtler Mars Deutschland GmbH||||||||||1 Stk.|||True||61473P|||||||||10
2419079|mueller||||||||2024-10-28|"Hama Spiral-Album ""Fine Art"", 24 x 17 cm, 50 schwarze Seiten, Flamingo"|HAMA||1|Stk.|Home|Schreibwaren|Büro|Ordner & Mappen|Fotoalbum|"Hama Spiral-Album ""Fine Art"", 24 x 17 cm, 50 schwarze Seiten, Flamingo"||6,49 €|6,49 €||||||||||||||EUR|"Home> Schreibwaren> Büro> Ordner & Mappen> Fotoalbum> Hama Spiral-Album ""Fine Art"", 24 x 17 cm, 50 schwarze Seiten, Flamingo"|https://www.mueller.at/p/hama-spiral-album-fine-art-24-x-17-cm-50-schwarze-seiten-flamingo-2419079/|1 Stk.|"- mit einem Spiral-Album archivieren Sie nicht nur einfach Ihre Fotos, sondern können das Album auch kreativ gestalten
-für den ersten Eindruck: im Albumcover integrierte Einstecktasche mit Platz für ein Foto – zur individuellen Gestaltung oder zur thematischen Zuordnung
- bleibender Eindruck: Das Cover aus Strukturpapier ist haptisch und optisch ansprechend
- genau angepasste Spiralbindung: schafft genügend Platz für Fotos und Co., ohne dass sich der Deckel anhebt
-  mehr als nur Fotos einkleben: Die schwarzen Innenseiten bieten Platz für jede Menge Anekdoten zu den einzelnen Bildern und andere Erinnerungen wie Tickets, Eintrittskarten, Zeichnungen etc.
- entscheiden Sie selbst, wie viele Fotos Sie auf einer Seite einkleben
- das Spiral-Album lässt sich besonders gut als Scrap-Book gestalten
Technische Daten:
Maximale Fotoanzahl: 50
Albenformat: 24 x 17 cm
Bildformat: 10 x 15 cm
Seitenanzahl: 50"||||||||||||||||||||||Non-Organic||||{'manufacturer': 'Hama GmbH & Co. KG', 'Herstelleradresse': 'Dresdner Str. 9, 86653 Monheim', 'Kontaktmöglichkeit': 'info.de@hama.de', 'Höhe': '23.8 cm', 'Breite': '17 cm', 'Tiefe': '2.8 cm', 'Inhalt': '1 Stk.', 'Produkttyp': 'Fotoalbum'}||||||||||||||0|0|2419079_1.png|https://static.mueller.de/6806922128-PV-0/pdzoom/hama-spiral-album-fine-art-24-x-17-cm-50-schwarze-seiten-flamingo.webp||||||||||||||||||||||Hama GmbH & Co. KG||||||||||1 Stk.|||True||2419079P|||||||||10
3013540|mueller||||||||2024-10-28|Folge 227: Melodie der Rache|||1|Stk.|Home|Multi-Media|Musik|Hörspiele|Folge 227: Melodie der Rache|||7,99 €|7,99 €||||||||||||||EUR|Home> Multi-Media> Musik> Hörspiele> Folge 227: Melodie der Rache|https://www.mueller.at/p/folge-227-melodie-der-rache-IPN3013540/|1 Stk.|||||||||||||||||||||||Non-Organic||||{'medium': 'CD', 'Künstler': 'Die drei ???', 'Inhalt': '1 Stk.', 'Anzahl Medien im Artikel': '1', 'genre': 'Hörspiel (Kinder)', 'Label': 'SME Famil'}||||||||||||||0|0|3013540_1.png|https://static.mueller.de/pdzoom/phononet_0196588412424_pv_0196588412424-0600px-001.webp|3013540_2.png|https://static.mueller.de/pdzoom/phononet_0196588412424_pr_0196588412424-0600px-002.webp||||||||||||||||||||||||||||||1 Stk.|||False||3013540P|||||||||1
3013542|mueller||||||||2024-10-28|Einkaufstasche faltbar Leo|||1|Stk.|Home|Haushalt|Wohnen & Dekorieren|Körbe & Taschen|Einkaufstasche faltbar Leo|||4,99 €|4,99 €||||||||||||||EUR|Home> Haushalt> Wohnen & Dekorieren> Körbe & Taschen> Einkaufstasche faltbar Leo|https://www.mueller.at/p/einkaufstasche-faltbar-leo-IPN3013542/|1 Stk.|faltbare Einkaufstasche||||||||||||||||||||||Non-Organic||||{'manufacturer': 'Kania GmbH & Co. KG', 'Herstelleradresse': 'Am Forst 16b, DE-92637 Weiden', 'Kontaktmöglichkeit': 'kania@kania-weiden.de', 'Materialdetails': 'Polyester', 'Material': 'Polyester', 'Farbe': 'braun / schwarz', 'Höhe': '62 cm', 'Breite': '42 cm', 'Inhalt': '1 Stk.'}||||||braun / schwarz||Polyester||||||0|0|3013542_1.png|https://static.mueller.de/pdzoom/4055565068329.webp||||||||||||||||||||||Kania GmbH & Co. KG||||||||||1 Stk.|||False||3013542P|||||||||1
3013545|mueller||||||||2024-10-28|TROUBLESHOOTING-PHOTOBOO|||1|Stk.|Home|Multi-Media|Musik|K-Pop|TROUBLESHOOTING-PHOTOBOO|||26,99 €|26,99 €||||||||||||||EUR|Home> Multi-Media> Musik> K-Pop> TROUBLESHOOTING-PHOTOBOO|https://www.mueller.at/p/troubleshooting-photoboo-IPN3013545/|1 Stk.|"•	Photobook 
•	Lyricsbook
•	CD
•	Photo Essay
•	Sticker
•	Photocard
•	Trading Card 
•	Mirror Photocard
•	Postcard
•	Random Versions nicht auswählbar"||||||||||||||||||||||Non-Organic||||{'medium': 'CD', 'Künstler': 'XDINARY HEROES', 'Inhalt': '1 Stk.', 'Anzahl Medien im Artikel': '1', 'genre': 'K-Pop'}||||||||||||||0|0|3013545_1.png|https://static.mueller.de/pdzoom/8809954229480-pv.webp||||||||||||||||||||||||||||||||1 Stk.|||False||3013545P|||||||||1
3013546|mueller||||||||2024-10-28|Einkaufstasche faltbar Herzen|||1|Stk.|Home|Haushalt|Wohnen & Dekorieren|Körbe & Taschen|Einkaufstasche faltbar Herzen|||4,99 €|4,99 €||||||||||||||EUR|Home> Haushalt> Wohnen & Dekorieren> Körbe & Taschen> Einkaufstasche faltbar Herzen|https://www.mueller.at/p/einkaufstasche-faltbar-herzen-IPN3013546/|1 Stk.|faltbare Einkaufstasche||||||||||||||||||||||Non-Organic||||{'manufacturer': 'Kania GmbH & Co. KG', 'Herstelleradresse': 'Am Forst 16b, DE-92637 Weiden', 'Kontaktmöglichkeit': 'kania@kania-weiden.de', 'Materialdetails': 'Polyester', 'Material': 'Polyester', 'Farbe': 'Rosa mit roten Herzen', 'Höhe': '62 cm', 'Breite': '42 cm', 'Inhalt': '1 Stk.'}||||||Rosa mit roten Herzen||Polyester||||||0|0|3013546_1.png|https://static.mueller.de/pdzoom/4055565068336.webp||||||||||||||||||||||Kania GmbH & Co. KG||||||||||1 Stk.|||True||3013546P|||||||||10
3013548|mueller||||||||2024-10-28|YOU HAD ME AT-PHOTOBOOK|||1|Stk.|Home|Multi-Media|Musik|K-Pop|YOU HAD ME AT-PHOTOBOOK|||29,99 €|29,99 €||||||||||||||EUR|Home> Multi-Media> Musik> K-Pop> YOU HAD ME AT-PHOTOBOOK|https://www.mueller.at/p/you-had-me-at-photobook-IPN3013548/|1 Stk.|"You Had Me At Hello by Zerobaseone, released 31 May 2024.

This version of You Had Me At Hello comes as a 1xCD in a(n) Digipak packaging. This release comes with (a) Photobook & Poster & Photo(s) & Photo card(s)."||||||||||||||||||||||Non-Organic||||{'medium': 'CD', 'Künstler': 'ZEROBASEONE', 'Inhalt': '1 Stk.', 'Anzahl Medien im Artikel': '1', 'genre': 'K-Pop'}||||||||||||||0|0|3013548_1.png|https://static.mueller.de/pdzoom/8809704428248-pv.webp||||||||||||||||||||||||||||||||1 Stk.|||True||3013548P|||||||||5
3013549|mueller||||||||2024-10-28|Einkaufstasche faltbar Melone|||1|Stk.|Home|Haushalt|Wohnen & Dekorieren|Körbe & Taschen|Einkaufstasche faltbar Melone|||4,99 €|4,99 €||||||||||||||EUR|Home> Haushalt> Wohnen & Dekorieren> Körbe & Taschen> Einkaufstasche faltbar Melone|https://www.mueller.at/p/einkaufstasche-faltbar-melone-IPN3013549/|1 Stk.|faltbare Einkaufstasche||||||||||||||||||||||Non-Organic||||{'manufacturer': 'Kania GmbH & Co. KG', 'Herstelleradresse': 'Am Forst 16b, DE-92637 Weiden', 'Kontaktmöglichkeit': 'kania@kania-weiden.de', 'Materialdetails': 'Polyester', 'Material': 'Polyester', 'Farbe': 'Rosa mit roten Melonen', 'Höhe': '62 cm', 'Breite': '42 cm', 'Inhalt': '1 Stk.'}||||||Rosa mit roten Melonen||Polyester||||||0|0|3013549_1.png|https://static.mueller.de/pdzoom/4055565068343.webp||||||||||||||||||||||Kania GmbH & Co. KG||||||||||1 Stk.|||True||3013549P|||||||||10
2879661|mueller||||||||2024-10-28|Beauty Baby Rasselball Bunt|BEAUTY BABY||1|Stk.|Home|Spielwaren|Baby & Kleinkind|Babyspielzeug|Spielzeug mit Rassel|Beauty Baby Rasselball Bunt||3,45 €|3,45 €||||||||||||||EUR|Home> Spielwaren> Baby & Kleinkind> Babyspielzeug> Spielzeug mit Rassel> Beauty Baby Rasselball Bunt|https://www.mueller.at/p/beauty-baby-rasselball-bunt-IPN2879661/|1 Stk.|Zur Förderung des Greifsinns & der Motorik.||||||||0 Monate||||||||||||||Non-Organic||||"{'Altersempfehlung ab': '0 Monate', 'Materialdetails': 'Velours (gestrickt), 100 % Polyester, Twill (gewebt), 100 % Polyester,Frottee (gestrickt), 78 % Baumwolle, 22 % Polyester,Fleece (gestrickt), 100 % Polyester,Kord (gewebt), 100 % Baumwolle, Musselin (gewebt), 100 % Baumwolle', 'Inhalt': '1 Stk.', 'Produkttyp': 'Rasseln | Greiflinge'}"||||||||Velours (gestrickt), 100 % Polyester, Twill (gewebt), 100 % Polyester,Frottee (gestrickt), 78 % Baumwolle, 22 % Polyester,Fleece (gestrickt), 100 % Polyester,Kord (gewebt), 100 % Baumwolle, Musselin (gewebt), 100 % Baumwolle||||||0|0|2879661_1.png|https://static.mueller.de/pdzoom/2200287966190.webp||||||||||||||||||||||||||||||||1 Stk.|||True||2879661P|||||||||10
403318|mueller||||||||2024-10-28|Der Schuh des Manitu - Digitally Remastered|||1|Stk.|Home|Multi-Media|Filme & TV|Komödie & Comedy|Der Schuh des Manitu - Digitally Remastered|||7,99 €|7,99 €||||||||||||||EUR|Home> Multi-Media> Filme & TV> Komödie & Comedy> Der Schuh des Manitu - Digitally Remastered|https://www.mueller.at/p/der-schuh-des-manitu-digitally-remastered-403318/|1 Stk.|"""Der Schuh des Manitu - Extra Large"" sorgt mit vielen tollen neu gedrehten Szenen und einem ganzen Sack voll brandneuem Bonusmaterial für viel gute Laune!

Inhalt:
Wilder Westen, mitten im 18. Jahrhundert:
Der Apachen-Häuptling Abahachi und sein Blutsbruder Ranger sind zuständig für Frieden und Gerechtigkeit. Als Abahachi bei den Schoschonen einen Kredit zur Finanzierung eines Stamm-Lokals aufnimmt, beginnen die Schwierigkeiten: Er gerät an den Gauner Santa Maria, der ihm nicht nur eine Schrottfassade andreht und mit dem geliehenen Geld durchbrennt, sondern die Blutsbrüder bei den Schoschonen auch noch anschwärzt. So kommt es dazu, dass im Land, wo die Schoschonen schön wohnen, mangels Kriegsbeil der Klappstuhl ausgegraben wird..."||||||||||||||||||||||Non-Organic||||"{'medium': 'Blu-ray Disc', 'manufacturer': 'Constantin Film (Universal)', 'Bildformat': 'HD', 'Zusatzinfos / Bonusmaterial beim Film dabei': 'Audiokommentar;', 'Inhalt': '1 Stk.', 'Laufzeit in min (gesamt)': '85', 'Produktionsjahr': '2001', 'Produktionsland': 'Deutschland', 'Regisseur': 'Michael ""Bully"" Herbig', 'Schauspieler': 'Christian Tramitz,Michael ""Bully"" Herbig,Sky du Mont,Marie Bäumer,Hilmi Sözer,Rick Kavanian,Tim Wilde,Sigfried Terpoorten,Irshad Panjatan', 'Special Edition': 'Nein', 'Tonformat-Sprache': 'Deutsch', 'Hauptgenre': 'Western|Komödie|Deutscher Film'}"||||||||||||||0|0|403318_1.png|https://static.mueller.de/videojakob_4011976334880_pv_470181/pdzoom/der-schuh-des-manitu-digitally-remastered.webp|403318_2.png|https://static.mueller.de/videojakob_4011976334880_pd_66605947/pdzoom/der-schuh-des-manitu-digitally-remastered.webp|403318_3.png|https://static.mueller.de/videojakob_4011976334880_pd_66606244/pdzoom/der-schuh-des-manitu-digitally-remastered.webp|403318_4.png|https://static.mueller.de/videojakob_4011976334880_pd_66606572/pdzoom/der-schuh-des-manitu-digitally-remastered.webp||||||||||||||||Constantin Film (Universal)||||||||||1 Stk.|||True||403318P|||||||||5
2601558|mueller||||||||2024-10-28|rayher Wachsmotiv Regenbogen 4,5x6,5cm|RAYHER||1|Stk.|Home|Schreibwaren|Bastelbedarf|Bastelsets|rayher Wachsmotiv Regenbogen 4,5x6,5cm|||5,99 €|5,99 €||||||||||||||EUR|Home> Schreibwaren> Bastelbedarf> Bastelsets> rayher Wachsmotiv Regenbogen 4,5x6,5cm|https://www.mueller.at/p/rayher-wachsmotiv-regenbogen-4-5x6-5cm-IPN2601558/|1 Stk.|Werde zum kreativen Kerzendesigner! Ob Taufe, Kommunion, Hochzeit, Geburtstag, Ostern oder Weihnachten, eine individuell gestaltete Kerze ist eine bleibende Erinnerung und ein wunderbares Geschenk.||||||||||||||||||||||Non-Organic||||{'manufacturer': 'Rayher Hobby GmbH', 'Herstelleradresse': 'Fockestr. 15 ,88471 Laupheim', 'Artikelnummer des Herstellers': '31620990', 'Inhalt': '1 Stk.', 'Produkttyp': 'Sonstiges'}||||||||||||||0|0|2601558_1.png|https://static.mueller.de/pdzoom/4006166120572.webp|2601558_2.png|https://static.mueller.de/pdzoom/4006166120572_2.webp||||||||||||||||||||Rayher Hobby GmbH||||||||||1 Stk.|||True||2601558P|||||||||9
799697|mueller||||||||2024-10-28|Dr.Oetker Gugelhupfform Back-Liebe Bicolor Ø 22cm|DR.OETKER||1|Stk.|Home|Haushalt|Kochen & Backen|Auflauf- & Backformen|Dr.Oetker Gugelhupfform Back-Liebe Bicolor Ø 22cm|||20,99 €|20,99 €||||||||||||||EUR|Home> Haushalt> Kochen & Backen> Auflauf- & Backformen> Dr.Oetker Gugelhupfform Back-Liebe Bicolor Ø 22cm|https://www.mueller.at/p/dr-oetker-gugelhupfform-back-liebe-bicolor-22cm-IPN799697/|1 Stk.|"Mit dem Gugelhupf aus dem Dr. Oetker Sortiment ""Back-Liebe Bicolor"" (Ø 22 cm, Höhe 11,5 cm) aus veredeltem Schwarzblech mit zweifacher Classic Antihaft-Beschichtung gelingt jeder Kuchen. Die langlebige Backform überzeugt durch ihre ausgezeichnete Wärmeleitung, die für gleichmäßige Backergebnisse sorgt. Die sehr guten Antihaft-Eigenschaften verhindern das Anbrennen des Teiges, zudem ist die Backform temperaturbeständig bis +230 °C. Nach dem Gebrauch kann sie ganz einfach per Handwäsche gereinigt werden. "||||||||||||||||||||||Non-Organic||||"{'Geeignet für': 'Backofen', 'Pflegehinweis': 'Handwäsche', 'manufacturer': 'Zenker Backformen GmbH & Co. KG', 'Herstelleradresse': 'Fritz-Mayer-Straße 7, 86661 Aichach', 'Kontaktmöglichkeit': 'service@oetker-kitchentools.de', 'Materialdetails': 'Veredeltes Schwarzblech', 'Material': 'Metall', 'product_property': 'antihaftbeschichtet|hitzebständig', 'Höhe': '11.5 cm', 'Durchmesser': '22 cm', 'Inhalt': '1 Stk.'}"||||||||Veredeltes Schwarzblech||||||0|0|799697_1.png|https://static.mueller.de/pdzoom/4044935024829.webp||||||||||||||||Handwäsche||||||Zenker Backformen GmbH & Co. KG||||||||||1 Stk.|||True||799697P|||||Backofen||||10
799698|mueller||||||||2024-10-28|Dr.Oetker Obstkuchenform Back-Liebe Bicolor Ø 28cm|DR.OETKER||1|Stk.|Home|Haushalt|Kochen & Backen|Auflauf- & Backformen|Dr.Oetker Obstkuchenform Back-Liebe Bicolor Ø 28cm|||12,99 €|12,99 €||||||||||||||EUR|Home> Haushalt> Kochen & Backen> Auflauf- & Backformen> Dr.Oetker Obstkuchenform Back-Liebe Bicolor Ø 28cm|https://www.mueller.at/p/dr-oetker-obstkuchenform-back-liebe-bicolor-28cm-IPN799698/|1 Stk.|"Die Obstkuchenform aus dem Dr. Oetker Sortiment ""Back-Liebe Bicolor"" (Ø 28 cm, Höhe 4 cm) mit zweifarbiger Classic Antihaft-Beschichtung überzeugt durch innovative Premium-Qualität. Die ausgezeichnete Wärmeleitung und der breite Boden sorgen für beste Backergebnisse. Die Backform ist hitzebeständig bis +230 °C. Nach dem Gebrauch kann die Obstkuchenform einfach per Hand gereinigt werden."||||||||||||||||||||||Non-Organic||||"{'Pflegehinweis': 'Handwäsche', 'Geeignet für': 'Backofen', 'manufacturer': 'Zenker Backformen GmbH & Co. KG', 'Herstelleradresse': 'Fritz-Mayer-Straße 7, 86661 Aichach', 'Kontaktmöglichkeit': 'service@oetker-kitchentools.de', 'Materialdetails': 'Veredeltes Schwarzblech', 'Material': 'Metall', 'product_property': 'antihaftbeschichtet|hitzebständig', 'Höhe': '4 cm', 'Durchmesser': '28 cm', 'Inhalt': '1 Stk.'}"||||||||Veredeltes Schwarzblech||||||0|0|799698_1.png|https://static.mueller.de/pdzoom/4044935024836.webp||||||||||||||||Handwäsche||||||Zenker Backformen GmbH & Co. KG||||||||||1 Stk.|||True||799698P|||||Backofen||||3
61485|mueller||||||||2024-10-28|STABILO® Permanent-Marker - STABILO Write-4-all - medium - 4er Pack - blau, rot, grün, schwarz|STABILO||1|Stk.|Home|Schreibwaren|Bastelbedarf|Spezialfarben & -stifte|STABILO® Permanent-Marker - STABILO Write-4-all - medium - 4er Pack - blau, rot, grün, schwarz|||6,99 €|6,99 €||||||||||||||EUR|Home> Schreibwaren> Bastelbedarf> Spezialfarben & -stifte> STABILO® Permanent-Marker - STABILO Write-4-all - medium - 4er Pack - blau, rot, grün, schwarz|https://www.mueller.at/p/stabilo-permanent-marker-stabilo-write-4-all-medium-4er-pack-blau-rot-gruen-schwarz-61485/|1 Stk.|STABILO Write-4-all - der Permanent-Marker für alle, die im Büro oder Haushalt CDs und DVDs beschriften und Handwerker wie Schreiner, Maurer oder Gärtner, die unter extremen Bedingungen und auf ungewöhnlichen Oberflächen schreiben müssen. Seine Schreibfähigkeit wurde auf über 1.000 Oberflächen getestet - z. B. Glas, Kunststoff, Fotos, Keramik, Folien oder Metall. Die Kunststoff-Spitze (S + F) ist widerstandsfähiger als bei herkömmlichen Markern - sie schreibt dadurch klar und deutlich auf harten Oberflächen. Zuverlässig ist er unter extremen Bedingungen wie Kälte, Hitze oder Regen - daher eignet sich der Write-4-all auch für Gefrierschränke oder Gewächshäuser oder für die schonende Beschriftung von CDs und DVDs. Er trocknet schnell, ist wasserfest sowie licht- und frostbeständig. Außerdem hat er einen hohen Austrocknungsschutz ohne Kappe.||||||||||||||||||||||Non-Organic||||{'scope_of_delivery': 'blau, rot, grün, schwarz', 'Farbe': 'sortiert', 'Inhalt': '1 Stk.', 'Produkttyp': 'Spezialfarben & -stifte'}||||||sortiert||||||||0|0|61485_1.png|https://static.mueller.de/5903463527-PV-0/pdzoom/stabilo-permanent-marker-stabilo-write-4-all-medium-4er-pack-blau-rot-gruen-schwarz.webp|61485_2.png|https://static.mueller.de/5903463527-PB-1/pdzoom/stabilo-permanent-marker-stabilo-write-4-all-medium-4er-pack-blau-rot-gruen-schwarz.webp|61485_3.png|https://static.mueller.de/5903463527-PB-2/pdzoom/stabilo-permanent-marker-stabilo-write-4-all-medium-4er-pack-blau-rot-gruen-schwarz.webp|61485_4.png|https://static.mueller.de/5903463527-PB-3/pdzoom/stabilo-permanent-marker-stabilo-write-4-all-medium-4er-pack-blau-rot-gruen-schwarz.webp|61485_5.png|https://static.mueller.de/5903463527-PB-4/pdzoom/stabilo-permanent-marker-stabilo-write-4-all-medium-4er-pack-blau-rot-gruen-schwarz.webp|61485_6.png|https://static.mueller.de/5903463527-PB-5/pdzoom/stabilo-permanent-marker-stabilo-write-4-all-medium-4er-pack-blau-rot-gruen-schwarz.webp||||||||||||||||||||||1 Stk.|||True||61485P|||||||||10
61486|mueller||||||||2024-10-28|STABILO® Permanent-Marker - STABILO Write-4-all - superfein - 4er Pack - blau, rot, grün, schwarz|STABILO||1|Stk.|Home|Schreibwaren|Bastelbedarf|Spezialfarben & -stifte|STABILO® Permanent-Marker - STABILO Write-4-all - superfein - 4er Pack - blau, rot, grün, schwarz|||6,99 €|6,99 €||||||||||||||EUR|Home> Schreibwaren> Bastelbedarf> Spezialfarben & -stifte> STABILO® Permanent-Marker - STABILO Write-4-all - superfein - 4er Pack - blau, rot, grün, schwarz|https://www.mueller.at/p/stabilo-permanent-marker-stabilo-write-4-all-superfein-4er-pack-blau-rot-gruen-schwarz-61486/|1 Stk.|STABILO Write-4-all - der Permanent-Marker für alle, die im Büro oder Haushalt CDs und DVDs beschriften und Handwerker wie Schreiner, Maurer oder Gärtner, die unter extremen Bedingungen und auf ungewöhnlichen Oberflächen schreiben müssen. Seine Schreibfähigkeit wurde auf über 1.000 Oberflächen getestet - z. B. Glas, Kunststoff, Fotos, Keramik, Folien oder Metall. Die Kunststoff-Spitze (S + F) ist widerstandsfähiger als bei herkömmlichen Markern - sie schreibt dadurch klar und deutlich auf harten Oberflächen. Zuverlässig ist er unter extremen Bedingungen wie Kälte, Hitze oder Regen - daher eignet sich der Write-4-all auch für Gefrierschränke oder Gewächshäuser oder für die schonende Beschriftung von CDs und DVDs. Er trocknet schnell, ist wasserfest sowie licht- und frostbeständig. Außerdem hat er einen hohen Austrocknungsschutz ohne Kappe.||||||||||||||||||||||Non-Organic||||{'Strichstärke': '0.4 mm', 'scope_of_delivery': 'blau, rot, grün, schwarz', 'Farbe': 'sortiert', 'Inhalt': '1 Stk.', 'Produkttyp': 'Spezialfarben & -stifte'}||||||sortiert||||||||0|0|61486_1.png|https://static.mueller.de/5903463615-PV-0/pdzoom/stabilo-permanent-marker-stabilo-write-4-all-superfein-4er-pack-blau-rot-gruen-schwarz.webp|61486_2.png|https://static.mueller.de/5903463615-PB-1/pdzoom/stabilo-permanent-marker-stabilo-write-4-all-superfein-4er-pack-blau-rot-gruen-schwarz.webp|61486_3.png|https://static.mueller.de/5903463615-PB-2/pdzoom/stabilo-permanent-marker-stabilo-write-4-all-superfein-4er-pack-blau-rot-gruen-schwarz.webp|61486_4.png|https://static.mueller.de/5903463615-PB-3/pdzoom/stabilo-permanent-marker-stabilo-write-4-all-superfein-4er-pack-blau-rot-gruen-schwarz.webp|61486_5.png|https://static.mueller.de/5903463615-PB-4/pdzoom/stabilo-permanent-marker-stabilo-write-4-all-superfein-4er-pack-blau-rot-gruen-schwarz.webp|61486_6.png|https://static.mueller.de/5903463615-PB-5/pdzoom/stabilo-permanent-marker-stabilo-write-4-all-superfein-4er-pack-blau-rot-gruen-schwarz.webp||||||||||||||||||||||1 Stk.|||True||61486P|||||||||10
442918|mueller||||||||2024-10-28|rayher OHRHAKEN 925 SILBER 2 STÜCK 2227500|||2|Stk.|Home|Spielwaren|Kreativ & Basteln|Bastelsets|rayher OHRHAKEN 925 SILBER 2 STÜCK 2227500|||2,79 €|2,79 €|||||||||||13,95 € / 10 Stk.|||EUR|Home> Spielwaren> Kreativ & Basteln> Bastelsets> rayher OHRHAKEN 925 SILBER 2 STÜCK 2227500|https://www.mueller.at/p/rayher-ohrhaken-925-silber-2-stueck-2227500-442918/|2 Stk.|Rayher - OHRHAKEN 925 SILBER 2 STÜCK 2227500||||||||14 Jahre||||||||||||||Non-Organic||||"{'target_group': 'Jugendliche|Erwachsene', 'manufacturer': 'Rayher Hobby GmbH', 'Herstelleradresse': 'Fockestr. 15 ,88471 Laupheim', 'Artikelnummer des Herstellers': '2227500', 'license': 'Rayher Schmuckzubehör Accessoires', 'Altersempfehlung ab': '14 Jahre', 'Inhalt': '2 Stk.', 'Produkttyp': 'Sonstiges Bastelzubehör'}"||||||||||||||3.0|1|442918_1.png|https://static.mueller.de/6703301308-PV-0/pdzoom/rayher-ohrhaken-925-silber-2-stueck-2227500.webp||||||||||||||||||||||Rayher Hobby GmbH||||||||||2 Stk.|||True||442918P|||||||||10
442909|mueller||||||||2024-10-28|rayher OHRHAKEN 925 SILBER 20MM 2 STÜCK 2227700|||2|Stk.|Home|Spielwaren|Kreativ & Basteln|Bastelsets|rayher OHRHAKEN 925 SILBER 20MM 2 STÜCK 2227700|||5,99 €|5,99 €|||||||||||29,95 € / 10 Stk.|||EUR|Home> Spielwaren> Kreativ & Basteln> Bastelsets> rayher OHRHAKEN 925 SILBER 20MM 2 STÜCK 2227700|https://www.mueller.at/p/rayher-ohrhaken-925-silber-20mm-2-stueck-2227700-442909/|2 Stk.|Rayher - OHRHAKEN 925 SILBER 20MM 2 STÜCK 2227700||||||||14 Jahre||||||||||||||Non-Organic||||"{'target_group': 'Jugendliche|Erwachsene', 'manufacturer': 'Rayher Hobby GmbH', 'Herstelleradresse': 'Fockestr. 15 ,88471 Laupheim', 'Artikelnummer des Herstellers': '2227700', 'license': 'Rayher Schmuckzubehör Accessoires', 'Altersempfehlung ab': '14 Jahre', 'Inhalt': '2 Stk.', 'Produkttyp': 'Sonstiges Bastelzubehör'}"||||||||||||||0|0|442909_1.png|https://static.mueller.de/6703301307-PV-0/pdzoom/rayher-ohrhaken-925-silber-20mm-2-stueck-2227700.webp||||||||||||||||||||||Rayher Hobby GmbH||||||||||2 Stk.|||True||442909P|||||||||10
799683|mueller||||||||2024-10-28|Dr.Oetker Kastenform Back-Liebe-Emaille 25cm|DR.OETKER||1|Stk.|Home|Haushalt|Kochen & Backen|Auflauf- & Backformen|Dr.Oetker Kastenform Back-Liebe-Emaille 25cm|||32,99 €|32,99 €||||||||||||||EUR|Home> Haushalt> Kochen & Backen> Auflauf- & Backformen> Dr.Oetker Kastenform Back-Liebe-Emaille 25cm|https://www.mueller.at/p/dr-oetker-kastenform-back-liebe-emaille-25cm-IPN799683/|1 Stk.|Dank der Kastenform von Dr. Oetker (25 x 11 x 7,5 cm) mit schnitt- und kratzfester Quarz-Emaille-Oberfläche gelingt jeder Kuchen. Die glasglatte Form überzeugt durch ihre ausgezeichnete Wärmeleitung, die für gleichmäßige Backergebnisse sorgt. Zudem ist die Form fruchtsäure- und hitzebeständig bis +400 °C. Nach dem Gebrauch kann sie ganz einfach in die Spülmaschine gegeben werden.||||||||||||||||||||||Non-Organic||||"{'Geeignet für': 'Backofen|Spuelmaschinen', 'manufacturer': 'Zenker Backformen GmbH & Co. KG', 'Herstelleradresse': 'Fritz-Mayer-Straße 7, 86661 Aichach', 'Kontaktmöglichkeit': 'service@oetker-kitchentools.de', 'Materialdetails': 'Quarz-Emaille-Versiegelung', 'product_property': 'hitzebständig', 'Höhe': '7.5 cm', 'Breite': '25 cm', 'Tiefe': '11 cm', 'Inhalt': '1 Stk.'}"||||||||Quarz-Emaille-Versiegelung||||||0|0|799683_1.png|https://static.mueller.de/pdzoom/4044935023679.webp||||||||||||||||||||||Zenker Backformen GmbH & Co. KG||||||||||1 Stk.|||False||799683P|||||"Backofen|Spuelmaschinen"||||1
799685|mueller||||||||2024-10-28|Dr.Oetker Kastenform Back-Liebe-Emaille 30cm|DR.OETKER||1|Stk.|Home|Haushalt|Kochen & Backen|Auflauf- & Backformen|Dr.Oetker Kastenform Back-Liebe-Emaille 30cm|||34,99 €|34,99 €||||||||||||||EUR|Home> Haushalt> Kochen & Backen> Auflauf- & Backformen> Dr.Oetker Kastenform Back-Liebe-Emaille 30cm|https://www.mueller.at/p/dr-oetker-kastenform-back-liebe-emaille-30cm-IPN799685/|1 Stk.|Dank der Kastenform von Dr. Oetker (30 x 13 x 7,5 cm) mit schnitt- und kratzfester Quarz-Emaille-Oberfläche gelingt jeder Kuchen. Die glasglatte Form überzeugt durch ihre ausgezeichnete Wärmeleitung, die für gleichmäßige Backergebnisse sorgt. Zudem ist die Form fruchtsäure- und hitzebeständig bis +400 °C. Nach dem Gebrauch kann sie ganz einfach in die Spülmaschine gegeben werden.||||||||||||||||||||||Non-Organic||||"{'Geeignet für': 'Backofen|Spuelmaschinen', 'manufacturer': 'Zenker Backformen GmbH & Co. KG', 'Herstelleradresse': 'Fritz-Mayer-Straße 7, 86661 Aichach', 'Kontaktmöglichkeit': 'service@oetker-kitchentools.de', 'Materialdetails': 'Quarz-Emaille-Versiegelung', 'product_property': 'hitzebständig', 'Höhe': '7.5 cm', 'Breite': '30 cm', 'Tiefe': '13 cm', 'Inhalt': '1 Stk.'}"||||||||Quarz-Emaille-Versiegelung||||||0|0|799685_1.png|https://static.mueller.de/pdzoom/4044935023686.webp||||||||||||||||||||||Zenker Backformen GmbH & Co. KG||||||||||1 Stk.|||True||799685P|||||"Backofen|Spuelmaschinen"||||10
403387|mueller||||||||2024-10-28|Mono Quick Bügelmotiv Blumenornament schwarz|MONO QUICK||1|Stk.|Home|Handarbeit|Kurzwaren|Mono Quick Bügelmotiv Blumenornament schwarz||||4,00 €|4,00 €||||||||||||||EUR|Home> Handarbeit> Kurzwaren> Mono Quick Bügelmotiv Blumenornament schwarz|https://www.mueller.at/p/mono-quick-buegelmotiv-blumenornament-schwarz-403387/|1 Stk.|"Blumenornament, schwarz. 
Basic 9x9,5 cm"||||||||||||||||||||||Non-Organic||||{'scope_of_delivery': '1 Stück', 'manufacturer': 'Mono-Quick GmbH', 'Herstelleradresse': 'Zechenstr. 10, 63796 Kahl am Main', 'Kontaktmöglichkeit': 'patches@mono-quick.de', 'Materialdetails': '80 % Baumwolle, 20 % Rayon', 'Inhalt': '1 Stk.'}||||||||80 % Baumwolle, 20 % Rayon||||||0|0|403387_1.png|https://static.mueller.de/6146355374-PV-0/pdzoom/mono-quick-buegelmotiv-blumenornament-schwarz.webp||||||||||||||||||||||Mono-Quick GmbH||||||||||1 Stk.|||True||403387P|||||||||10
799686|mueller||||||||2024-10-28|Dr.Oetker Gugelhupfform Back-Liebe-Emaille Ø 22cm|DR.OETKER||1|Stk.|Home|Haushalt|Kochen & Backen|Auflauf- & Backformen|Dr.Oetker Gugelhupfform Back-Liebe-Emaille Ø 22cm|||39,99 €|39,99 €||||||||||||||EUR|Home> Haushalt> Kochen & Backen> Auflauf- & Backformen> Dr.Oetker Gugelhupfform Back-Liebe-Emaille Ø 22cm|https://www.mueller.at/p/dr-oetker-gugelhupfform-back-liebe-emaille-22cm-IPN799686/|1 Stk.|Mit dem Gugelhupf von Dr. Oetker mit schnitt- und kratzfester Emaille-Versiegelung gelingt jeder Kuchen. Die glasglatte Backform überzeugt durch ihre ausgezeichnete Wärmeleitung, die für gleichmäßige Backergebnisse sorgt. Zudem ist die Form fruchtsäure- und temperaturbeständig bis +400 °C. Nach dem Gebrauch kann sie ganz einfach in der Spülmaschine gereinigt werden||||||||||||||||||||||Non-Organic||||"{'Geeignet für': 'Backofen|Spuelmaschinen', 'manufacturer': 'Zenker Backformen GmbH & Co. KG', 'Herstelleradresse': 'Fritz-Mayer-Straße 7, 86661 Aichach', 'Kontaktmöglichkeit': 'service@oetker-kitchentools.de', 'Materialdetails': 'Quarz-Emaille-Versiegelung', 'product_property': 'hitzebständig', 'Durchmesser': '22 cm', 'Inhalt': '1 Stk.'}"||||||||Quarz-Emaille-Versiegelung||||||0|0|799686_1.png|https://static.mueller.de/pdzoom/4044935023693.webp||||||||||||||||||||||Zenker Backformen GmbH & Co. KG||||||||||1 Stk.|||True||799686P|||||"Backofen|Spuelmaschinen"||||4
799687|mueller||||||||2024-10-28|Dr.Oetker Obstkuchenform Back-Liebe-Emaille Ø 28cm|DR.OETKER||1|Stk.|Home|Haushalt|Kochen & Backen|Auflauf- & Backformen|Dr.Oetker Obstkuchenform Back-Liebe-Emaille Ø 28cm|||32,99 €|32,99 €||||||||||||||EUR|Home> Haushalt> Kochen & Backen> Auflauf- & Backformen> Dr.Oetker Obstkuchenform Back-Liebe-Emaille Ø 28cm|https://www.mueller.at/p/dr-oetker-obstkuchenform-back-liebe-emaille-28cm-IPN799687/|1 Stk.|Die Obstkuchenform von Dr. Oetker (Ø 28 cm) zeichnet sich aus durch höchste Qualität. Die glasglatte Oberfläche der Quarz-Emaille-Versiegelung ist absolut schnitt- und kratzfest. Die ausgezeichnete Wärmeleitung sorgt für eine rundum gleichmäßige Bräunung. Zudem ist die Form fruchtsäure- und hitzebeständig bis +400 °C. Nach dem Gebrauch kann die Obstkuchenform ganz einfach in die Spülmaschine gegeben werden.||||||||||||||||||||||Non-Organic||||"{'Geeignet für': 'Backofen|Spuelmaschinen', 'manufacturer': 'Zenker Backformen GmbH & Co. KG', 'Herstelleradresse': 'Fritz-Mayer-Straße 7, 86661 Aichach', 'Kontaktmöglichkeit': 'service@oetker-kitchentools.de', 'Materialdetails': 'Quarz-Emaille-Versiegelung', 'product_property': 'hitzebständig', 'Durchmesser': '28 cm', 'Inhalt': '1 Stk.'}"||||||||Quarz-Emaille-Versiegelung||||||0|0|799687_1.png|https://static.mueller.de/pdzoom/4044935023709.webp||||||||||||||||||||||Zenker Backformen GmbH & Co. KG||||||||||1 Stk.|||True||799687P|||||"Backofen|Spuelmaschinen"||||8
2879601|mueller||||||||2024-10-28|Out of the Blue - Gefährliche Lust|||1|Stk.|Home|Multi-Media|Filme & TV|Erotik|Out of the Blue - Gefährliche Lust|||7,99 €|7,99 €||||||||||||||EUR|Home> Multi-Media> Filme & TV> Erotik> Out of the Blue - Gefährliche Lust|https://www.mueller.at/p/out-of-the-blue-gefaehrliche-lust-IPN2879601/|1 Stk.|"Connor Bates ist ein junger Mann, der wegen Körperverletzung im Gefängnis saß. Jetzt jobbt er in einer Bücherei und verbringt seine Freizeit mit Laufen, Schwimmen und dem Versuch, sein Leben wieder auf die richtige Spur zu bringen. Eines Tages lernt er Marilyn Chambers kennen, die Frau eines reichen Geschäftsmanns, der sie regelmäßig misshandelt. Zwischen den beiden entbrennt eine heftige erotische Beziehung und schon bald reden sie darüber, Marilyns Ehemann um die Ecke zu bringen. 

Diane Kruger (AUS DEM NICHTS) und Ray Nicholson (PROMISING YOUNG WOMAN) spielen die Hauptrollen in diesem Erotik-Thriller. Eine Geschichte über Liebe und Tod, Sex und Verführung, ganz in der Tradition von WENN DER POSTMANN ZWEIMAL KLINGELT, UNTREU und BODY HEAT - EINE HEISSKALTE FRAU.    

Presse: 
- „Eine großartige Femme Fatale“ - (L.A. Times)"||||||||||||||||||||||Non-Organic||||"{'medium': 'DVD', 'Untertitel': 'Deutsch', 'manufacturer': 'PLAION PICTURES', 'Bildformat': '16:9', 'Zusatzinfos / Bonusmaterial beim Film dabei': 'Trailer;\nWendecover;\nInterviews;', 'Inhalt': '1 Stk.', 'Laufzeit in min (gesamt)': '101', 'Produktionsjahr': '2022', 'Produktionsland': 'USA', 'Regisseur': 'Neil LaBute', 'Schauspieler': 'Diane Kruger,Hank Azaria,Ray Nicholson', 'Special Edition': 'Nein', 'Tonformat-Sprache': 'Deutsch,Englisch', 'packaging_type': 'Softbox', 'Hauptgenre': 'Thriller & Krimi|Erotik'}"||||||||||||||2.0|1|2879601_1.png|https://static.mueller.de/videojakob_4020628635879_pv_646570/pdzoom/out-of-the-blue-gefaehrliche-lust.webp|2879601_2.png|https://static.mueller.de/pdzoom/videojakob_4020628635879_pr_646570-back.webp|2879601_3.png|https://static.mueller.de/videojakob_4020628635879_pd_66607891/pdzoom/out-of-the-blue-gefaehrliche-lust.webp|2879601_4.png|https://static.mueller.de/videojakob_4020628635879_pd_66608016/pdzoom/out-of-the-blue-gefaehrliche-lust.webp|2879601_5.png|https://static.mueller.de/videojakob_4020628635879_pd_66608157/pdzoom/out-of-the-blue-gefaehrliche-lust.webp|2879601_6.png|https://static.mueller.de/videojakob_4020628635879_pd_66608297/pdzoom/out-of-the-blue-gefaehrliche-lust.webp||||||||||||PLAION PICTURES||||||||||1 Stk.|||True||2879601P|||||||||5
560097|mueller||||||||2024-10-28|Blink Microfaser Bodentuch|BLINK||1|Stk.|Home|Haushalt|Putzen & Reinigen|Bodenreinigung|Blink Microfaser Bodentuch|||2,75 €|2,75 €||||||||||||||EUR|Home> Haushalt> Putzen & Reinigen> Bodenreinigung> Blink Microfaser Bodentuch|https://www.mueller.at/p/blink-microfaser-bodentuch-560097/|1 Stk.|Bodentuch aus Microfaser||||||||||||||||||||||Non-Organic||||{'scope_of_delivery': '1 Stück', 'Pflegehinweis': '60 °C Normalwaschgang', 'manufacturer': 'a&n&a GmbH & Co. KG', 'Herstelleradresse': 'Benzstr. 12, 35799 Merenberg', 'Kontaktmöglichkeit': 'www.mueller.eu', 'Höhe': '60 cm', 'Breite': '50 cm', 'Inhalt': '1 Stk.'}||||||||||||||0|0|560097_1.png|https://static.mueller.de/6803834760-PV-0/pdzoom/blink-microfaser-bodentuch.webp||||||||||||||||60 °C Normalwaschgang||||||a&n&a GmbH & Co. KG||||||||||1 Stk.|||True||560097P|||||||||10
2601535|mueller||||||||2024-10-28|rayher Siegel Set Fisch 2,5cm ø|RAYHER||1|Stk.|Home|Schreibwaren|Bastelbedarf|Bastelsets|rayher Siegel Set Fisch 2,5cm ø|||12,99 €|12,99 €||||||||||||||EUR|Home> Schreibwaren> Bastelbedarf> Bastelsets> rayher Siegel Set Fisch 2,5cm ø|https://www.mueller.at/p/rayher-siegel-set-fisch-2-5cm-IPN2601535/|1 Stk.|Briefe versiegeln, eine alte Tradition wird neu entdeckt. Stell dir die Freude und Spannung vor, wenn der Empfänger deine persönliche Nachricht versiegelt empfängt.||||||||||||||||||||||Non-Organic||||{'manufacturer': 'Rayher Hobby GmbH', 'Herstelleradresse': 'Fockestr. 15 ,88471 Laupheim', 'Artikelnummer des Herstellers': '29207376', 'Inhalt': '1 Stk.', 'Produkttyp': 'Sonstiges'}||||||||||||||0|0|2601535_1.png|https://static.mueller.de/pdzoom/4006166481796.webp|2601535_2.png|https://static.mueller.de/pdzoom/4006166481796_4.webp|2601535_3.png|https://static.mueller.de/pdzoom/4006166481796_3.webp|2601535_4.png|https://static.mueller.de/pdzoom/4006166481796_2.webp||||||||||||||||Rayher Hobby GmbH||||||||||1 Stk.|||True||2601535P|||||||||10
3013500|mueller||||||||2024-10-28|Universal Pictures' Wicked Glinda Modepuppe mit abnehmbarer Mode und Zubehör|MATTEL||1|Stk.|Home|Spielwaren|Kuscheltiere & Puppen|Puppen|Anziehpuppen|Universal Pictures' Wicked Glinda Modepuppe mit abnehmbarer Mode und Zubehör||34,99 €|34,99 €|34,99 €|27,99 €||||20%|Sie sparen 20%|||||||EUR|Home> Spielwaren> Kuscheltiere & Puppen> Puppen> Anziehpuppen> Universal Pictures' Wicked Glinda Modepuppe mit abnehmbarer Mode und Zubehör|https://www.mueller.at/p/universal-pictures-wicked-glinda-modepuppe-mit-abnehmbarer-mode-und-zubehoer-IPN3013500/|1 Stk.|"Das beliebteste Mädchen von Oz ist da! Inspiriert von Universal Pictures' Wicked, fängt die Glinda Fashion Doll das Herz der Schwesternschaft aus dem Film ein. Gekleidet in ihre abnehmbare, filmgetreue Mode mit Clutch Bag, Halskette und Haarspangen, kann Glinda dynamische Posen mit Flexibilität am Oberkörper, an den Ellbogen, Handgelenken und Knien einnehmen. Außerdem verfügt sie über das lange, blonde Haar der Figur, das sie mit Accessoires ausstatten und stylen kann. Fans werden alle Puppen aus dem Land von Oz sammeln wollen! Jede Puppe wird separat verkauft, je nach Verfügbarkeit. Die Puppen können nicht alleine stehen. Farben und Dekorationen können variieren.
Betreten Sie das Land Oz mit der Wicked Glinda Modepuppe!Inspiriert von Universal Pictures' Wicked trägt Glinda ihr kultiges, abnehmbares Kleid in Ombre-Pink mit Rüschendetails, Absätzen und einer Clutch.Genau wie im Film hat sie ihr langes, blondes Haar mit Haarspangen zum Stylen und ist an Rumpf, Ellbogen, Handgelenken und Knien flexibel, um zu spielen und sich zu zeigen!Die Wicked-Puppen unterstreichen die Magie von Schwesternschaft und Freundschaft und sind ein inspirierendes Geschenk für Kinder, um ihre größten Träume zu verwirklichen!Fans können ihre Lieblingscharaktere sammeln, um Szenen nachzuspielen und ihre eigenen Geschichten und Abenteuer zu erfinden. Jede Puppe wird separat verkauft, je nach Verfügbarkeit.
Inhalt:Enthält 1 Glinda Modepuppe mit abnehmbarem Kleid, Halskette, Haarspangen und Schuhen sowie einer Tasche."||||||||4 Jahre||||||||||||||Non-Organic||||"{'target_group': 'Kindergartenkinder|Grundschüler', 'manufacturer': 'Mattel GmbH', 'Artikelnummer des Herstellers': 'HXT63', 'Altersempfehlung ab': '4 Jahre', 'Altersempfehlung bis': '99 Jahre', 'Inhalt': '1 Stk.', 'Produkttyp': 'Ankleidepuppen', 'verschluckbare Magnete': 'Nein'}"||||||||||||||0|0|3013500_1.png|https://static.mueller.de/pdzoom/194735238071.webp|3013500_2.png|https://static.mueller.de/pdzoom/194735238071_2.webp|3013500_3.png|https://static.mueller.de/pdzoom/194735238071_4.webp|3013500_4.png|https://static.mueller.de/pdzoom/194735238071_5.webp|3013500_5.png|https://static.mueller.de/pdzoom/194735238071_3.webp|3013500_6.png|https://static.mueller.de/pdzoom/194735238071_6.webp||||||||||||Mattel GmbH||||||||||1 Stk.|||False||3013500P|||||||||1
3013501|mueller||||||||2024-10-28|Universal Pictures' Wicked Nessarose Modepuppe mit abnehmbarer Mode und Zubehör|MATTEL||1|Stk.|Home|Spielwaren|Kuscheltiere & Puppen|Puppen|Anziehpuppen|Universal Pictures' Wicked Nessarose Modepuppe mit abnehmbarer Mode und Zubehör||34,99 €|34,99 €|34,99 €|27,99 €||||20%|Sie sparen 20%|||||||EUR|Home> Spielwaren> Kuscheltiere & Puppen> Puppen> Anziehpuppen> Universal Pictures' Wicked Nessarose Modepuppe mit abnehmbarer Mode und Zubehör|https://www.mueller.at/p/universal-pictures-wicked-nessarose-modepuppe-mit-abnehmbarer-mode-und-zubehoer-IPN3013501/|1 Stk.|"Inspiriert von Universal Pictures' Wicked, fängt die Nessarose Modepuppe das Herz der Schwesternschaft aus dem Film ein! Nessarose ist mit ihrem handgefertigten, goldenen Rollstuhl mit verzierten Details ausgestattet und trägt ein abnehmbares Outfit mit detaillierten Texturdrucken und roter Verzierung, das mit klassischen, juwelenbesetzten Pantoffeln ausgestattet ist. Nessarose ist an Rumpf, Ellbogen, Handgelenken und Knien beweglich und verfügt über die originalgetreuen Details der Figur und ihr braunes, lockiges Haar. Fans werden alle Puppen aus dem Land von Oz sammeln wollen! Jede Puppe wird einzeln verkauft, je nach Verfügbarkeit. Die Puppen können nicht alleine stehen. Farben und Dekorationen können variieren.
- Betreten Sie das Land von Oz mit der Wicked Nessarose Modepuppe!- Inspiriert durch den Film Wicked von Universal Pictures trägt die wilde junge Schwester ihr kultiges Kleid mit Puffärmeln und roten Nähten sowie ihre mit Juwelen besetzten Hausschuhe!- Die Puppe Nessarose wird mit ihrem goldenen Rollstuhl mit rollenden Rädern und wunderschönen Verzierungen geliefert!- Genau wie im Film hat Nessarose braunes, gelocktes Haar und ist an Rumpf, Ellbogen, Handgelenken und Knien flexibel, so dass sie sich endlos stylen und posieren lässt!- Die Wicked-Puppen unterstreichen die Magie von Schwesternschaft und Freundschaft und sind ein inspirierendes Geschenk für Kinder, um ihre größten Träume zu verwirklichen!- Fans können ihre Lieblingscharaktere sammeln, um Szenen nachzuspielen und ihre eigenen Geschichten und Abenteuer zu erfinden. Jede Puppe wird separat verkauft, je nach Verfügbarkeit.
Inhalt:Enthält die Modepuppe Nessarose mit abnehmbarem Kleid und Schuhen sowie einen Rollstuhl."||||||||4 Jahre||||||||||||||Non-Organic||||"{'target_group': 'Kindergartenkinder|Grundschüler', 'manufacturer': 'Mattel GmbH', 'Artikelnummer des Herstellers': 'HXY36', 'Altersempfehlung ab': '4 Jahre', 'Altersempfehlung bis': '99 Jahre', 'Inhalt': '1 Stk.', 'Produkttyp': 'Ankleidepuppen', 'verschluckbare Magnete': 'Nein'}"||||||||||||||0|0|3013501_1.png|https://static.mueller.de/pdzoom/194735241682.webp|3013501_2.png|https://static.mueller.de/pdzoom/194735241682_6.webp|3013501_3.png|https://static.mueller.de/pdzoom/194735241682_2.webp|3013501_4.png|https://static.mueller.de/pdzoom/194735241682_3.webp|3013501_5.png|https://static.mueller.de/pdzoom/194735241682_4.webp|3013501_6.png|https://static.mueller.de/pdzoom/194735241682_5.webp||||||||||||Mattel GmbH||||||||||1 Stk.|||False||3013501P|||||||||1
3013502|mueller||||||||2024-10-28|Universal Pictures' Wicked Singing Elphaba Modepuppe, beweglich mit abnehmbarer Film-Mode und Zubehör|MATTEL||1|Stk.|Home|Spielwaren|Kuscheltiere & Puppen|Puppen|Anziehpuppen|Universal Pictures' Wicked Singing Elphaba Modepuppe, beweglich mit abnehmbarer Film-Mode und Zubehör||39,99 €|39,99 €|39,99 €|29,99 €||||25%|Sie sparen 25%|||||||EUR|Home> Spielwaren> Kuscheltiere & Puppen> Puppen> Anziehpuppen> Universal Pictures' Wicked Singing Elphaba Modepuppe, beweglich mit abnehmbarer Film-Mode und Zubehör|https://www.mueller.at/p/universal-pictures-wicked-singing-elphaba-modepuppe-beweglich-mit-abnehmbarer-film-mode-und-zubehoer-IPN3013502/|1 Stk.|"Singen Sie zusammen mit Elphaba! Inspiriert von Universal Pictures' Wicked, fängt die singende Elphaba Modepuppe das Herz des Empowerments ein und trotzt allen Widrigkeiten. Drücke den Knopf, um Ausschnitte aus ihrem kultigen Song „Defying Gravity“ zu hören. Die Studentin der Shiz University trägt ein abnehmbares, weiches schwarzes Kleid, das mit ihrem charakteristischen spitzen Hut und Schuhen mit hohen Absätzen verziert ist. Lange, geflochtene Haare und ihre grüne Haut vervollständigen den vom Film inspirierten Look. Die Elphaba-Puppe ist ein musikalisches Geschenk für Fans des Musicals, die gerne mitsingen. Die Puppen können nicht alleine stehen. Farben und Dekorationen können variieren.
- Inspiriert von Universal Pictures' Wicked, erweckt die singende Elphaba Modepuppe das Musical zum Leben!- Singen Sie „Defying Gravity“ zusammen mit Elphaba - drücken Sie den Knopf, um einen 15-sekündigen Clip zu hören, und drücken Sie ihn dann erneut, um einen zweiten 15-sekündigen Clip zu hören.- Elphaba trägt ein weiches, abnehmbares Kleid, hat grüne Haut und schwarzes, geflochtenes Haar, das sich beliebig stylen lässt!- Die Wicked-Puppen unterstreichen die Magie von Schwesternschaft und Freundschaft und sind ein inspirierendes Geschenk für Kinder, um ihre größten Träume zu verwirklichen!- Fans können ihre Lieblingscharaktere sammeln, um Szenen nachzuspielen und ihre eigenen Geschichten und Abenteuer zu erfinden. Jede Puppe wird separat verkauft, je nach Verfügbarkeit.
Inhalt:Enthält 1 singende Elphaba Modepuppe mit abnehmbarem Kleid, Hut und Schuhen."||||||||4 Jahre||||||||||||||Non-Organic||||"{'target_group': 'Kindergartenkinder|Grundschüler', 'manufacturer': 'Mattel GmbH', 'Artikelnummer des Herstellers': 'HYM40', 'Altersempfehlung ab': '4 Jahre', 'Altersempfehlung bis': '99 Jahre', 'Inhalt': '1 Stk.', 'Produkttyp': 'Ankleidepuppen', 'verschluckbare Magnete': 'Nein'}"||||||||||||||0|0|3013502_1.png|https://static.mueller.de/pdzoom/194735251131.webp|3013502_2.png|https://static.mueller.de/pdzoom/194735251131_2.webp|3013502_3.png|https://static.mueller.de/pdzoom/194735251131_3.webp|3013502_4.png|https://static.mueller.de/pdzoom/194735251131_5.webp|3013502_5.png|https://static.mueller.de/pdzoom/194735251131_6.webp|3013502_6.png|https://static.mueller.de/pdzoom/194735251131_4.webp||||||||||||Mattel GmbH||||||||||1 Stk.|||False||3013502P|||||||||1
3013503|mueller||||||||2024-10-28|Universal Pictures' Wicked Singing Glinda Modepuppe, beweglich mit abnehmbarer Film-Mode und Zubehör|MATTEL||1|Stk.|Home|Spielwaren|Kuscheltiere & Puppen|Puppen|Anziehpuppen|Universal Pictures' Wicked Singing Glinda Modepuppe, beweglich mit abnehmbarer Film-Mode und Zubehör||39,99 €|39,99 €|39,99 €|29,99 €||||25%|Sie sparen 25%|||||||EUR|Home> Spielwaren> Kuscheltiere & Puppen> Puppen> Anziehpuppen> Universal Pictures' Wicked Singing Glinda Modepuppe, beweglich mit abnehmbarer Film-Mode und Zubehör|https://www.mueller.at/p/universal-pictures-wicked-singing-glinda-modepuppe-beweglich-mit-abnehmbarer-film-mode-und-zubehoer-IPN3013503/|1 Stk.|"Das beliebteste Mädchen von Oz ist da, und sie ist bereit zu singen! Inspiriert von Universal Pictures' Wicked, fängt die singende Glinda Modepuppe den liebenswerten, denkwürdigen Moment aus dem Film ein. Drücke auf den Knopf und singe bei den Clips ihres Kultliedes „Popular“ mit. Die gutherzige Figur trägt ein abnehmbares, zartrosa Kleid, das mit Haarspangen und Schuhen ausgestattet ist. Ihr langes, blondes Haar vervollständigt den Film-Look für endlosen Styling-Spaß! Die Glinda-Puppe ist ein charmantes Geschenk für Fans, die gerne mitsingen. Die Puppen können nicht alleine stehen. Farben und Dekorationen können variieren.
- Inspiriert von Universal Pictures' Wicked, erweckt die singende Glinda Modepuppe die Musik zum Leben!- Singen Sie „Popular“ zusammen mit Glinda - drücken Sie den Knopf, um einen 15-sekündigen Clip zu hören, und drücken Sie ihn dann erneut, um einen zweiten 15-sekündigen Clip zu hören.- Glinda trägt ein weiches, abnehmbares, pinkfarbenes Ombre-Kleid mit Puffärmeln und ihr langes blondes Haar - verwende ihre Haarspangen-Accessoires, um noch mehr Glinda-Looks und -Styles zu kreieren!- Die Wicked-Puppen unterstreichen die Magie von Schwesternschaft und Freundschaft und sind ein inspirierendes Geschenk für Kinder, um ihre größten Träume zu verwirklichen!- Fans können ihre Lieblingscharaktere sammeln, um Szenen nachzuspielen und ihre eigenen Geschichten und Abenteuer zu erfinden. Jede Puppe wird separat verkauft, je nach Verfügbarkeit.
Inhalt:Enthält 1 Singling Glinda Modepuppe mit abnehmbarem Kleid, Haarspangen und Schuhen."||||||||4 Jahre||||||||||||||Non-Organic||||"{'target_group': 'Kindergartenkinder|Grundschüler', 'manufacturer': 'Mattel GmbH', 'Artikelnummer des Herstellers': 'HYM41', 'Altersempfehlung ab': '4 Jahre', 'Altersempfehlung bis': '99 Jahre', 'Inhalt': '1 Stk.', 'Produkttyp': 'Ankleidepuppen', 'verschluckbare Magnete': 'Nein'}"||||||||||||||0|0|3013503_1.png|https://static.mueller.de/pdzoom/194735251155.webp|3013503_2.png|https://static.mueller.de/pdzoom/194735251155_2.webp|3013503_3.png|https://static.mueller.de/pdzoom/194735251155_3.webp|3013503_4.png|https://static.mueller.de/pdzoom/194735251155_5.webp|3013503_5.png|https://static.mueller.de/pdzoom/194735251155_4.webp|3013503_6.png|https://static.mueller.de/pdzoom/194735251155_6.webp||||||||||||Mattel GmbH||||||||||1 Stk.|||False||3013503P|||||||||1
3013504|mueller||||||||2024-10-28|"Nostalgic-Art Blechschild 20 x 30 cm ""Toiletten-Regeln"""|NOSTALGIC ART||1|Stk.|Home|Haushalt|Wohnen & Dekorieren|Bilder & Rahmen|"Nostalgic-Art Blechschild 20 x 30 cm ""Toiletten-Regeln"""|||15,95 €|15,95 €||||||||||||||EUR|"Home> Haushalt> Wohnen & Dekorieren> Bilder & Rahmen> Nostalgic-Art Blechschild 20 x 30 cm ""Toiletten-Regeln"""|https://www.mueller.at/p/nostalgic-art-blechschild-20-x-30-cm-toiletten-regeln-IPN3013504/|1 Stk.|"Blechschilder sind beliebte Retro-Objekte, die Stil und Persönlichkeit in die eigenen vier Wände bringen. Viele der Motive wecken Erinnerungen an die ""gute alte Zeit"" und zaubern einen Hauch von Nostalgie in die Küche, das Wohnzimmer oder die Heimbar.
Ob als Geschenk für Ihre Liebsten oder für Ihr Zuhause – Ein schönes dekoratives Blechschild im Format 20 x 30 cm erwartet Sie. Das entspricht in etwa der Größe DIN A4.
Das Schild ist in Deutschland gefertigt und überzeugt auf Stahlblech mit einer hochwertigen Verarbeitung ""Made in Germany"". Das Material steht für Qualität und Langlebigkeit und hebt sich deutlich von Alternativen wie Postern oder Plastikprodukten ab. In einem sehr feinen Raster werden die Farben direkt auf das Metall gedruckt. Das Resultat ist ein gestochen scharfes Bild und brillante Farben. Zusätzlicher Schutzlack erhöht die Langlebigkeit und verleiht dem Motiv einen schönen Glanz. Auf mehreren Ebenen werden bestimmte Teile des Motivs dreidimensional hervorgehoben. Diese sogenannte Motivprägung lässt das Design besonders plastisch wirken. So hebt sich dieses Blechschild deutlich von einfachen Plastikprodukten ab. In allen vier Ecken befinden sich unauffällige vorgebohrte Löcher. So können Sie das Schild ganz einfach mit Nägeln an der Wand anbringen. Abgerundete Ecken und umgeschlagene Kanten runden den hochwertigen Gesamteindruck ab."||||||||||||||||||||||Non-Organic||||{'Pflegehinweis': 'spuelmaschinen_geeignet', 'manufacturer': 'Nostalgic-Art Merchandising GmbH', 'Herstelleradresse': 'Am Borsigturm 156, 13507 Berlin', 'Inhalt': '1 Stk.'}||||||||||||||0|0|3013504_1.png|https://static.mueller.de/pdzoom/4036113223889.webp|3013504_2.png|https://static.mueller.de/pdzoom/4036113223889_01.webp|3013504_3.png|https://static.mueller.de/pdzoom/4036113223889_02.webp|3013504_4.png|https://static.mueller.de/pdzoom/4036113223889_03.webp||||||||||spuelmaschinen_geeignet||||||Nostalgic-Art Merchandising GmbH||||||||||1 Stk.|||True||3013504P|||||||||10
3013505|mueller||||||||2024-10-28|RAUSCH Anti-Pollution-Peeling-Shampoo mit Schweizer Apfel|RAUSCH||100|ml|Home|Drogerie|Pflege|Haarpflege|Haarwäsche|Haarshampoo|RAUSCH Anti-Pollution-Peeling-Shampoo mit Schweizer Apfel|16,45 €|16,45 €|||||||||||164,50 € / 1 l|||EUR|Home> Drogerie> Pflege> Haarpflege> Haarwäsche> Haarshampoo> RAUSCH Anti-Pollution-Peeling-Shampoo mit Schweizer Apfel|https://www.mueller.at/p/rausch-anti-pollution-peeling-shampoo-mit-schweizer-apfel-IPN3013505/|100 ml|"Dürfen wir vorstellen: Die innovative Intensivreinigung für gereinigtes, geschütztes Haar! Das grüne Power-Paket mit wohltuendem Peeling-Effekt, speziell entwickelt für die wöchentliche Anwendung, befreit Deine Mähne intensiv von Umweltverschmutzung und ist zugleich ein ultimativer Schutzschild mit spritzig-frischem Apfelduft.
Luftverschmutzung und Umweltpartikel wie Pollen haben negative Auswirkungen auf uns Menschen – auch auf Kopfhaut und Haar. Denn die Haare wirken wie ein Partikelfänger: Sie fühlen sich durch die Umweltpartikel stumpf an und riechen unangenehm. Auf Dauer leidet darunter die Haarstruktur, die Kopfhaut juckt. Genau hier kommt das Anti-Pollution-Peeling-Shampoo mit Schweizer Apfel ins Spiel. Es reinigt umweltbelastetes Haar und die Kopfhaut intensiv von Partikeln wie Feinstaub und Pollen. Auch Talg und Stylingrückstände entfernt es ganz easy – dies dank sanften, aber effektiven Peeling-Körnchen aus Cellulose, inspiriert von Mutter Natur und komplett mikroplastikfrei. Nach der Intensivreinigung empfehlen wir die Verwendung einer reichhaltigen Kur, zum Beispiel die Nähr-Kur mit Weizenkeim.
Das grüne Kraftpaket mit dem Prädikat «Made in Switzerland» kann sogar noch mehr: Es bietet nebst einer intensiven Reinigung zugleich Schutz vor täglichen Umweltstrapazen. Ein innovativer Anti-Pollution-Wirkstoff bildet eine unsichtbare Barriere, die das Anhaften neuer schädlicher Partikel verhindert. Als zusätzliches Plus steckt die Kraft von Extrakten aus Schweizer Apfel und Gerstengras in jeder Tube. Ersteres wird im Frühling aus Jungäpfeln aus dem Thurgau gewonnen, einem Nebenprodukt aus dem Obstanbau. Auch sonst steckt das Peeling voller Energie aus der Natur: Ganze 94% der silikonfreien Rezeptur bestehen aus Inhaltsstoffen natürlichen Ursprungs. Aber Achtung: Der spritzig-frische Duft nach grünem Apfel und einem Hauch von Pfirsich kann süchtig machen…

Tiefenreinigendes Peeling-Shampoo für die wöchentliche Anwendung
Mit Anti-Pollution-Wirkstoff und naturbasierten Peeling-Partikeln aus Cellulose
Hergestellt in der Schweiz mit einem hauseigenen Extrakt von Schweizer Jungäpfeln sowie Gerstengras 
Silikonfrei und mit 94% Inhaltsstoffen natürlichen Ursprungs
Verpackung aus 100% PE-Monomaterial
"||zwischen 15°C und 25°C lagern||||||||||||||||||||Non-Organic||||"{'Lagerhinweis': 'zwischen 15°C und 25°C lagern', 'hair_type': 'alle Haartypen', 'Effekt': 'schützend|pflegend', 'target_group': 'Damen|Herren|Unisex', 'manufacturer': 'RAUSCH AG KREUZLINGEN', 'Herstelleradresse': 'Bärenstrasse 12, 8280 Kreuzlingen, Schweiz', 'Kontaktmöglichkeit': 'info@rausch.ch', 'dermatologically_tested': 'Ja', 'Anwendungshinweis': 'Einmal pro Woche auf feuchte Kopfhaut und Haare auftragen. Sanft einmassieren. Sehr gründlich mit lauwarmem Wasser ausspülen.', 'package_contents': 'Aqua, Sodium Laureth Sulfate (ex coco), Malus Domestica Fruit Extract, Lauryl Glucoside, Dehydroxanthan Gum, Microcrystalline Cellulose, Hordeum Vulgare Leaf Extract, Caesalpinia Spinosa Fruit Pod Extract, Helianthus Annuus Sprout Extract, Glycerin, Sodium Anisate, Sodium Levulinate, Palmitamidopropyltrimonium Chloride, Propylene Glycol, Alcohol Denat., Citric Acid, Phenoxyethanol, Sodium Salicylate, Benzoic Acid, Sodium Benzoate, Parfum, CI 47005, CI 42090', 'product_property': 'PH neutral|pflegend|schützend', 'Inhalt': '100 ml', 'Produkttyp': 'Haarshampoo'}"||||||||||||||0|0|3013505_1.png|https://static.mueller.de/pdzoom/7621500172535.webp|3013505_2.png|https://static.mueller.de/pdzoom/7621500172535_1.webp|3013505_3.png|https://static.mueller.de/pdzoom/7621500172535_5.webp|3013505_4.png|https://static.mueller.de/pdzoom/7621500172535_3.webp|3013505_5.png|https://static.mueller.de/pdzoom/7621500172535_4.webp|3013505_6.png|https://static.mueller.de/pdzoom/7621500172535_2.webp||||||||||||RAUSCH AG KREUZLINGEN||||||||||100 ml|Aqua, Sodium Laureth Sulfate (ex coco), Malus Domestica Fruit Extract, Lauryl Glucoside, Dehydroxanthan Gum, Microcrystalline Cellulose, Hordeum Vulgare Leaf Extract, Caesalpinia Spinosa Fruit Pod Extract, Helianthus Annuus Sprout Extract, Glycerin, Sodium Anisate, Sodium Levulinate, Palmitamidopropyltrimonium Chloride, Propylene Glycol, Alcohol Denat., Citric Acid, Phenoxyethanol, Sodium Salicylate, Benzoic Acid, Sodium Benzoate, Parfum, CI 47005, CI 42090||True||3013505P|||||||||10
2879628|mueller||||||||2024-10-28|Folge 25: Heiße Spur im Nebelhafen|||1|Stk.|Home|Multi-Media|Musik|Hörspiele|Folge 25: Heiße Spur im Nebelhafen|||3,33 €|3,33 €||||||||||||||EUR|Home> Multi-Media> Musik> Hörspiele> Folge 25: Heiße Spur im Nebelhafen|https://www.mueller.at/p/folge-25-heisse-spur-im-nebelhafen-IPN2879628/|1 Stk.|||||||||||||||||||||||Non-Organic||||{'medium': 'CD', 'Künstler': 'TKKG Junior', 'Inhalt': '1 Stk.', 'Anzahl Medien im Artikel': '1', 'genre': 'Hörspiel (Kinder)', 'Label': 'SME Famil'}||||||||||||||0|0|2879628_1.png|https://static.mueller.de/pdzoom/phononet_0196587669423_pv_0196587669423-0600px-001.webp|2879628_2.png|https://static.mueller.de/pdzoom/phononet_0196587669423_pr_0196587669423-0600px-002.webp||||||||||||||||||||||||||||||1 Stk.|||False||2879628P|||||||||1
3013506|mueller||||||||2024-10-28|"Nostalgic-Art Blechschild 20 x 30 cm ""Papas Service"""|NOSTALGIC ART||1|Stk.|Home|Haushalt|Wohnen & Dekorieren|Bilder & Rahmen|"Nostalgic-Art Blechschild 20 x 30 cm ""Papas Service"""|||15,95 €|15,95 €||||||||||||||EUR|"Home> Haushalt> Wohnen & Dekorieren> Bilder & Rahmen> Nostalgic-Art Blechschild 20 x 30 cm ""Papas Service"""|https://www.mueller.at/p/nostalgic-art-blechschild-20-x-30-cm-papas-service-IPN3013506/|1 Stk.|"Blechschilder sind beliebte Retro-Objekte, die Stil und Persönlichkeit in die eigenen vier Wände bringen. Viele der Motive wecken Erinnerungen an die ""gute alte Zeit"" und zaubern einen Hauch von Nostalgie in die Küche, das Wohnzimmer oder die Heimbar.
Ob als Geschenk für Ihre Liebsten oder für Ihr Zuhause – Ein schönes dekoratives Blechschild im Format 20 x 30 cm erwartet Sie. Das entspricht in etwa der Größe DIN A4.
Das Schild ist in Deutschland gefertigt und überzeugt auf Stahlblech mit einer hochwertigen Verarbeitung ""Made in Germany"". Das Material steht für Qualität und Langlebigkeit und hebt sich deutlich von Alternativen wie Postern oder Plastikprodukten ab. In einem sehr feinen Raster werden die Farben direkt auf das Metall gedruckt. Das Resultat ist ein gestochen scharfes Bild und brillante Farben. Zusätzlicher Schutzlack erhöht die Langlebigkeit und verleiht dem Motiv einen schönen Glanz. Auf mehreren Ebenen werden bestimmte Teile des Motivs dreidimensional hervorgehoben. Diese sogenannte Motivprägung lässt das Design besonders plastisch wirken. So hebt sich dieses Blechschild deutlich von einfachen Plastikprodukten ab. In allen vier Ecken befinden sich unauffällige vorgebohrte Löcher. So können Sie das Schild ganz einfach mit Nägeln an der Wand anbringen. Abgerundete Ecken und umgeschlagene Kanten runden den hochwertigen Gesamteindruck ab."||||||||||||||||||||||Non-Organic||||{'Pflegehinweis': 'spuelmaschinen_geeignet', 'manufacturer': 'Nostalgic-Art Merchandising GmbH', 'Herstelleradresse': 'Am Borsigturm 156, 13507 Berlin', 'Inhalt': '1 Stk.'}||||||||||||||0|0|3013506_1.png|https://static.mueller.de/pdzoom/4036113224022.webp|3013506_2.png|https://static.mueller.de/pdzoom/4036113224022_02.webp|3013506_3.png|https://static.mueller.de/pdzoom/4036113224022_03.webp|3013506_4.png|https://static.mueller.de/pdzoom/4036113224022_01.webp||||||||||spuelmaschinen_geeignet||||||Nostalgic-Art Merchandising GmbH||||||||||1 Stk.|||True||3013506P|||||||||10
2879629|mueller||||||||2024-10-28|Erbe des Drachen (Das Orginal-Hörspiel zum Kinofi|||1|Stk.|Home|Multi-Media|Musik|Hörspiele|Erbe des Drachen  (Das Orginal-Hörspiel zum Kinofi|||8,99 €|8,99 €||||||||||||||EUR|Home> Multi-Media> Musik> Hörspiele> Erbe des Drachen  (Das Orginal-Hörspiel zum Kinofi|https://www.mueller.at/p/erbe-des-drachen-das-orginal-hoerspiel-zum-kinofi-IPN2879629/|1 Stk.|||||||||||||||||||||||Non-Organic||||{'medium': 'CD', 'Künstler': 'Die drei ???', 'Inhalt': '1 Stk.', 'Anzahl Medien im Artikel': '2', 'genre': 'Hörspiel (Kinder)', 'Label': 'SME Famil'}||||||||||||||0|0|2879629_1.png|https://static.mueller.de/pdzoom/phononet_0196587410926_pv_0196587410926-0600px-001.webp|2879629_2.png|https://static.mueller.de/pdzoom/phononet_0196587410926_pr_0196587410926-0600px-002.webp||||||||||||||||||||||||||||||1 Stk.|||False||2879629P|||||||||1
3013507|mueller||||||||2024-10-28|"Nostalgic-Art Blechschild 15 x 20 cm ""VIP Lounge"""|NOSTALGIC ART||1|Stk.|Home|Haushalt|Wohnen & Dekorieren|Bilder & Rahmen|"Nostalgic-Art Blechschild 15 x 20 cm ""VIP Lounge"""|||9,95 €|9,95 €||||||||||||||EUR|"Home> Haushalt> Wohnen & Dekorieren> Bilder & Rahmen> Nostalgic-Art Blechschild 15 x 20 cm ""VIP Lounge"""|https://www.mueller.at/p/nostalgic-art-blechschild-15-x-20-cm-vip-lounge-IPN3013507/|1 Stk.|"Blechschilder sind beliebte Retro-Objekte, die Stil und Persönlichkeit in die eigenen vier Wände bringen. Viele der Motive wecken Erinnerungen an die ""gute alte Zeit"" und zaubern einen Hauch von Nostalgie in den Hobbykeller, die Garage oder ins Wohnzimmer. Ob als Geschenk für Ihre Liebsten oder für Ihr Zuhause – Ein schönes dekoratives Blechschild im Format 15 x 20 cm erwartet Sie. Das entspricht in etwa der Größe DIN A5. Das Schild ist in Deutschland gefertigt und überzeugt auf Stahlblech mit einer hochwertigen Verarbeitung ""Made in Germany"". Das Material steht für Qualität und Langlebigkeit und hebt sich deutlich von Alternativen wie Postern oder Plastikprodukten ab. In einem sehr feinen Raster werden die Farben direkt auf das Metall gedruckt. Das Resultat ist ein gestochen scharfes Bild und brillante Farben. Zusätzlicher Schutzlack erhöht die Langlebigkeit und verleiht dem Motiv einen schönen Glanz. Auf mehreren Ebenen werden bestimmte Teile des Motivs dreidimensional hervorgehoben. Diese sogenannte Motivprägung lässt das Design besonders plastisch wirken. So hebt sich dieses Blechschild deutlich von einfachen Plastikprodukten ab. In allen vier Ecken befinden sich unauffällige vorgebohrte Löcher. So können Sie das Schild ganz einfach mit Nägeln an der Wand anbringen. Abgerundete Ecken und umgeschlagene Kanten runden den hochwertigen Gesamteindruck ab."||||||||||||||||||||||Non-Organic||||{'Pflegehinweis': 'spuelmaschinen_geeignet', 'manufacturer': 'Nostalgic-Art Merchandising GmbH', 'Herstelleradresse': 'Am Borsigturm 156, 13507 Berlin', 'Inhalt': '1 Stk.'}||||||||||||||0|0|3013507_1.png|https://static.mueller.de/pdzoom/4036113261232.webp|3013507_2.png|https://static.mueller.de/pdzoom/4036113261232_03.webp|3013507_3.png|https://static.mueller.de/pdzoom/4036113261232_01.webp|3013507_4.png|https://static.mueller.de/pdzoom/4036113261232_02.webp||||||||||spuelmaschinen_geeignet||||||Nostalgic-Art Merchandising GmbH||||||||||1 Stk.|||True||3013507P|||||||||10
3013508|mueller||||||||2024-10-28|CV & mygloss Glossy Lips DIY Lipgloss-Set|CV||1|Stk.|Home|Drogerie|Pflege|Gesichtspflege|Make-up|Lippen|CV & mygloss Glossy Lips DIY Lipgloss-Set|29,99 €|29,99 €||||||||||||||EUR|Home> Drogerie> Pflege> Gesichtspflege> Make-up> Lippen> CV & mygloss Glossy Lips DIY Lipgloss-Set|https://www.mueller.at/p/cv-mygloss-glossy-lips-diy-lipgloss-set-IPN3013508/|1 Stk.|Entdecke das GLOSSY LIPS DIY Lipgloss-Set! Das Set enthält drei schimmernde, hochwertige Farbpigmente und eine pflegende Lipgloss Base mit angenehmem Vanilleduft. Mit den professionellen Utensilien kannst du bis zu 6 individuelle Lipglosse kreieren. Folge einfach der Schritt-für-Schritt-Anleitung und gestalte deinen eigenen einzigartigen Lipgloss!||||||||||||||||||||||Non-Organic||||{'Effekt': 'pflegend', 'consistency': 'Gloss', 'target_group': 'Damen', 'manufacturer': 'RLT Trade GmbH', 'Herstelleradresse': 'Rippoldsauerstr. 16, DE-70372 Stuttgart', 'Kontaktmöglichkeit': 'www.mueller.eu', 'Anwendungshinweis': 'Folge der Schritt-für-Schritt-Anleitung in der Box.', 'package_contents': 'LIPGLOSS BASE: HYDROGENATED POLYISOBUTENE, OCTYLDODECANOL, HYDROGENATED POLYDECENE, PENTAERYTHRITYL TETRAISOSTEARATE, SILICA, POLYGLYCERYL2 DIPOLYHYDROXYSTEARATE, EUPHORBIA CERIFERA CERA, VITIS VINIFERA SEED OIL, AROMA, SQUALANE, GLYCERYL STEARATE, GLYCERYL OLEATE, CAPRYLYL GLYCOL, PHENOXYETHANOL, DIETHYLHEXYL SYRINGYLIDENEMALONATE, OLUS OIL, HEXYLENE GLYCOL, CAPRYLIC/CAPRIC TRIGLYCERIDE, TOCOPHEROL. PEARL PIGMENT 101: MICA, CI 77491, CI 77891. PEARL PIGMENT 301: MICA, CI 77891, CI 75470. PEARL PIGMENT 903: SYNTHETIC FLUORPHLOGOPITE, CI 77891, TIN OXIDE.', 'Inhalt': '1 Stk.', 'scope_of_application': 'Lippen', 'Produkttyp': 'Lippenfarbe'}||||||||||||||5.0|1|3013508_1.png|https://static.mueller.de/pdzoom/2200301350868.webp|3013508_2.png|https://static.mueller.de/pdzoom/2200301350868_1.webp|3013508_3.png|https://static.mueller.de/pdzoom/2200301350868-PD.webp|3013508_4.png|https://static.mueller.de/pdzoom/2200301350868_.webp||||||||||||||||RLT Trade GmbH||||||||||1 Stk.|LIPGLOSS BASE: HYDROGENATED POLYISOBUTENE, OCTYLDODECANOL, HYDROGENATED POLYDECENE, PENTAERYTHRITYL TETRAISOSTEARATE, SILICA, POLYGLYCERYL2 DIPOLYHYDROXYSTEARATE, EUPHORBIA CERIFERA CERA, VITIS VINIFERA SEED OIL, AROMA, SQUALANE, GLYCERYL STEARATE, GLYCERYL OLEATE, CAPRYLYL GLYCOL, PHENOXYETHANOL, DIETHYLHEXYL SYRINGYLIDENEMALONATE, OLUS OIL, HEXYLENE GLYCOL, CAPRYLIC/CAPRIC TRIGLYCERIDE, TOCOPHEROL. PEARL PIGMENT 101: MICA, CI 77491, CI 77891. PEARL PIGMENT 301: MICA, CI 77891, CI 75470. PEARL PIGMENT 903: SYNTHETIC FLUORPHLOGOPITE, CI 77891, TIN OXIDE.||True||3013508P|||||||||10
3013509|mueller||||||||2024-10-28|RAUSCH Anti-Pollution-Shampoo mit Schweizer Apfel|RAUSCH||200|ml|Home|Drogerie|Pflege|Haarpflege|Haarwäsche|Haarshampoo|RAUSCH Anti-Pollution-Shampoo mit Schweizer Apfel|14,45 €|14,45 €|||||||||||72,25 € / 1 l|||EUR|Home> Drogerie> Pflege> Haarpflege> Haarwäsche> Haarshampoo> RAUSCH Anti-Pollution-Shampoo mit Schweizer Apfel|https://www.mueller.at/p/rausch-anti-pollution-shampoo-mit-schweizer-apfel-IPN3013509/|200 ml|"Lass Dein umweltbelastetes Haar die Revolution spüren! Dieses innovative Shampoo mit spritzig-frischem Apfelduft ist nicht nur eine Antwort auf den alltäglichen Schmutz und die Umweltpartikel, die deine Haare belasten, sondern auch ein vitalisierender Begleiter für jeden Tag.
Luftverschmutzung und Umweltpartikel wie Pollen haben negative Auswirkungen auf uns Menschen – auch auf Kopfhaut und Haar. Denn die Haare wirken wie ein Partikelfänger: Sie fühlen sich durch die Umweltpartikel stumpf an und riechen unangenehm. Auf Dauer leidet darunter die Haarstruktur, die Kopfhaut juckt. Deshalb haben die RAUSCH Produktentwicklerinnen in Kreuzlingen am Bodensee das Anti-Pollution-Shampoo mit Schweizer Apfel entwickelt. Das grüne Power-Paket ist für die tägliche Anwendung konzipiert und befreit Deine Mähne ganz easy von Feinstaub und Pollen, die sich im Laufe des Tages auf Kopfhaut und Haar ansammeln. Doch das ist noch nicht alles – das Geheimrezept liegt in einem speziellen Anti-Pollution-Wirkstoff, der verhindert, dass sich neue schädliche Partikel festsetzen. Wie ein Schutzschild, der Deine Haare den ganzen Tag umhüllt.
Das erfrischende Power-Shampoo kommt mit einer grossen Portion Natur daher: Die vegane und silikonfreie Rezeptur mit milden naturbasierten Tensiden besteht zu 91% aus Inhaltsstoffen natürlichen Ursprungs. Darunter wertvolle hauseigene Extrakte aus Gerstengras, Brennnessel und Schweizer Apfel. Letzterer wird im Frühling aus Jungäpfeln aus dem Thurgau gewonnen, einem Nebenprodukt aus dem Obstanbau. Die Apfel-Power macht sich auch am Duft bemerkbar: Der spritzig-frische Duft nach grünem Apfel und einem Hauch Pfirsich lässt uns vitalisiert durch den Alltag gehen, während das Shampoo seine schützende Magie entfaltet.

Anti-Pollution Shampoo für die tägliche Reinigung und Schutzwirkung
Mit Anti-Pollution-Wirkstoff, der das Anhaften schädlicher Umweltpartikel verhindert
Hergestellt in der Schweiz mit einem hauseigenen Extrakt von Schweizer Jungäpfeln sowie Gerstengras und Brennnessel
Silikonfrei, vegan und mit 91% Inhaltsstoffen natürlichen Ursprungs
Verpackung aus 100% recyceltem PET
"||zwischen 15°C und 25°C lagern||||||||||||||||||||Non-Organic||||"{'Lagerhinweis': 'zwischen 15°C und 25°C lagern', 'hair_type': 'alle Haartypen', 'Effekt': 'schützend|pflegend', 'target_group': 'Damen|Herren|Unisex', 'manufacturer': 'RAUSCH AG KREUZLINGEN', 'Herstelleradresse': 'Bärenstrasse 12, 8280 Kreuzlingen, Schweiz', 'Kontaktmöglichkeit': 'info@rausch.ch', 'dermatologically_tested': 'Ja', 'Anwendungshinweis': 'Eine haselnussgrosse Menge Shampoo mit Wasser in den Händen aufschäumen. Sorgfältig ins nasse Haar und die Kopfhaut einmassieren. Gründlich ausspülen.', 'package_contents': 'Aqua, Sodium Laureth Sulfate (ex coco), Coco-Betaine, Laureth-3, Urtica Dioica Extract, Malus Domestica Callus Extract, Urtica Dioica Root Extract, Hordeum Vulgare Leaf Extract, Caesalpinia Spinosa Fruit Pod Extract, Helianthus Annuus Sprout Extract, Glycerin, Sodium Anisate, Sodium Levulinate, Lauryl Methyl Gluceth-10 Hydroxypropyldimonium Chloride, Disodium Undecylenamido MEA-Sulfosuccinate, Lauryl Pyrrolidone, Alcohol Denat., Propylene Glycol, Ammonium Chloride, Citric Acid, Denatonium Benzoate, Phenoxyethanol, Sodium Salicylate, Benzoic Acid, Sodium Benzoate, Potassium Sorbate, Parfum, CI 47005, CI 42090', 'product_property': 'PH neutral|pflegend|schützend', 'Inhalt': '200 ml', 'Produkttyp': 'Haarshampoo'}"||||||||||||||0|0|3013509_1.png|https://static.mueller.de/pdzoom/7621500117352.webp|3013509_2.png|https://static.mueller.de/pdzoom/7621500117352_1.webp|3013509_3.png|https://static.mueller.de/pdzoom/7621500117352_3.webp|3013509_4.png|https://static.mueller.de/pdzoom/7621500117352_2.webp|3013509_5.png|https://static.mueller.de/pdzoom/7621500117352_5.webp|3013509_6.png|https://static.mueller.de/pdzoom/7621500117352_4.webp||||||||||||RAUSCH AG KREUZLINGEN||||||||||200 ml|Aqua, Sodium Laureth Sulfate (ex coco), Coco-Betaine, Laureth-3, Urtica Dioica Extract, Malus Domestica Callus Extract, Urtica Dioica Root Extract, Hordeum Vulgare Leaf Extract, Caesalpinia Spinosa Fruit Pod Extract, Helianthus Annuus Sprout Extract, Glycerin, Sodium Anisate, Sodium Levulinate, Lauryl Methyl Gluceth-10 Hydroxypropyldimonium Chloride, Disodium Undecylenamido MEA-Sulfosuccinate, Lauryl Pyrrolidone, Alcohol Denat., Propylene Glycol, Ammonium Chloride, Citric Acid, Denatonium Benzoate, Phenoxyethanol, Sodium Salicylate, Benzoic Acid, Sodium Benzoate, Potassium Sorbate, Parfum, CI 47005, CI 42090||True||3013509P|||||||||10
2615891|mueller||||||||2024-10-28|remove Retouch Pen sensitive|REMOVE||4|ml|Home|Drogerie|Pflege|Körperpflege|Enthaarung|Enthaarungswachs & -creme|remove Retouch Pen sensitive|5,99 €|5,99 €||||||||||||||EUR|Home> Drogerie> Pflege> Körperpflege> Enthaarung> Enthaarungswachs & -creme> remove Retouch Pen sensitive|https://www.mueller.at/p/remove-retouch-pen-sensitive-2615891/|4 ml|Die neue und einfache Art, Ihre Augenbrauen zu formen und Gesichtsbehaarung loszuwerden! Der Retouch Pen Facial mit fettlöslichem Wachs  wurde speziell für die effiziente Anwendung im Augenbrauen- und Lippenbereich entwickelt und ermöglicht eine extrem einfache Formung der Augenbrauen.Er ist ein innovatives Produkt, das aus echtem Bienenwachs hergestellt wird und mit Funktionen ausgestattet ist, die es Ihnen ermöglichen, ihn überall zu benutzen und das praktische, schnelle und einfache Waxing zu erleben.Sie können den Retouch Pen überallhin mitnehmen und durch einfaches Auftragen die Gesichtsbehaarung in wenigen Minuten loswerden.||||||||||||||||||||||Non-Organic||||"{'target_group': 'Unisex|Damen|Herren', 'manufacturer': 'Novarex GmbH', 'Herstelleradresse': 'Franziusstr. 8-14, 60314 Frankfurt', 'Kontaktmöglichkeit': 'info@novarex.de', 'Anwendungshinweis': 'Nehmen Sie das Produkt bei Raumtemperatur und drehen Sie langsam den Mechanismus unter dem Stift, bis eine ausreichende Menge Wachs aus dem Stift austritt. Wenn Sie noch nie Wachs zum Formen Ihrer Augenbrauen verwendet haben, empfehlen wir Ihnen, die zuvor gegebene Form zu speichern. Tragen Sie den Retouch Pen auf den Bereich auf, der sich außerhalb der Form befindet, die Sie für Ihre Augenbrauen beibehalten möchten, und zwar in Richtung des Haarwuchses. Drücken Sie die Wachsstreifen in Haarwuchsrichtung fest auf die zu enthaarenden Bereiche. Spannen Sie Ihre Haut mit einer Hand und ziehen Sie den Wachsstreifen in die entgegengesetzte Richtung des Haarwuchses. Achten Sie bei dieser Anwendung darauf, dass Sie den Wachsstreifen in einer schnellen Bewegung und parallel zu Ihrer Haut ziehen.', 'package_contents': 'Triethylene Glycol Rosinate, Glyceryl Rosinate, Helianthus Annuus Seed Oil,  Cera Alba, Microcrystalline Wax , Stearic Acid , Parfum, CI 77891, CI 45410', 'Inhalt': '4 ml', 'scope_of_application': 'Enthaarung', 'Produkttyp': 'Enthaarungswachs'}"||||||||||||||3.6667|3|2615891_1.png|https://static.mueller.de/6742130210-PV-0/pdzoom/remove-retouch-pen-sensitive.webp||||||||||||||||||||||Novarex GmbH||||||||||4 ml|Triethylene Glycol Rosinate, Glyceryl Rosinate, Helianthus Annuus Seed Oil,  Cera Alba, Microcrystalline Wax , Stearic Acid , Parfum, CI 77891, CI 45410||True||2615891P|||||||||1
2615896|mueller||||||||2024-10-28|LANCASTER Golden Tan Maximizer After Sun Lotion|LANCASTER||250|ml|Home|Parfümerie|Pflege|Sonnenpflege|After Sun|LANCASTER Golden Tan Maximizer After Sun Lotion||46,00 €|46,00 €|46,00 €|32,95 €||||28%|Sie sparen 28%||||131,80 € / 1 l|||EUR|Home> Parfümerie> Pflege> Sonnenpflege> After Sun> LANCASTER Golden Tan Maximizer After Sun Lotion|https://www.mueller.at/p/lancaster-golden-tan-maximizer-after-sun-lotion-2615896/|250 ml|Sie lieben Ihre goldene LANCASTER Bräune? Unsere GOLDEN TAN MAXIMIZER After Sun Lotion verlängert Ihre Bräune um bis zu 1 Monat und beruhigt sonnenverwöhnte Haut sofort. LANCASTERs Tan Activator Komplex mit Buriti-Öl natürlichen Ursprungs intensiviert die Melaninproduktion für eine goldene, ebenmäßige und lang anhaltende Bräune. Diese erfrischende After-Sun-Lotion mit Reparatur-Komplex beruhigt Ihre Haut sofort. Er reduziert das Risiko, dass die Haut sich schält, die Haut fühlt sich weich und mit Feuchtigkeut versorgt an.||||||||||||||||||||||Non-Organic||||"{'target_group': 'Herren|Unisex|Damen', 'manufacturer': 'Coty Beauty Germany GmbH', 'Herstelleradresse': 'Berliner Allee 65, D-64295 Darmstadt', 'Anwendungshinweis': 'Golden Tan Maximizer After Sun Lotion nach dem Sonnenbad und nach dem Urlaub großzügig auf Gesicht und Körper verteilen.', 'package_contents': 'AQUA/WATER/EAU, CAPRYLIC/CAPRIC TRIGLYCERIDE, GLYCERIN, HYDROGENATED POLYISOBUTENE, BUTYLENE GLYCOL, BUTYROSPERMUM PARKII (SHEA) BUTTER, CETEARYL ALCOHOL, CETYL PALMITATE, BISABOLOL, C13-14 ISOPARAFFIN, CAFFEINE, CETEARETH-20, DIMETHYLMETHOXY CHROMANOL, ECHINACEA PURPUREA EXTRACT, GLYCINE, HYDROLYZED CITRUS AURANTIUM DULCIS FRUIT EXTRACT, LAURETH-7, MAURITIA FLEXUOSA FRUIT OIL, PANTHENOL, PANTOLACTONE, POLYACRYLAMIDE, SODIUM LACTATE METHYLSILANOL, XANTHAN GUM, CHLORPHENESIN, PHENOXYETHANOL, SALICYLIC ACID, PARFUM/FRAGRANCE. <br>\nDie verbindliche Angabe der Inhaltsstoffe entnehmen Sie bitte der Verpackung des gelieferten Produktes.', 'skin_type': 'alle Hauttypen', 'product_property': 'beruhigend|feuchtigkeitsspendend|pflegend', 'Inhalt': '250 ml', 'scope_of_application': 'After Sun', 'Produkttyp': 'Lotion'}"||||||||||||||4.4891|92|2615896_1.png|https://static.mueller.de/6741123229-PV-0/pdzoom/lancaster-golden-tan-maximizer-after-sun-lotion.webp||||||||||||||||||||||Coty Beauty Germany GmbH||||||||||250 ml|"AQUA/WATER/EAU, CAPRYLIC/CAPRIC TRIGLYCERIDE, GLYCERIN, HYDROGENATED POLYISOBUTENE, BUTYLENE GLYCOL, BUTYROSPERMUM PARKII (SHEA) BUTTER, CETEARYL ALCOHOL, CETYL PALMITATE, BISABOLOL, C13-14 ISOPARAFFIN, CAFFEINE, CETEARETH-20, DIMETHYLMETHOXY CHROMANOL, ECHINACEA PURPUREA EXTRACT, GLYCINE, HYDROLYZED CITRUS AURANTIUM DULCIS FRUIT EXTRACT, LAURETH-7, MAURITIA FLEXUOSA FRUIT OIL, PANTHENOL, PANTOLACTONE, POLYACRYLAMIDE, SODIUM LACTATE METHYLSILANOL, XANTHAN GUM, CHLORPHENESIN, PHENOXYETHANOL, SALICYLIC ACID, PARFUM/FRAGRANCE. <br>
Die verbindliche Angabe der Inhaltsstoffe entnehmen Sie bitte der Verpackung des gelieferten Produktes."||False||2615896P|||||||||1
2747919|mueller||||||||2024-10-28|1 Blech – 50 Rezepte|||1|Stk.|Home|Bücher|Kochen & Backen|1 Blech – 50 Rezepte||||12,90 €|12,90 €||||||||||||||EUR|Home> Bücher> Kochen & Backen> 1 Blech – 50 Rezepte|https://www.mueller.at/p/1-blech-50-rezepte-IPN2747919/|1 Stk.|Easy Rezepte vom Blech – diese 50 neuen Rezepte versprechen Zeitersparnis und köstlichen Geschmack!   Unzählige Töpfe und Pfannen spülen gehört nun der Vergangenheit an, denn hier werden alle Gerichte nur auf einem Blech im Ofen gegart. Die Blechrezepte enthalten nur wenige Zutaten und sind somit nicht nur lecker, sondern auch günstig, schnell, einfach und echt zeitsparend.    One-Pot-Gerichte aus dem Backofen Statt Topf oder Pfanne wird hier lediglich ein Backblech oder eine Auflaufform benötigt. Alle Zutaten – ob Fleisch, Fisch, Gemüse, Milchprodukte, Öle und Gewürze werden gemischt und im Ofen gegart. Dieses One Sheet Pan Kochbuch überzeugt Sie davon, wie einfach Kochen mit wenig Aufwand ist.   Kochbuch für Anfänger Die Rezepte eignen sich nicht nur für die schnelle Küche, sondern auch für Anfänger:innen beim Kochen. Keine komplizierten Schnitttechniken, keine aufwendigen Garzeiten sondern wenige Zubereitungsschritte und gesunde Zutaten. Probieren Sie unbedingt zum Start:  Curry-Nudeln vom Blech  Flammkuchen Italia  Kräuterlachswürfel auf Ratatouille    Rezepte für jeden Tag Mittags etwas Unkompliziertes oder abends ein leckeres Low-Carb-Abendessen zubereiten – das ist mit diesem Kochbuch gar kein Problem. Nach kurzer Vorbereitungszeit verbinden sich die vegetarischen, veganen und omnivoren Zutaten im Ofen ohne weitere Mühe zu einer köstlichen Kreation. Sicher mögen auch ihre Kinder:  Röstpaprika Hackroulade  Küsten-Burger  Quetschkartoffeln mit Käse  Pilz-Frittata    Brot, Pizza & Flammkuchen Diese Familienlieblinge dürfen in einem Backrezepte Buch für die ganze Familie nicht fehlen. Dabei zeigt Autor Volker Eggers seine ganze Expertise: Statt bekannter Ideen, zaubert er ganz neue Kreationen aus seinem Repertoire:  Bubble-Up-Pizza  Mediterraner Spinatkranz  Bayrische-Leberkäse Strudel    Schlemmerbleche aus aller Welt vervollständigen die 50 einfachen und schnellen Rezepte, die ganz nach dem One-Pot und One-Pan-Trend kommen.||||||||||||||||||||||Non-Organic||||{'Herstelleradresse': 'Grillparzerstr. 12, D 81675 München', 'genre': 'Kochen & Backen', 'author': 'Eggers, Volker', 'language': 'deutsch', 'publisher': 'Gräfe und Unzer Verlag GmbH', 'publishing_year': '2021', 'Auflage': '3', 'Höhe': '20.1 cm', 'Breite': '16.3 cm', 'Inhalt': '1 Stk.', 'ISBN Ausgangsbuch': '9783833879975', 'Produkttyp': 'Kochen & Backen', 'page_number': '64'}||||||||||||||0|0|2747919_1.png|https://static.mueller.de/pdzoom/9783833879975.webp|2747919_2.png|https://static.mueller.de/pdzoom/9783833879975_innenansicht_01.webp|2747919_3.png|https://static.mueller.de/pdzoom/9783833879975_innenansicht_05.webp|2747919_4.png|https://static.mueller.de/pdzoom/9783833879975_innenansicht_03.webp|2747919_5.png|https://static.mueller.de/pdzoom/9783833879975_innenansicht_02.webp|2747919_6.png|https://static.mueller.de/pdzoom/9783833879975_innenansicht_04.webp||||||||||||Grillparzerstr. 12, D 81675 München||||||||||1 Stk.|||True||2747919P|||||||||4
2483694|mueller||||||||2024-10-28|Fun Trading - Wolkenschleim Fluffy Farbwechselnd, 1 Stück, sortiert|FUN TRADING||70|g|Home|Spielwaren|Kostüme & Partyartikel|Trends|Fun Trading - Wolkenschleim Fluffy Farbwechselnd, 1 Stück, sortiert|||4,99 €|4,99 €|||||||||||71,29 € / 1 kg|||EUR|Home> Spielwaren> Kostüme & Partyartikel> Trends> Fun Trading - Wolkenschleim Fluffy Farbwechselnd, 1 Stück, sortiert|https://www.mueller.at/p/fun-trading-wolkenschleim-fluffy-farbwechselnd-1-stueck-sortiert-2483694/|70 g|"Der fluffige Schleimspaß - jetzt auch mit Farbwechsel-Effekt!
Extra fluffiger Schleim zum spielen und experiementieren. Durch Wärme - z.B. Körperwärme - wechselt der Fluffy beim Spielen seine Farbe."||||||||3 Jahre||||||||||||||Non-Organic||||"{'particularities': 'Achtung: diesen Artikel gibt es in verschiedenen farblichen Ausführungen. Sie erhalten nur 1 Artikel (zufällige Auswahl im Lager). Eine Vorauswahl ist nicht möglich.', 'target_group': 'Kindergartenkinder|Grundschüler|Jugendliche', 'Artikelnummer des Herstellers': '20846', 'Altersempfehlung ab': '3 Jahre', 'Inhalt': '70 g', 'Produkttyp': 'Verlosungsartikel'}"||||||||||||||0|0|2483694_1.png|https://static.mueller.de/6564809244-PV-0/pdzoom/fun-trading-wolkenschleim-fluffy-farbwechselnd-1-stueck-sortiert.webp||||||||||||||||||||||20846||||||||||70 g|||True||2483694P|||||||||10
2483697|mueller||||||||2024-10-28|Wolkenschleim - Junior Modelliermasse, 1 Stück, farblich sortiert|WOLKENSCHLEIM||34|g|Home|Spielwaren|Kostüme & Partyartikel|Trends|Wolkenschleim - Junior Modelliermasse, 1 Stück, farblich sortiert|||3,49 €|3,49 €|||||||||||102,65 € / 1 kg|||EUR|Home> Spielwaren> Kostüme & Partyartikel> Trends> Wolkenschleim - Junior Modelliermasse, 1 Stück, farblich sortiert|https://www.mueller.at/p/wolkenschleim-junior-modelliermasse-1-stueck-farblich-sortiert-2483697/|34 g|Selbsthärtende Modelliermasse aus kleinen Perlen, haftet an verschiedenen Materialien. Farben sind mischbar und wiederverwendbar. Trocknet nie aus. Kreativität ohne Ende.||||||||3 Jahre||||||||||||||Non-Organic||||"{'particularities': 'Achtung: Diesen Artikel gibt es in verschiedenen farblichen Ausführungen. Sie erhalten nur 1 Artikel (zufällige Auswahl im Lager). Eine Vorauswahl ist nicht möglich.', 'target_group': 'Kindergartenkinder|Grundschüler', 'Artikelnummer des Herstellers': '20808', 'Altersempfehlung ab': '3 Jahre', 'Inhalt': '34 g', 'Produkttyp': 'Kleinspielzeug'}"||||||||||||||0|0|2483697_1.png|https://static.mueller.de/6564774586-PV-0/pdzoom/wolkenschleim-junior-modelliermasse-1-stueck-farblich-sortiert.webp|2483697_2.png|https://static.mueller.de/6564774586-PB-1/pdzoom/wolkenschleim-junior-modelliermasse-1-stueck-farblich-sortiert.webp|2483697_3.png|https://static.mueller.de/6564774586-PB-2/pdzoom/wolkenschleim-junior-modelliermasse-1-stueck-farblich-sortiert.webp||||||||||||||||||20808||||||||||34 g|||False||2483697P|||||||||1
2615899|mueller||||||||2024-10-28|FC BAYERN MÜNCHEN SMU Glückwunschkarte Alles Gute Lebkuchen|FC BAYERN MÜNCHEN||1|Stk.|Home|Schreibwaren|Büro|Bürobedarf|Versandmaterial|FC BAYERN MÜNCHEN SMU Glückwunschkarte Alles Gute Lebkuchen||2,50 €|2,50 €||||||||||||||EUR|Home> Schreibwaren> Büro> Bürobedarf> Versandmaterial> FC BAYERN MÜNCHEN SMU Glückwunschkarte Alles Gute Lebkuchen|https://www.mueller.at/p/fc-bayern-muenchen-smu-glueckwunschkarte-alles-gute-lebkuchen-2615899/|1 Stk.|"Aufklappbare Glückwunschkarte
Karte mit kleinem FCB Logo und Lebkuchenherz
Schriftzug ""Alles Gute"" im Lebkuchenherz
Stabile Papierqualität
Perfekt für ausgefallene Glückwünsche und Urlaubsgrüße
Farbe: rot/weiß
Material: Papier"||||||||||||||||||||||Non-Organic||||{'Inhalt': '1 Stk.', 'Produkttyp': 'Versandmaterial'}||||||||||||||0|0|2615899_1.png|https://static.mueller.de/6743112153-PV-0/pdzoom/fc-bayern-muenchen-smu-glueckwunschkarte-alles-gute-lebkuchen.webp||||||||||||||||||||||||||||||||1 Stk.|||True||2615899P|||||||||10
2890031|mueller||||||||2024-10-28|HILDEGARD BRAUKMANN BODY CARE Aroma Frischetücher Lavendel Grapefruit|HILDEGARD BRAUKMANN||10|Stk.|Home|Parfümerie|Pflege|Körperpflege|Körperduft & Bodyspray|HILDEGARD BRAUKMANN BODY CARE Aroma Frischetücher Lavendel Grapefruit||7,99 €|7,99 €|||||||||||7,99 € / 10 Stk.|||EUR|Home> Parfümerie> Pflege> Körperpflege> Körperduft & Bodyspray> HILDEGARD BRAUKMANN BODY CARE Aroma Frischetücher Lavendel Grapefruit|https://www.mueller.at/p/hildegard-braukmann-body-care-aroma-frischetuecher-lavendel-grapefruit-IPN2890031/|10 Stk.|Sanfte, weiche feuchte Baumwolltücher mit sonnigem Relax-Duft. Mit 30 % Aloe Vera. Hygienische Frische für unterwegs. Wellness-Erfrischungstücher mit dem Duft von aromatischem Lavendel und spritziger Grapefruit. Aloe Vera und Panthenol spenden Feuchtigkeit und wirken hautberuhigend.||||||||||||||||||||||Non-Organic||||"{'target_group': 'Herren|Unisex|Damen', 'manufacturer': 'HILDEGARD BRAUKMANN Kosmetik GmbH & Co. KG', 'Herstelleradresse': 'Ehlbeek 16; 30938 Burgwedel', 'Anwendungshinweis': 'Sanft über Hände, Hals, Nacken, Schläfen oder Körper reiben und die Kühle genießen. Tipp: Intensiv gekühlt auch als Kompresse zu verwenden. Hinweis: Augen- und Schleimhautkontakt vermeiden. Nicht für Kleinkinder unter 3 Jahren geeignet.', 'package_contents': 'aqua (water), aloe barbadensis (aloe) leaf extract, alcohol denat., sucrose laurate, panthenol, alcohol, parfum (fragrance), limonene, linalool, citral', 'skin_type': 'alle Hauttypen', 'Inhalt': '10 Stk.', 'scope_of_application': 'Pflege', 'Produkttyp': 'Körperduft & Bodysplash'}"||||||||||||||0|0|2890031_1.png|https://static.mueller.de/pdzoom/4016083055260.webp|2890031_2.png|https://static.mueller.de/pdzoom/4016083055260_1.webp||||||||||||||||||||HILDEGARD BRAUKMANN Kosmetik GmbH & Co. KG||||||||||10 Stk.|aqua (water), aloe barbadensis (aloe) leaf extract, alcohol denat., sucrose laurate, panthenol, alcohol, parfum (fragrance), limonene, linalool, citral||False||2890031P|||||||||1
2890033|mueller||||||||2024-10-28|HILDEGARD BRAUKMANN BODY CARE Aroma Frischetücher Lime|HILDEGARD BRAUKMANN||10|Stk.|Home|Parfümerie|Pflege|Körperpflege|Körperduft & Bodyspray|HILDEGARD BRAUKMANN BODY CARE Aroma Frischetücher Lime||7,99 €|7,99 €|||||||||||7,99 € / 10 Stk.|||EUR|Home> Parfümerie> Pflege> Körperpflege> Körperduft & Bodyspray> HILDEGARD BRAUKMANN BODY CARE Aroma Frischetücher Lime|https://www.mueller.at/p/hildegard-braukmann-body-care-aroma-frischetuecher-lime-IPN2890033/|10 Stk.|Sanfte, weiche feuchte Baumwolltücher mit sommerlich-erfrischendem Duft. Mit 30 % Aloe Vera. Hygienische Frische für unterwegs. Wellness-Erfrischungstücher mit dem Duft von Limetten, Kräutern und Blüten. Aloe Vera und Panthenol spenden Feuchtigkeit und wirken hautberuhigend.||||||||||||||||||||||Non-Organic||||"{'target_group': 'Herren|Unisex|Damen', 'manufacturer': 'HILDEGARD BRAUKMANN Kosmetik GmbH & Co. KG', 'Herstelleradresse': 'Ehlbeek 16; 30938 Burgwedel', 'Anwendungshinweis': 'Sanft über Hände, Hals, Nacken, Schläfen oder Körper reiben und die Kühle genießen. Tipp: Intensiv gekühlt auch als Kompresse zu verwenden. Hinweis: Augen- und Schleimhautkontakt vermeiden. Nicht für Kleinkinder unter 3 Jahren geeignet', 'package_contents': 'aqua (water), aloe barbadensis (aloe) leaf extract, alcohol denat., sucrose laurate, alcohol, panthenol, parfum (fragrance), limonene, hexyl cinnamal, linalool, citral, citronellol, geraniol, benzyl benzoate', 'skin_type': 'alle Hauttypen', 'Inhalt': '10 Stk.', 'scope_of_application': 'Pflege', 'Produkttyp': 'Körperduft & Bodysplash'}"||||||||||||||0|0|2890033_1.png|https://static.mueller.de/pdzoom/4016083055277_1.webp|2890033_2.png|https://static.mueller.de/pdzoom/4016083055277.webp||||||||||||||||||||HILDEGARD BRAUKMANN Kosmetik GmbH & Co. KG||||||||||10 Stk.|aqua (water), aloe barbadensis (aloe) leaf extract, alcohol denat., sucrose laurate, alcohol, panthenol, parfum (fragrance), limonene, hexyl cinnamal, linalool, citral, citronellol, geraniol, benzyl benzoate||False||2890033P|||||||||1
2890035|mueller||||||||2024-10-28|HILDGEARD BRAUKMANN BODY CARE Aroma Frischetücher Orange Mint|HILDEGARD BRAUKMANN||10|Stk.|Home|Parfümerie|Pflege|Körperpflege|Körperduft & Bodyspray|HILDGEARD BRAUKMANN BODY CARE Aroma Frischetücher Orange Mint||7,99 €|7,99 €|||||||||||7,99 € / 10 Stk.|||EUR|Home> Parfümerie> Pflege> Körperpflege> Körperduft & Bodyspray> HILDGEARD BRAUKMANN BODY CARE Aroma Frischetücher Orange Mint|https://www.mueller.at/p/hildgeard-braukmann-body-care-aroma-frischetuecher-orange-mint-IPN2890035/|10 Stk.|Sanfte, weiche feuchte Baumwolltücher mit fruchtigem Gute-Laune-Duft. Mit 30 % Aloe Vera. Hygienische Frische für unterwegs. Wellness-Erfrischungstücher mit dem Duft von saftigen Orangen und wilder Wasserminze. Aloe Vera und Panthenol spenden Feuchtigkeit und wirken hautberuhigend.||||||||||||||||||||||Non-Organic||||"{'target_group': 'Herren|Unisex|Damen', 'manufacturer': 'HILDEGARD BRAUKMANN Kosmetik GmbH & Co. KG', 'Herstelleradresse': 'Ehlbeek 16; 30938 Burgwedel', 'Anwendungshinweis': 'Sanft über Hände, Hals, Nacken, Schläfen oder Körper reiben und die Kühle genießen. Tipp: Intensiv gekühlt auch als Kompresse zu verwenden. Hinweis: Augen- und Schleimhautkontakt vermeiden. Nicht für Kleinkinder unter 3 Jahren geeignet', 'package_contents': 'aqua (water), aloe barbadensis (aloe) leaf extract, alcohol denat., sucrose laurate, panthenol, alcohol, limonene, mentha aquatica (water mint) leaf extract, propylene glycol, parfum (fragrance), citral, citrus aurantium dulcis (orange) peel oil, linalool', 'skin_type': 'alle Hauttypen', 'Inhalt': '10 Stk.', 'scope_of_application': 'Pflege', 'Produkttyp': 'Körperduft & Bodysplash'}"||||||||||||||0|0|2890035_1.png|https://static.mueller.de/pdzoom/4016083055284_1.webp|2890035_2.png|https://static.mueller.de/pdzoom/4016083055284.webp||||||||||||||||||||HILDEGARD BRAUKMANN Kosmetik GmbH & Co. KG||||||||||10 Stk.|aqua (water), aloe barbadensis (aloe) leaf extract, alcohol denat., sucrose laurate, panthenol, alcohol, limonene, mentha aquatica (water mint) leaf extract, propylene glycol, parfum (fragrance), citral, citrus aurantium dulcis (orange) peel oil, linalool||False||2890035P|||||||||1
2890029|mueller||||||||2024-10-28|SANS SOUCIS Beauty Elixir 10% Vitamin C Serum|SANS SOUCIS||15|ml|Home|Parfümerie|Pflege|Gesichtspflege|Spezialpflege|Seren & Ampullen|SANS SOUCIS Beauty Elixir 10% Vitamin C Serum|22,95 €|22,95 €|||||||||||1 530,00 € / 1 l|||EUR|Home> Parfümerie> Pflege> Gesichtspflege> Spezialpflege> Seren & Ampullen> SANS SOUCIS Beauty Elixir 10% Vitamin C Serum|https://www.mueller.at/p/sans-soucis-beauty-elixir-10-vitamin-c-serum-IPN2890029/|15 ml|STRAHLKRAFT – 10% Vitamin C Serum Das Geheimnis strahlender Haut! Das Serum mit 10% Vitamin C und Thermalwasser unterstützt die natürliche Strahlkraft der Haut und schützt effektiv vor schädlichen Umwelteinflüssen. Freie Radikale werden abgefangen und die Haut vor umweltbedingter Hautalterung geschützt. Das Serum versorgt die Haut optimal mit Feuchtigkeit und die Haut erscheint praller und glatter.Das Ergebnis: Ein gesundes, strahlendes und ebenmäßiges Hautbild.||||||||||||||||||||||Non-Organic||||"{'target_group': 'Damen', 'manufacturer': 'BCG  Baden-Baden Cosmetics Group GmbH', 'Herstelleradresse': 'Im Rosengarten 7, 76532 Baden-Baden', 'Anwendungshinweis': 'Auf die gereinigte Haut auftragen. Tagsüber die Haut mit LSF 30 vor Sonne schützen.', 'package_contents': 'AQUA (WATER) · 3-O-ETHYL ASCORBIC ACID · DIPROPYLENE GLYCOL · GLYCERIN · PENTYLENE GLYCOL · SODIUM HYALURONATE · SODIUM HYDROXIDE', 'skin_type': 'alle Hauttypen', 'product_property': 'schützend|pflegend|erfrischend|feuchtigkeitsspendend', 'Inhalt': '15 ml', 'scope_of_application': 'Spezialpflege', 'Produkttyp': 'Serum'}"||||||||||||||0|0|2890029_1.png|https://static.mueller.de/pdzoom/4086200257068.webp|2890029_2.png|https://static.mueller.de/pdzoom/4086200257068_1.webp||||||||||||||||||||BCG Baden-Baden Cosmetics Group GmbH||||||||||15 ml|AQUA (WATER) · 3-O-ETHYL ASCORBIC ACID · DIPROPYLENE GLYCOL · GLYCERIN · PENTYLENE GLYCOL · SODIUM HYALURONATE · SODIUM HYDROXIDE||True||2890029P|||||||||10
2615886|mueller||||||||2024-10-28|LANCASTER Sun After Sun Golden Tan Maximizer Body Lotion|LANCASTER||125|ml|Home|Parfümerie|Pflege|Sonnenpflege|After Sun|LANCASTER Sun After Sun Golden Tan Maximizer Body Lotion||38,00 €|38,00 €|38,00 €|24,95 €||||34%|Sie sparen 34%||||199,60 € / 1 l|||EUR|Home> Parfümerie> Pflege> Sonnenpflege> After Sun> LANCASTER Sun After Sun Golden Tan Maximizer Body Lotion|https://www.mueller.at/p/lancaster-sun-after-sun-golden-tan-maximizer-body-lotion-2615886/|125 ml|Sie lieben Ihre goldene LANCASTER Bräune? Unsere GOLDEN TAN MAXIMIZER After Sun Lotion verlängert Ihre Bräune um bis zu 1 Monat und beruhigt sonnenverwöhnte Haut sofort. LANCASTERs Tan Activator Komplex mit Buriti-Öl natürlichen Ursprungs intensiviert die Melaninproduktion für eine goldene, ebenmäßige und lang anhaltende Bräune. Diese erfrischende After-Sun-Lotion mit Reparatur-Komplex beruhigt Ihre Haut sofort Er reduziert das Risiko, dass die Haut sich schält; die Haut fühlt sich weich und mit Feuchtigkeit versorgt an.||||||||||||||||||||||Non-Organic||||"{'target_group': 'Herren|Unisex|Damen', 'manufacturer': 'Coty Beauty Germany GmbH', 'Herstelleradresse': 'Berliner Allee 65, D-64295 Darmstadt', 'Anwendungshinweis': 'GOLDEN TAN MAXIMIZER After Sun Lotion nach dem Sonnenbad und nach dem Urlaub großzügig auf Gesicht und Körper verteilen.', 'package_contents': 'AQUA/WATER/EAU, CAPRYLIC/CAPRIC TRIGLYCERIDE, GLYCERIN, HYDROGENATED POLYISOBUTENE, BUTYLENE GLYCOL, BUTYROSPERMUM PARKII (SHEA) BUTTER, CETEARYL ALCOHOL, CETYL PALMITATE, BISABOLOL, C13-14 ISOPARAFFIN, CAFFEINE, CETEARETH-20, DIMETHYLMETHOXY CHROMANOL, ECHINACEA PURPUREA EXTRACT, GLYCINE, HYDROLYZED CITRUS AURANTIUM DULCIS FRUIT EXTRACT, LAURETH-7, MAURITIA FLEXUOSA FRUIT OIL, PANTHENOL, PANTOLACTONE, POLYACRYLAMIDE, SODIUM LACTATE METHYLSILANOL, XANTHAN GUM, CHLORPHENESIN, PHENOXYETHANOL, SALICYLIC ACID, PARFUM/FRAGRANCE<br>\nDie verbindliche Angabe der Inhaltsstoffe entnehmen Sie bitte der Verpackung des gelieferten Produktes.', 'skin_type': 'alle Hauttypen', 'product_property': 'beruhigend|feuchtigkeitsspendend|pflegend', 'Inhalt': '125 ml', 'scope_of_application': 'After Sun', 'Produkttyp': 'Spray'}"||||||||||||||4.5|86|2615886_1.png|https://static.mueller.de/6741123122-PV-0/pdzoom/lancaster-sun-after-sun-golden-tan-maximizer-body-lotion.webp||||||||||||||||||||||Coty Beauty Germany GmbH||||||||||125 ml|"AQUA/WATER/EAU, CAPRYLIC/CAPRIC TRIGLYCERIDE, GLYCERIN, HYDROGENATED POLYISOBUTENE, BUTYLENE GLYCOL, BUTYROSPERMUM PARKII (SHEA) BUTTER, CETEARYL ALCOHOL, CETYL PALMITATE, BISABOLOL, C13-14 ISOPARAFFIN, CAFFEINE, CETEARETH-20, DIMETHYLMETHOXY CHROMANOL, ECHINACEA PURPUREA EXTRACT, GLYCINE, HYDROLYZED CITRUS AURANTIUM DULCIS FRUIT EXTRACT, LAURETH-7, MAURITIA FLEXUOSA FRUIT OIL, PANTHENOL, PANTOLACTONE, POLYACRYLAMIDE, SODIUM LACTATE METHYLSILANOL, XANTHAN GUM, CHLORPHENESIN, PHENOXYETHANOL, SALICYLIC ACID, PARFUM/FRAGRANCE<br>
Die verbindliche Angabe der Inhaltsstoffe entnehmen Sie bitte der Verpackung des gelieferten Produktes."||True||2615886P|||||||||10
2483686|mueller||||||||2024-10-28|Alnatura Bio Flohsamen|ALNATURA||250|g|Home|Drogerie|Lebensmittel|Nahrung|Nüsse & Trockenfrüchte|Alnatura Bio Flohsamen||3,69 €|3,69 €|||||||||||14,76 € / 1 kg|||EUR|Home> Drogerie> Lebensmittel> Nahrung> Nüsse & Trockenfrüchte> Alnatura Bio Flohsamen|https://www.mueller.at/p/alnatura-bio-flohsamen-2483686/|250 g|Diese Bio-Flohsamen sind reich an Ballaststoffen und Eiweiß; aufgrund ihres hohen Quellvermögens sollten sie mit reichlich Flüssigkeit verzehrt werden. Für Müsli, Smoothie, Gebäck und Co. reich an Ballaststoffen und Eiweißhohes Quellvermögen, daher mit reichlich Flüssigkeit zu verzehrentägliche Aufnahme von 30 Gramm nicht überschreitenneutral in Geruch und GeschmackBio-Qualität||Bitte trocken lagern und vor Wärme schützen.,Conserver au sec et à l'abri de la chaleur.|||||||||{'Nährwerte je': '100  g', 'Brennwert': '1111 kj / 271 kcal', 'Fett in g': '7.0 g', '- davon gesättigte Fettsäuren in g': '1.2 g', 'Kohlenhydrate in g': '3.5 g', '- davon Zucker in g': '0.5 g', 'Ballaststoffe in g': '65.0 g', 'Eiweiß in g': '16.0 g', 'Salz in g': '0.09 g'}|||||||||||Organic||||"{'Lagerhinweis': ""Bitte trocken lagern und vor Wärme schützen.,Conserver au sec et à l'abri de la chaleur."", 'manufacturer': 'Alnatura GmbH', 'Herstelleradresse': 'Mahatma-Gandhi-Straße 7, DE-64295 Darmstadt', 'Kontaktmöglichkeit': 'www.alnatura.de', 'Öko-Kontrollstelle': 'AT-BIO-301', 'Inhalt': '250 g', 'Bio': 'Ja', 'Zutaten': 'Kann Spuren von Gluten und Sesam enthalten', 'Produkttyp': 'Nüsse, Saaten & Trockenfrüchte'}"||||||||||||||5.0|2|2483686_1.png|https://static.mueller.de/markant_04104420216709_pv_3978033/pdzoom/alnatura-bio-flohsamen.webp||||||||||||||||||||||Alnatura GmbH||||||||||250 g|||True||2483686P||||Flohsamen besitzen ein hohes Quellvermögen und sollten deshalb mit reichlich Flüssigkeit verzehrt werden. Die tägliche Aufnahme sollte 30 g nicht überschreiten.|||||10
2555145|mueller||||||||2024-10-28|JIMMY CHOO Urban Hero Eau de Parfum|JIMMY CHOO||30|ml|Home|Parfümerie|Düfte für Ihn|Düfte|JIMMY CHOO Urban Hero Eau de Parfum|||48,95 €|48,95 €|||||||||||1 631,67 € / 1 l|||EUR|Home> Parfümerie> Düfte für Ihn> Düfte> JIMMY CHOO Urban Hero Eau de Parfum|https://www.mueller.at/p/jimmy-choo-urban-hero-eau-de-parfum-6652620397/|30 ml|Das holzig-aromatische Eau de Parfum, inspiriert von einem urbanen Umfeld, wurde von den beiden Meister-Parfümeuren Antoine Maisondieu und Marion Costero (beide Givaudan) für Jimmy Choo entwickelt.||||||||||||||||||||||Non-Organic||||{'target_group': 'Herren', 'manufacturer': 'Nobilis Group GmbH', 'Herstelleradresse': 'Rheingaustraße 32, DE-65201 Wiesbaden', 'Kontaktmöglichkeit': 'info@nobilis-group.com', 'fragrance_concentration': 'Eau de Parfum', 'top_note': 'Zitronen-Kaviar, Schwarzer Pfeffer', 'heart_note': 'Rosenholz, Vetiver', 'base_note': 'Grauer Amber, Lederakkord', 'Anwendungshinweis': 'Auf die gesunde Haut aufsprühen.', 'application_type': 'Pumpzerstäuber', 'package_contents': 'ALCOHOL DENAT. (SD ALCOHOL 39-C), PARFUM (FRAGRANCE), AQUA (WATER), ETHYLHEXYL METHOXYCINNAMATE, ETHYLHEXYL SALICYLATE, BUTYL METHOXYDIBENZOYLMETHANE, BHT, ALPHA-ISOMETHYL IONONE, BENZYL BENZOATE, BENZYL SALICYLATE, CINNAMAL, CITRAL, COUMARIN, LIMONENE, EUGENOL, GERANIOL, LINALOOL, METHYL 2-OCTYNOATE', 'Inhalt': '30 ml', 'Produkttyp': 'Eau de Parfum'}||||||||||||||5.0|1|2555145_1.png|https://static.mueller.de/6626230010-PV-0/pdzoom/jimmy-choo-urban-hero-eau-de-parfum.webp|2555145_2.png|https://static.mueller.de/6626230010-PUV-1/pdzoom/jimmy-choo-urban-hero-eau-de-parfum.webp|2555145_3.png|https://static.mueller.de/6626230010-VV-2/pdzoom/jimmy-choo-urban-hero-eau-de-parfum.webp||||||||||||||||||Nobilis Group GmbH||||||||||30 ml|ALCOHOL DENAT. (SD ALCOHOL 39-C), PARFUM (FRAGRANCE), AQUA (WATER), ETHYLHEXYL METHOXYCINNAMATE, ETHYLHEXYL SALICYLATE, BUTYL METHOXYDIBENZOYLMETHANE, BHT, ALPHA-ISOMETHYL IONONE, BENZYL BENZOATE, BENZYL SALICYLATE, CINNAMAL, CITRAL, COUMARIN, LIMONENE, EUGENOL, GERANIOL, LINALOOL, METHYL 2-OCTYNOATE||True||2555145P|||||||||10
3816|mueller||||||||2024-10-28|Haribo Lakritz Katinchen Veggie|HARIBO||175|g|Home|Drogerie|Lebensmittel|Süßigkeiten|Fruchtgummi|Haribo Lakritz Katinchen Veggie||1,49 €|1,49 €|||||||||||8,51 € / 1 kg|||EUR|Home> Drogerie> Lebensmittel> Süßigkeiten> Fruchtgummi> Haribo Lakritz Katinchen Veggie|https://www.mueller.at/p/haribo-lakritz-katinchen-veggie-3816/|175 g|Haribo Suessware Lakritz Katinchen 200 G||Vor Wärme und Feuchtigkeit schützen.|||||||||{'Nährwerte je': '100  g', 'Brennwert': '1510 kj / 356 kcal', 'Fett in g': '0.5 g', '- davon gesättigte Fettsäuren in g': '0.1 g', 'Kohlenhydrate in g': '88.0 g', '- davon Zucker in g': '48.0 g', 'Eiweiß in g': '0.5 g', 'Salz in g': '0.58 g'}|||||||||||Non-Organic||||{'Lagerhinweis': 'Vor Wärme und Feuchtigkeit schützen.', 'manufacturer': 'Haribo GmbH & Co. KG', 'Herstelleradresse': 'D- 53105 Bonn', 'Kontaktmöglichkeit': 'info@haribo.com', 'Inhalt': '175 g', 'Eigenschaften': 'vegetarisch gemaeß Rezeptur', 'Zutaten': 'Glukosesirup; Zucker; Stärke; brauner Zuckersirup; Süßholzextrakt (3 %); Aroma; Kochsalz; Sonnenblumenöl; Säuerungsmittel: Citronensäure; Überzugsmittel: Bienenwachs weiß und gelb. Kann Spuren von MILCH, WEIZEN enthalten.', 'Produkttyp': 'Frucht- & Weingummi'}||||||||||||||0|0|3816_1.png|https://static.mueller.de/markant_04001686331811_pv_4869448/pdzoom/haribo-lakritz-katinchen-veggie.webp||||||||||||||||||||||Haribo GmbH & Co. KG||||||||||175 g|||True||3816P|||||||||5
3817|mueller||||||||2024-10-28|Haribo Lakritzmischung und Fruchtgummi Lakritz Parade|HARIBO||175|g|Home|Drogerie|Lebensmittel|Süßigkeiten|Fruchtgummi|Haribo Lakritzmischung und Fruchtgummi Lakritz Parade||1,49 €|1,49 €|||||||||||8,51 € / 1 kg|||EUR|Home> Drogerie> Lebensmittel> Süßigkeiten> Fruchtgummi> Haribo Lakritzmischung und Fruchtgummi Lakritz Parade|https://www.mueller.at/p/haribo-lakritzmischung-und-fruchtgummi-lakritz-parade-3817/|175 g|Lakritzmischung und Fruchtgummi mit Lakritz||Vor Wärme und Feuchtigkeit schützen.|||||||||{'Nährwerte je': '100  g', 'Brennwert': '1441 kj / 339 kcal', 'Fett in g': '0.9 g', '- davon gesättigte Fettsäuren in g': '0.6 g', 'Kohlenhydrate in g': '81.0 g', '- davon Zucker in g': '53.0 g', 'Eiweiß in g': '1.2 g', 'Salz in g': '0.89 g'}|||||||||||Non-Organic||||{'Lagerhinweis': 'Vor Wärme und Feuchtigkeit schützen.', 'manufacturer': 'Haribo GmbH & Co. KG', 'Herstelleradresse': 'D- 53105 Bonn', 'Kontaktmöglichkeit': '+49 (0) 2641 / 3000', 'Inhalt': '175 g', 'Zutaten': 'Glukosesirup; Zucker; brauner Zuckersirup; Stärke; WEIZENMEHL; Süßholzextrakt (3 % bezogen auf den Lakritzanteil); Aroma; Kochsalz; MILCHZUCKER; Dextrose; Kokosraspeln; Säuerungsmittel: Citronensäure; Palmfett; MAGERMILCHPULVER; Gelatine; Sonnenblumenöl; Frucht- und Pflanzenkonzentrate: Saflor, Apfel, Karotte, Rote Beete, Paprika, Zitrone, Spirulina, Tomate, Holunderbeere, Orange, Kürbis, Schwarze Johannisbeere, Hibiskus, Mango, Passionsfrucht, Aronia, Traube; Überzugsmittel: Bienenwachs weiß und gelb; Holunderbeerextrakt; Karamellsirup.', 'Produkttyp': 'Frucht- & Weingummi'}||||||||||||||0|0|3817_1.png|https://static.mueller.de/markant_04001686327784_pv_3719483/pdzoom/haribo-lakritzmischung-und-fruchtgummi-lakritz-parade.webp||||||||||||||||||||||Haribo GmbH & Co. KG||||||||||175 g|||True||3817P|||||||||5
2483672|mueller||||||||2024-10-28|Pelikan Grundschul-Pinsel-Set griffix Synthetik|PELIKAN||1|Stk.|Home|Schreibwaren|Bastelbedarf|Pinsel|Pelikan Grundschul-Pinsel-Set griffix Synthetik|||13,49 €|13,49 €||||||||||||||EUR|Home> Schreibwaren> Bastelbedarf> Pinsel> Pelikan Grundschul-Pinsel-Set griffix Synthetik|https://www.mueller.at/p/pelikan-grundschul-pinsel-set-griffix-synthetik-2483672/|1 Stk.|12er Borstenpinsel: Der Großflächenpinsel. Fester Flachpinsel für größere Flächen (z.B. Himmel, Wiese). Wichtigster Pinsel für den Schulstart: löst Farbtablette besonders leicht an. 6er Borstenpinsel: Der Kleinflächenpinsel. Fester Flachpinsel für kleinere Flächen (z.B. Baumstamm). Bei Schulanfängern auch beliebt für Kanten und grobe Linien (z.B. Äste). 10er Haarpinsel: Der Linienpinsel. Großer Rundpinsel - perfekt für geschwungene Linien (z.B. Wolke, Blätter). Größere Details, wie Blätter, können durch die zulaufende Spitze sehr gut dargestellt werden. 6er Haarpinsel: Der Punktpinsel. Kleiner Rundpinsel perfekt zugespitzt für kleine, feine Details (z.B. Gras, Schmetterling). 10er Katzenzungenpinsel: Das Multitalent. Großer Flachpinsel in Katzenzungenform - ideal für Striche, Kurven und geschwungene Linien. Die neuen griffix Pinsel sind die perfekte Ergänzung des griffix Schreiblernsystem, denn Malen ist ein wichtiges Instrument, die Feinmotorik der Kinderhand zu verbessern. Speziell auf die Bedürfnisse der Grundschüler beim Malen angepasst und für den Einsatz im Unterricht perfektioniert, sorgen die neuen griffix Qualitätspinsel für jede Menge Malspaß. Ergonomischer Dreikantgriff in kindgerechter Länge. Rutschfeste Oberfläche für sicheren Halt. Leichte Reinigung und Trocknung dank Kunststoffgriff. Geeignet für verschiedensten Maltechniken. Synthetische Haare in Premium Qualität, robust und formstabil. Kein störender Haarverlust und sehr gute Farbaufnahme und -abgabe. Einfaches Reinigen und schnelles Trocknen. Perfekte Schultauglichkeit.||||||||||||||||||||||Non-Organic||||{'scope_of_delivery': '5 Grundschul-Pinsel', 'Inhalt': '1 Stk.', 'Produkttyp': 'Pinsel'}||||||||||||||5.0|1|2483672_1.png|https://static.mueller.de/6932509184-PV-0/pdzoom/pelikan-grundschul-pinsel-set-griffix-synthetik.webp|2483672_2.png|https://static.mueller.de/6932509184-PB-1/pdzoom/pelikan-grundschul-pinsel-set-griffix-synthetik.webp|2483672_3.png|https://static.mueller.de/6932509184-PB-2/pdzoom/pelikan-grundschul-pinsel-set-griffix-synthetik.webp|2483672_4.png|https://static.mueller.de/6932509184-PB-3/pdzoom/pelikan-grundschul-pinsel-set-griffix-synthetik.webp|2483672_5.png|https://static.mueller.de/6932509184-PB-4/pdzoom/pelikan-grundschul-pinsel-set-griffix-synthetik.webp||||||||||||||||||||||||1 Stk.|||True||2483672P|||||||||20
2483675|mueller||||||||2024-10-28|Fun Trading - Flashing Fly Ball Crystal|FUN TRADING||1|Stk.|Home|Spielwaren|Verkehr & Action|Fahr- & Flugzeuge|RC Flugmodelle|Fun Trading - Flashing Fly Ball Crystal||12,99 €|12,99 €||||||||||||||EUR|Home> Spielwaren> Verkehr & Action> Fahr- & Flugzeuge> RC Flugmodelle> Fun Trading - Flashing Fly Ball Crystal|https://www.mueller.at/p/fun-trading-flashing-fly-ball-crystal-2483675/|1 Stk.|"Fly Ball mit tollem Lichteffekt, der auf Handbewegung reagiert und sich so kinderleicht in der Höhe steuern lässt.
Lieferung erfolgt inkl. Ladekabel."||||||||3 Jahre||||||||||||||Non-Organic||||"{'target_group': 'Jugendliche|Grundschüler', 'Artikelnummer des Herstellers': '4792', 'Altersempfehlung ab': '3 Jahre', 'Inhalt': '1 Stk.', 'Produkttyp': 'Flugzeuge'}"||||||||||||||0|0|2483675_1.png|https://static.mueller.de/6564809240-PV-0/pdzoom/fun-trading-flashing-fly-ball-crystal.webp||||||||||||||||||||||4792||||||||||1 Stk.|||True||2483675P|||||||||10
2483676|mueller||||||||2024-10-28|Pelikan Buntstifte Combino dick und dreieckig 12er Karton|PELIKAN||1|Stk.|Home|Schreibwaren|Bastelbedarf|Buntstifte|Pelikan Buntstifte Combino dick und dreieckig 12er Karton|||8,99 €|8,99 €||||||||||||||EUR|Home> Schreibwaren> Bastelbedarf> Buntstifte> Pelikan Buntstifte Combino dick und dreieckig 12er Karton|https://www.mueller.at/p/pelikan-buntstifte-combino-dick-und-dreieckig-12er-karton-2483676/|1 Stk.|Buntstifte Combino, dick, dreieckig. Farbe des Schaftes: in SchreibfarbeMaterial des Schaftes: Holz. Schaft lackiert. Lackierung auf Wasserbasis gegeben. Größe (Ø x L): 5 x 175 mm. Mit Tier-Motiven zum Kombinieren, inkl. Hautfarbe. Stärke der Mine: 4mm. Bezeichnung der Härte: Soft.||||||||||||||||||||||Non-Organic||||{'Inhalt': '1 Stk.', 'Produkttyp': 'Buntstifte'}||||||||||||||4.0|4|2483676_1.png|https://static.mueller.de/6768896136-PV-0/pdzoom/pelikan-buntstifte-combino-dick-und-dreieckig-12er-karton.webp|2483676_2.png|https://static.mueller.de/6768896136-PB-1/pdzoom/pelikan-buntstifte-combino-dick-und-dreieckig-12er-karton.webp|2483676_3.png|https://static.mueller.de/6768896136-PB-2/pdzoom/pelikan-buntstifte-combino-dick-und-dreieckig-12er-karton.webp||||||||||||||||||||||||||||1 Stk.|||True||2483676P|||||||||10
2890056|mueller||||||||2024-10-28|bondi sands Face Drops Light/Medium|BONDI SANDS||30|ml|Home|Parfümerie|Pflege|Sonnenpflege|Selbstbräuner|bondi sands Face Drops Light/Medium||22,95 €|22,95 €|||||||||||765,00 € / 1 l|||EUR|Home> Parfümerie> Pflege> Sonnenpflege> Selbstbräuner> bondi sands Face Drops Light/Medium|https://www.mueller.at/p/bondi-sands-face-drops-light-medium-IPN2890056/|30 ml|"Sand, Meer und Sonne - das beneidenswerte Bild Australiens. Mit den Bondi Sands Light/Medium Self Tan Drops, die mit australischen Pflanzenstoffen angereichert sind und für eine gepflegte, strahlende Haut sorgen, erleben Sie jedes Mal eine sunkissed australische Bräune.

Dermatologisch getestet. Geeignet für empfindliche Haut. Nicht komedogen - verstopft die Poren nicht."||Unter 30° C lagern||||||||||||||||||||Non-Organic||||"{'Lagerhinweis': 'Unter 30° C lagern', 'target_group': 'Damen|Herren|Unisex', 'manufacturer': 'Primor International', 'Anwendungshinweis': 'Schritt 1 Stellen Sie sicher, dass Gesicht und Körper sauber, trocken und frei von jeglichen Produkten sind.\n\nSchritt 2 Geben Sie 4-12 Selbstbräunungstropfen in Ihre Gesichts- oder Körperfeuchtigkeitspflege, mischen Sie sie gut und tragen Sie sie gleichmäßig auf Gesicht oder Körper auf. Beim Auftragen im Gesicht die Augen aussparen. Wenn Sie die Anzahl der Tropfen erhöhen, wird die Bräune intensiver.\n\nSchritt 3 Waschen Sie sich nach der Anwendung gründlich die Hände. Tragen Sie keine anderen Hautpflegeprodukte auf, bis sich die Farbe entwickelt hat. Die besten Ergebnisse erzielen Sie, wenn Sie das Produkt mindestens sechs Stunden auf der Haut lassen. Je nach Bedarf erneut auftragen.', 'package_contents': 'aqua (water), dihydroxyacetone, alcohol, glycerin, phenoxyethanol, xanthan gum, benzyl alcohol, carrageenan, sodium metabisulfite, erythrulose, citric acid, sodium citrate, syzygium luehmannii fruit extract, acronychia acidula fruit extract, davidsonia pruriens fruit extract.', 'skin_type': 'alle Hauttypen', 'Inhalt': '30 ml', 'scope_of_application': 'Selbstbräuner', 'Produkttyp': 'Lotion'}"||||||||||||||0|0|2890056_1.png|https://static.mueller.de/pdzoom/810020173895.webp||||||||||||||||||||||Primor International||||||||||30 ml|aqua (water), dihydroxyacetone, alcohol, glycerin, phenoxyethanol, xanthan gum, benzyl alcohol, carrageenan, sodium metabisulfite, erythrulose, citric acid, sodium citrate, syzygium luehmannii fruit extract, acronychia acidula fruit extract, davidsonia pruriens fruit extract.||True||2890056P|||||||||10
2890057|mueller||||||||2024-10-28|bondi sands Face Drops Dark|BONDI SANDS||30|ml|Home|Parfümerie|Pflege|Sonnenpflege|Selbstbräuner|bondi sands Face Drops Dark||22,95 €|22,95 €|||||||||||765,00 € / 1 l|||EUR|Home> Parfümerie> Pflege> Sonnenpflege> Selbstbräuner> bondi sands Face Drops Dark|https://www.mueller.at/p/bondi-sands-face-drops-dark-IPN2890057/|30 ml|"Sand, Meer und Sonne - das beneidenswerte Bild Australiens. Erleben Sie mit den Bondi Sands Dark Self Tan Drops, die mit australischen Pflanzenstoffen angereichert sind, jedes Mal eine sunkissed australische Bräune für gepflegte, strahlende Haut.

Dermatologisch getestet. Geeignet für empfindliche Haut. Nicht komedogen - verstopft die Poren nicht. Frei von Parfüm und Farbstoffen."||Unter 30° C lagern||||||||||||||||||||Non-Organic||||"{'Lagerhinweis': 'Unter 30° C lagern', 'target_group': 'Damen|Herren|Unisex', 'manufacturer': 'Primor International', 'Anwendungshinweis': 'Schritt 1 Stellen Sie sicher, dass Gesicht und Körper sauber, trocken und frei von jeglichen Produkten sind.\n\nSchritt 2 Geben Sie 4-12 Selbstbräunungstropfen in Ihre Gesichts- oder Körperfeuchtigkeitspflege, mischen Sie sie gut und tragen Sie sie gleichmäßig auf Gesicht oder Körper auf. Beim Auftragen im Gesicht die Augen aussparen. Wenn Sie die Anzahl der Tropfen erhöhen, wird die Bräune intensiver.\n\nSchritt 3 Waschen Sie sich nach der Anwendung gründlich die Hände. Tragen Sie keine anderen Hautpflegeprodukte auf, bis sich die Farbe entwickelt hat. Die besten Ergebnisse erzielen Sie, wenn Sie das Produkt mindestens sechs Stunden auf der Haut lassen. Je nach Bedarf erneut auftragen.', 'package_contents': 'aqua (water), dihydroxyacetone, alcohol, glycerin, phenoxyethanol, xanthan gum, benzyl alcohol, carrageenan, sodium metabisulfite, erythrulose, citric acid, sodium citrate, syzygium luehmannii fruit extract, davidsonia pruriens fruit extract, acronychia acidula fruit extract.', 'skin_type': 'alle Hauttypen', 'Inhalt': '30 ml', 'scope_of_application': 'Selbstbräuner', 'Produkttyp': 'Lotion'}"||||||||||||||4.0|1|2890057_1.png|https://static.mueller.de/pdzoom/810020173901.webp||||||||||||||||||||||Primor International||||||||||30 ml|aqua (water), dihydroxyacetone, alcohol, glycerin, phenoxyethanol, xanthan gum, benzyl alcohol, carrageenan, sodium metabisulfite, erythrulose, citric acid, sodium citrate, syzygium luehmannii fruit extract, davidsonia pruriens fruit extract, acronychia acidula fruit extract.||True||2890057P|||||||||4
2747924|mueller||||||||2024-10-28|Happy Fitness-Bowls|||1|Stk.|Home|Bücher|Kochen & Backen|Happy Fitness-Bowls||||12,90 €|12,90 €||||||||||||||EUR|Home> Bücher> Kochen & Backen> Happy Fitness-Bowls|https://www.mueller.at/p/happy-fitness-bowls-IPN2747924/|1 Stk.|Gesund und nährstoffreich kochen und dabei wunderschöne, bunte Fitness Bowls genießen? Das neue Kochbuch macht‘s möglich! Happy Fitness Bowls machen nicht nur Magen, Darm und Muskeln fröhlich, sondern erfreuen auch die Augen. Die kunterbunten Schüsseln strotzen vor Farben und gesunden Zutaten und versorgen Sie so morgens, mittags und abends mit Nährstoffen. Denn die Formel für ein Kochbuch gesunde Ernährung ist ganz einfach: Rezepte, die alle Mikro- und Makronährstoffe enthalten, die der Körper braucht. Nachhaltig gesund kochen Mit Diät hat das Bowl-Kochbuch nichts zu tun – vielmehr zeigt Autor Nico Stanitzok seine Fitness Bowl Formel, die alles inkludiert, was nachhaltig versorgt. So bestehen die Bowls aus Kohlenhydraten, gesunden Fetten, Protein und Ballaststoffen. Eben alles, was der Körper braucht. Süße Bowls- zuckerarm Zum Frühstück schon eine Schüssel voll Glück gefällig? Die bunten Bowls machen direkt morgens gute Laune und versprechen einen nachhaltig sättigenden Start in den Tag. Das Fitnessrezeptbuch berücksichtigt nämlich schon bei der ersten Mahlzeit des Tages eine gehörige Portion Nährstoffe. Starten Sie mit:  Schokoladige Kokos-Früchte-Bowl  Porridge mit selbstgemachtem Reisdrink  Bananen-Tofu-Bowl mit Sojacreme    Fleisch, Fisch & Geflügel – schnell und lecker Lassen Sie sich in diesem Kapitel überraschen, wie herrlich Fleisch und Fisch schmecken und wie kreativ sie in Bowl Rezepte integriert werden können. Die Fitness-Rrezepte eignen sich auch für Sportbegeisterte, da sie langfristig Energie liefern. Nach einem Workout schmecken:  Steakbowl mit Zitronenreis  Donburi-Bowl mit Huhn  Bunte Taco-Fisch-Bowl  Vegane und vegetarische Fitness Bowls Auch alle, die auf tierische Lebensmittel (öfter) verzichten wollen, werden satt. Denn hier tummeln sich essenzielle Nährstoffe in den Gerichten. Die Fitness-Rezepte haben zwischen 300 und 650 kcal und lassen sich super vorbereiten.  Ayurveda-Bowl  Umami-Kichererbsen-Bowl  Rosa Rote-Bete-Bowl||||||||||||||||||||||Non-Organic||||{'Herstelleradresse': 'Grillparzerstr. 12, D 81675 München', 'genre': 'Kochen & Backen', 'author': 'Stanitzok, Nico', 'language': 'deutsch', 'publisher': 'Gräfe und Unzer Verlag GmbH', 'publishing_year': '2021', 'Auflage': '3', 'Höhe': '20.1 cm', 'Breite': '16.6 cm', 'Inhalt': '1 Stk.', 'ISBN Ausgangsbuch': '9783833879883', 'Produkttyp': 'Kochen & Backen', 'page_number': '64'}||||||||||||||0|0|2747924_1.png|https://static.mueller.de/pdzoom/9783833879883.webp|2747924_2.png|https://static.mueller.de/pdzoom/9783833879883_innenansicht_04.webp|2747924_3.png|https://static.mueller.de/pdzoom/9783833879883_innenansicht_01.webp|2747924_4.png|https://static.mueller.de/pdzoom/9783833879883_innenansicht_02.webp|2747924_5.png|https://static.mueller.de/pdzoom/9783833879883_innenansicht_03.webp|2747924_6.png|https://static.mueller.de/pdzoom/9783833879883_innenansicht_05.webp||||||||||||Grillparzerstr. 12, D 81675 München||||||||||1 Stk.|||True||2747924P|||||||||4
2890040|mueller||||||||2024-10-28|GLISS Shampoo Summer Repair|SCHWARZKOPF||250|ml|Home|Drogerie|Pflege|Haarpflege|Haarwäsche|Haarshampoo|GLISS Shampoo Summer Repair|3,25 €|3,25 €|3,25 €|2,49 €||||23%|Sie sparen 23%||||9,96 € / 1 l|||EUR|Home> Drogerie> Pflege> Haarpflege> Haarwäsche> Haarshampoo> GLISS Shampoo Summer Repair|https://www.mueller.at/p/gliss-shampoo-summer-repair-IPN2890040/|250 ml|"GLISS Summer Repair Shampoo – Pflegeshampoo für sonnengeküsstes Haar
Durch UV-Strahlen, Chlor und Salzwasser beanspruchtes Haar braucht besondere Pflege und Schutz. GLISS Summer Repair mit Keratin und Aprikosenöl repariert sommerstrapaziertes Haar, schützt vor Sonneneinstrahlung. So verleiht das Damen Shampoo wunderschönes Sommerhaar.
Eine Kombination aus hochwertigen Haar-Aktivstoffen & Essenzen der Natur ist die Basis aller GLISS Formeln. Sie sind auf die speziellen Bedürfnisse der Haare zugeschnitten und sorgen für Reparatur und eine sichtbar verbesserte Haarqualität.
Die Produktvorteile im Detail:

Repariertes, gepflegtes Haar
Glanz und Geschmeidigkeit
Für die Bedürfnisse von strapaziertem und sommergeschädigtem Haar
Entfernt Rückstände von Salzwasser, Chlor und Sonnencreme
Mit Keratin + Aprikosenöl

Anwendung: Sanft im feuchten Haar verteilen. Gut ausspülen! Regelmäßig anwenden. Speziell abgestimmt – Das Damen Shampoo ist auf die Bedürfnisse von sommerstrapaziertem Haar abgestimmt und entfernt Rückstände von Salzwasser, Chlor und Sonnencreme,Einfache Anwendung – Bei der Haarwäsche sanft im feuchten Haar verteilen und anschließend gut ausspülen. Für wunderschönes Sommerhaar regelmäßig anwenden,Summer Repair – Sommerstrapaziertes Haar? GLISS Shampoo repariert und regeneriert das Haar von Sommerschäden für sonnengeküsstes Haar,Das Ergebnis – Das Haarpflege-Shampoo repariert strapaziertes Haar und verleiht gepflegte, gesund aussehende Haare mit einem natürlichen, gesund aussehenden Glanz,Mit Keratin & Aprikosenöl – Mit Keratin & Aprikosenöl repariert das Pflegeshampoo beanspruchtes Haar, schützt vor Farbverblassen und verleiht geschmeidige Haare"||||||||||||||||||||||Non-Organic||||"{'Effekt': 'pflegend', 'hair_type': 'alle Haartypen', 'target_group': 'Herren|Unisex|Damen', 'manufacturer': 'Schwarzkopf & Henkel GmbH', 'Herstelleradresse': 'Henkelstraße 67, DE-40191 Düsseldorf', 'Kontaktmöglichkeit': 'corporate.communications@henkel.com', 'Anwendungshinweis': 'Sanft im feuchten Haar verteilen. Gut ausspülen! Regelmäßig anwenden.', 'package_contents': 'Aqua (Water, Eau), Sodium Laureth Sulfate, Cocamidopropyl Betaine, Sodium Chloride, Sodium Hydroxide, Prunus Armeniaca (Apricot) Kernel Oil, Sclerocarya Birrea Seed Oil, Hydrolyzed Keratin, Disodium Cocoamphodiacetate, Citric Acid, Sodium Benzoate, Propylene Glycol, Phenoxyethanol, Potassium Sorbate, Cocamide MEA, PEG-7 Glyceryl Cocoate, Polyquaternium-10, PEG-40 Hydrogenated Castor Oil, PEG-120 Methyl Glucose Dioleate, Parfum (Fragrance), Linalool, Benzyl Alcohol, CI 47005 (Yellow 10), CI 19140 (Yellow 5), CI 15985 (Yellow 6)', 'product_property': 'reinigend', 'Inhalt': '250 ml', 'Produkttyp': 'Haarshampoo'}"||||||||||||||4.8739|119|2890040_1.png|https://static.mueller.de/markant_04015100803402_pv_3652678/pdzoom/gliss-shampoo-summer-repair.webp|2890040_2.png|https://static.mueller.de/markant_04015100803402_pr_3814534/pdzoom/gliss-shampoo-summer-repair.webp||||||||||||||||||||Schwarzkopf & Henkel GmbH||||||||||250 ml|Aqua (Water, Eau), Sodium Laureth Sulfate, Cocamidopropyl Betaine, Sodium Chloride, Sodium Hydroxide, Prunus Armeniaca (Apricot) Kernel Oil, Sclerocarya Birrea Seed Oil, Hydrolyzed Keratin, Disodium Cocoamphodiacetate, Citric Acid, Sodium Benzoate, Propylene Glycol, Phenoxyethanol, Potassium Sorbate, Cocamide MEA, PEG-7 Glyceryl Cocoate, Polyquaternium-10, PEG-40 Hydrogenated Castor Oil, PEG-120 Methyl Glucose Dioleate, Parfum (Fragrance), Linalool, Benzyl Alcohol, CI 47005 (Yellow 10), CI 19140 (Yellow 5), CI 15985 (Yellow 6)||False||2890040P|||||||||1
2890041|mueller||||||||2024-10-28|biozentrale Bio Linsen Grillgemüse|BIOZENTRALE||125|g|Home|Drogerie|Lebensmittel|Nahrung|Saucen|biozentrale Bio Linsen Grillgemüse||2,49 €|2,49 €|||||||||||19,92 € / 1 kg|||EUR|Home> Drogerie> Lebensmittel> Nahrung> Saucen> biozentrale Bio Linsen Grillgemüse|https://www.mueller.at/p/biozentrale-bio-linsen-grillgemuese-IPN2890041/|125 g|Mit unserem biozentrale Aufstrich Linse Grillgemüse bringst du fein würzigen Geschmack auf dein Brot. Der Brotaufstrich mit 25 % gegrilltem Gemüse überzeugt als Proteinquelle mit seiner stückigen Konsistenz und seinem intensiven Aroma. Er ist vegetarisch und glutenfrei und kommt ohne Verdickungsmittel aus. Besonders lecker schmeckt er auf frischem Brot, Brötchen, Knusperbrot oder auch als Dip. Aber auch als Geheimzutat zum Würzen und Verfeinern von kalten und warmen Speisen ist er perfekt geeignet. Probiere auch unsere anderen, vielfältigen Aufstrich-Sorten.||Vor Wärme geschützt und dunkel lagern. Nach dem Öffnen kühl aufbewahren und innerhalb weniger Tage verbrauchen. Mindestens haltbar bis: siehe Deckel||||Kann Spuren von Fisch, Milch und Senf enthalten.|||||{'Nährwerte je': '100  g', 'Brennwert': '489 kj / 117 kcal', 'Fett in g': '5.6 g', '- davon gesättigte Fettsäuren in g': '0.7 g', 'Kohlenhydrate in g': '9.8 g', '- davon Zucker in g': '3.3 g', 'Eiweiß in g': '5.2 g', 'Salz in g': '0.82 g'}|||||||||||Organic||||{'Lagerhinweis': 'Vor Wärme geschützt und dunkel lagern. Nach dem Öffnen kühl aufbewahren und innerhalb weniger Tage verbrauchen.\nMindestens haltbar bis: siehe Deckel', 'manufacturer': 'Bio-Zentrale Naturprodukte GmbH', 'Herstelleradresse': 'D - 84384 Ulbering', 'Kontaktmöglichkeit': 'www.biozentrale.de', 'Öko-Kontrollstelle': 'GR-BIO-01', 'Anwendungshinweis': 'Nach dem Öffnen innerhalb weniger Tage verbrauchen.', 'Allergenhinweis': 'Kann Spuren von Fisch, Milch und Senf enthalten.', 'Inhalt': '125 g', 'Bio': 'Ja', 'Eigenschaften': 'Glutenfrei', 'Zutaten': '21 % Linsen* grün, 19 % Paprika* gegrillt, 6 % Aubergine* gegrillt, Wasser, Paprika*, Tomaten* passiert, Tomatenmark* zweifach konzentriert, Sonnenblumenöl* high oleic, Balsamicoessig* mit Honig* (Balsamicoessig*, Honig*), Zitronensaft* aus Zitronensaftkonzentrat*, Koriander*, Meersalz, Paprika*, Knoblauch*, Basilikum*, Pfeffer* schwarz, Oregano*, Thymian*, Zwiebeln*. *aus kontrolliert-ökologischer Landwirtschaft. Kann Spuren von Soja, Milch und Senf enthalten.', 'Produkttyp': 'Ketchup, Saucen & Pesto'}||||||||||||||0|0|2890041_1.png|https://static.mueller.de/markant_04005009102508_pv_4981736/pdzoom/biozentrale-bio-linsen-grillgemuese.webp|2890041_2.png|https://static.mueller.de/pdzoom/4005009102508.webp||||||||||||||||||||Bio-Zentrale Naturprodukte GmbH||||||||||125 g|||True||2890041P|||||||||10
2890042|mueller||||||||2024-10-28|biozentrale Bio Linse Balsamico|BIOZENTRALE||125|g|Home|Drogerie|Lebensmittel|Nahrung|Saucen|biozentrale Bio Linse Balsamico||2,99 €|2,99 €|||||||||||23,92 € / 1 kg|||EUR|Home> Drogerie> Lebensmittel> Nahrung> Saucen> biozentrale Bio Linse Balsamico|https://www.mueller.at/p/biozentrale-bio-linse-balsamico-IPN2890042/|125 g|Mit unserem biozentrale Aufstrich Linse & Balsamico bringst du frischen Wind auf dein Brot. Der cremige Aufstrich auf Gemüsebasis ist würzig aromatisch, vegan und laktosefrei. Die Linsen sorgen dabei für einen angenehmen Biss. Er besticht durch seine fein würzige Balsamico-Note und kommt ohne Verdickungsmittel aus. Besonders lecker schmeckt er auf frischem Brot, Brötchen, Knusperbrot oder auch als Dip. Aber auch als Geheimzutat zum Würzen und Verfeinern von kalten und warmen Speisen ist er perfekt geeignet. Probiere auch unsere anderen, vielfältigen Aufstrich Sorten.||Vor Wärme geschützt und dunkel lagern. Nach dem Öffnen kühl aufbewahren und innerhalb weniger Tage verbrauchen. Mindestens haltbar bis: siehe Deckel||||Enthält Senf. Kann Spuren von Gluten enthalten.|||||{'Nährwerte je': '100  g', 'Brennwert': '713 kj / 171 kcal', 'Fett in g': '8.3 g', '- davon gesättigte Fettsäuren in g': '0.7 g', 'Kohlenhydrate in g': '14.0 g', '- davon Zucker in g': '4.5 g', 'Eiweiß in g': '6.6 g', 'Salz in g': '1.4 g'}|||||||||||Organic||||{'Lagerhinweis': 'Vor Wärme geschützt und dunkel lagern. Nach dem Öffnen kühl aufbewahren und innerhalb weniger Tage verbrauchen.\nMindestens haltbar bis: siehe Deckel', 'manufacturer': 'Bio-Zentrale Naturprodukte GmbH', 'Herstelleradresse': 'D - 84384 Ulbering', 'Kontaktmöglichkeit': 'www.biozentrale.de', 'Öko-Kontrollstelle': 'DE-ÖKO-005', 'Anwendungshinweis': 'Nach dem Öffnen innerhalb weniger Tage verbrauchen.', 'Allergenhinweis': 'Enthält Senf.  Kann Spuren von Gluten enthalten.', 'Inhalt': '125 g', 'Bio': 'Ja', 'Eigenschaften': 'Glutenfrei', 'Zutaten': 'Gemüse* in veränderlichen Gewichtsanteilen (Paprika*, Zwiebeln*, Tomaten*), 14 % Linsen*, Sonnenblumenöl*, Zitronensaft* aus Zitronensaftkonzentrat*, Tomatenmark* einfach konzentriert, 2,5 % Balsamicoessig*, Wasser, Agavensirup*, Steinsalz, Kartoffelstärke*, SENFmehl*, Knoblauch*, Gewürze*. * aus kontrolliert-ökologischer Landwirtschaft.', 'Produkttyp': 'Ketchup, Saucen & Pesto'}||||||||||||||0|0|2890042_1.png|https://static.mueller.de/markant_04005009102256_pv_4855047/pdzoom/biozentrale-bio-linse-balsamico.webp|2890042_2.png|https://static.mueller.de/pdzoom/4005009102256_1.webp||||||||||||||||||||Bio-Zentrale Naturprodukte GmbH||||||||||125 g|||True||2890042P|||||||||10
3820|mueller||||||||2024-10-28|Vileda Bodentuch|VILEDA||1|Stk.|Home|Haushalt|Putzen & Reinigen|Bodenreinigung|Vileda Bodentuch|||2,45 €|2,45 €||||||||||||||EUR|Home> Haushalt> Putzen & Reinigen> Bodenreinigung> Vileda Bodentuch|https://www.mueller.at/p/vileda-bodentuch-3820/|1 Stk.|"Verbessertes Reinigungsergebnis dank 50% Microfaseranteil
 - Streifenfreier Glanz
- Erhöhte Wasseraufnahme
- Müheloses Auswringen
- Tuchmaß: 50 x 45 cm
- Inhalt: 1 Stück"||||||||||||||||||||||Non-Organic||||{'scope_of_delivery': '1 Stück', 'manufacturer': 'Vileda GmbH', 'Herstelleradresse': 'Im Technologiepark 19\n69469 Weinheim', 'Kontaktmöglichkeit': 'vileda-info@fhp-ww.com', 'Inhalt': '1 Stk.', 'Batterien erforderlich': 'Nein'}||||||||||||||5.0|1|3820_1.png|https://static.mueller.de/markant_04023103110731_pv_2948524/pdzoom/vileda-bodentuch.webp|3820_2.png|https://static.mueller.de/markant_04023103110731_pd_1719056/pdzoom/vileda-bodentuch.webp||||||||||||||||||||Vileda GmbH||||||||||1 Stk.|||True||3820P|||||||||10
2890046|mueller||||||||2024-10-28|UHU Sekundenkleber blitzschnell SUPERGEL 3g|UHU||3|g|Home|Schreibwaren|Bastelbedarf|Kleber|UHU Sekundenkleber blitzschnell SUPERGEL 3g|||3,45 €|3,45 €||||||||||||||EUR|Home> Schreibwaren> Bastelbedarf> Kleber> UHU Sekundenkleber blitzschnell SUPERGEL 3g|https://www.mueller.at/p/uhu-sekundenkleber-blitzschnell-supergel-3g-IPN2890046/|3 g|Extrem starker Sekundenkleber- kurzfristig korrigierbar. Aufgrund seiner gelartigen Konsistenz ermöglicht dieser Sekundenkleber ein tropffreies und sauberes Arbeiten, auch an senkrechten Flächen.||||||||||||||||||||||Non-Organic||||{'scope_of_delivery': '3g', 'manufacturer': 'UHU GmbH & Co. KG', 'Herstelleradresse': 'Postfach 15 52 ,77813 Bühl', 'Artikelnummer des Herstellers': '48790', 'Inhalt': '3 g', 'Produkttyp': 'Kleber'}||||||||||||||0|0|2890046_1.png|https://static.mueller.de/pdzoom/4026700487909neu06_06_2024.webp|2890046_2.png|https://static.mueller.de/pdzoom/4026700487909_2.webp|2890046_3.png|https://static.mueller.de/pdzoom/4026700487909_4.webp|2890046_4.png|https://static.mueller.de/pdzoom/4026700487909_3.webp||||||||||||||||UHU GmbH & Co. KG||||||||||3 g|||False||2890046P|||||||||1
956165|mueller||||||||2024-10-28|STABILO® Gefederter Dreikant-Filzstift - STABILO Trio Scribbi - 8er Pack - mit 8 verschiedenen Farben|STABILO||1|Stk.|Home|Schreibwaren|Bastelbedarf|Filzstifte|STABILO® Gefederter Dreikant-Filzstift - STABILO Trio Scribbi - 8er Pack - mit 8 verschiedenen Farben|||16,49 €|16,49 €||||||||||||||EUR|Home> Schreibwaren> Bastelbedarf> Filzstifte> STABILO® Gefederter Dreikant-Filzstift - STABILO Trio Scribbi - 8er Pack - mit 8 verschiedenen Farben|https://www.mueller.at/p/stabilo-gefederter-dreikant-filzstift-stabilo-trio-scribbi-8er-pack-mit-8-verschiedenen-farben-956165/|1 Stk.|Dank seiner gefederten, dicken Spitze ist der STABILO Trio Scribbi nahezu unverwüstlich. Das ergonomische Dreikant-Design sorgt beim Malen für sicheren Halt in Kinderhänden. Die intensiven Farben sind super-auswaschbar und lassen sich leicht von Händen und Kleidung entfernen. Die Kappe lässt sich einfach am Stiftende aufstecken.||||||||||||||||||||||Non-Organic||||{'scope_of_delivery': '8 verschiedene Farben', 'Farbe': 'sortiert', 'Inhalt': '1 Stk.', 'Produkttyp': 'Filzstifte'}||||||sortiert||||||||5.0|1|956165_1.png|https://static.mueller.de/5741202310-PV-0/pdzoom/stabilo-gefederter-dreikant-filzstift-stabilo-trio-scribbi-8er-pack-mit-8-verschiedenen-farben.webp|956165_2.png|https://static.mueller.de/5741202310-PB-1/pdzoom/stabilo-gefederter-dreikant-filzstift-stabilo-trio-scribbi-8er-pack-mit-8-verschiedenen-farben.webp|956165_3.png|https://static.mueller.de/5741202310-PB-2/pdzoom/stabilo-gefederter-dreikant-filzstift-stabilo-trio-scribbi-8er-pack-mit-8-verschiedenen-farben.webp|956165_4.png|https://static.mueller.de/5741202310-PB-3/pdzoom/stabilo-gefederter-dreikant-filzstift-stabilo-trio-scribbi-8er-pack-mit-8-verschiedenen-farben.webp|956165_5.png|https://static.mueller.de/5741202310-PB-4/pdzoom/stabilo-gefederter-dreikant-filzstift-stabilo-trio-scribbi-8er-pack-mit-8-verschiedenen-farben.webp|956165_6.png|https://static.mueller.de/5741202310-PB-5/pdzoom/stabilo-gefederter-dreikant-filzstift-stabilo-trio-scribbi-8er-pack-mit-8-verschiedenen-farben.webp||||||||||||||||||||||1 Stk.|||True||956165P|||||||||20
2419094|mueller||||||||2024-10-28|"Hama Spiral-Album ""Fine Art"", 28 x 24 cm, 50 schwarze Seiten, Flamingo"|HAMA||1|Stk.|Home|Schreibwaren|Büro|Ordner & Mappen|Fotoalbum|"Hama Spiral-Album ""Fine Art"", 28 x 24 cm, 50 schwarze Seiten, Flamingo"||7,99 €|7,99 €||||||||||||||EUR|"Home> Schreibwaren> Büro> Ordner & Mappen> Fotoalbum> Hama Spiral-Album ""Fine Art"", 28 x 24 cm, 50 schwarze Seiten, Flamingo"|https://www.mueller.at/p/hama-spiral-album-fine-art-28-x-24-cm-50-schwarze-seiten-flamingo-2419094/|1 Stk.|"""- mit einem Spiral-Album archivieren Sie nicht nur einfach Ihre Fotos, sondern können das Album auch kreativ gestalten
- für den ersten Eindruck: im Albumcover integrierte Einstecktasche mit Platz für ein Foto – zur individuellen Gestaltung oder zur thematischen Zuordnung
- bleibender Eindruck: Das Cover aus Strukturpapier ist haptisch und optisch ansprechend
- genau angepasste Spiralbindung: schafft genügend Platz für Fotos und Co., ohne dass sich der Deckel anhebt
- Spiralverschluss an der Innenseite: Die Spirale schließt sich innen an der Cover-Rückseite, somit können keine Albumblätter herausfallen
- mehr als nur Fotos einkleben: Die schwarzen Innenseiten bieten Platz für jede Menge Anekdoten zu den einzelnen Bildern und andere Erinnerungen wie Tickets, Eintrittskarten, Zeichnungen etc.
- das Spiral-Album lässt sich besonders gut als Scrap-Book gestalten
- entscheiden Sie selbst, wie viele Fotos Sie auf einer Seite einkleben 
- die Innenseiten sind voneinander durch weiß-transparente Pergaminschutzseiten getrennt: Das erlaubt den Überblick auf die folgende Seite und schützt Ihre Fotos und kreativ gestalteten Seiten vor Aneinanderhaften

Verbraucherhinweis:
Klebemittel zum sorgfältigen Einkleben nicht vergessen: Wir empfehlen Fotoecken und -tapes, bei größeren Mengen einen Kleberoller.
Mit Kreativstiften beschriften Sie Ihr Album individuell."""||||||||||||||||||||||Non-Organic||||{'manufacturer': 'Hama GmbH & Co. KG', 'Herstelleradresse': 'Dresdner Str. 9, 86653 Monheim', 'Kontaktmöglichkeit': 'info.de@hama.de', 'Höhe': '24.2 cm', 'Breite': '27.8 cm', 'Tiefe': '2.8 cm', 'Inhalt': '1 Stk.', 'Produkttyp': 'Fotoalbum'}||||||||||||||0|0|2419094_1.png|https://static.mueller.de/6806922020-PV-0/pdzoom/hama-spiral-album-fine-art-28-x-24-cm-50-schwarze-seiten-flamingo.webp||||||||||||||||||||||Hama GmbH & Co. KG||||||||||1 Stk.|||True||2419094P|||||||||10
2879690|mueller||||||||2024-10-28|Erdal Super-Imprägnierer 300 ml|ERDAL||300|ml|Home|Drogerie|Haushalt|Haushaltsartikel|Schuh- & Textilpflege|Erdal Super-Imprägnierer 300 ml||5,95 €|5,95 €|||||||||||19,83 € / 1 l|||EUR|Home> Drogerie> Haushalt> Haushaltsartikel> Schuh- & Textilpflege> Erdal Super-Imprägnierer 300 ml|https://www.mueller.at/p/erdal-super-impraegnierer-300-ml-IPN2879690/|300 ml|Ideal auch für Sneaker, PFC-frei, Tierversuchsfrei||Von Hitze, heißen Oberflächen, Funken, offenen Flammen und anderen Zündquellen fernhalten.||||||||||||||||||||Non-Organic||||{'Lagerhinweis': 'Von Hitze, heißen Oberflächen, Funken, offenen Flammen und anderen Zündquellen fernhalten.', 'target_group': 'Unisex', 'manufacturer': 'Erdal-Rex GmbH', 'Herstelleradresse': 'Rheinallee 96, 55120 Mainz', 'Kontaktmöglichkeit': 'verbraucherberatung@werner-mertz.com', 'Anwendungshinweis': 'Materialverträglichkeit an verdeckter Stelle prüfen. Vor Gebrauch Staub und Schmutz entfernen. Aus ca. 30 cm Entfernung dünn und gleichmäßig einsprühen ohne zu durchnässen. Bereits geringe Mengen sorgen für eine zuverlässige Imprägnierung. Leder im feuchten Zustand nicht reiben. Material gut trocknen lassen und bei Bedarf polieren oder aufrauen.', 'package_contents': 'Propan-2-ol; C6-7 ALKANE/CYCLOALKANE.', 'Inhalt': '300 ml', 'Produkttyp': 'Schuhpflege'}||||||||||||||0|0|2879690_1.png|https://static.mueller.de/markant_04001499962127_pv_4872102/pdzoom/erdal-super-impraegnierer-300-ml.webp|2879690_2.png|https://static.mueller.de/markant_04001499962127_pr_4908605/pdzoom/erdal-super-impraegnierer-300-ml.webp||||||||||||||||||||Erdal-Rex GmbH||||||||||300 ml|Propan-2-ol; C6-7 ALKANE/CYCLOALKANE.||True||2879690P||||Gefahr Darf nicht in die Hände von Kindern gelangen.|||||10
2865046|mueller||||||||2024-10-28|HABA Greifpuzzle Meerestiere|HABA||1|Stk.|Home|Spielwaren|Baby & Kleinkind|Kleinkindspielzeug|HABA Greifpuzzle Meerestiere|||12,99 €|12,99 €||||||||||||||EUR|Home> Spielwaren> Baby & Kleinkind> Kleinkindspielzeug> HABA Greifpuzzle Meerestiere|https://www.mueller.at/p/haba-greifpuzzle-meerestiere-IPN2865046/|1 Stk.|Das Greifpuzzle Meerestiere von HABA zeigt viele putzige Tiere: Pinguin, Wal, Schildkröte, Robbe, Oktopus und Krabbe. Wer findet heraus, wo die sechs großen Puzzleteile aus Holz hingehören? Dank der Griffe können kleine Hände die Teile prima anfassen und halten. Das Baby-Puzzle regt zum Schauen und Erzählen an. Wie heißen die Tiere? Wen trifft die Krabbe? Immer wieder lädt das robuste Greifpuzzle aus Holz Jungen und Mädchen zum Spielen ein und fördert altersgerecht ihre Konzentration und Feinmotorik.Inhalt:1 Puzzlebrett, 6 Puzzleteile.6 Holzteile mit großen, griffigen Knöpfenfördert die Feinmotorikerster Puzzlespaß für die KleinstenMeerestiere erkennen und benennenAußenmantel:    Linde (Sperrholz), BucheAlter ab    12+ MonateAnzahl Teile    6 StückBreite    20 cmBreite des fertigen Puzzles    20 cmGewicht Produkt    0.257 kgHöhe    2 cmHöhe des fertigen Puzzles    2 cmLänge    25 cmLänge des fertigen Puzzles    25 cmMotiv    Tiere||||||||12 Monate||||||||||||||Non-Organic||||{'target_group': 'Kleinkinder', 'Artikelnummer des Herstellers': '1306543001', 'Altersempfehlung ab': '12 Monate', 'Inhalt': '1 Stk.', 'Produkttyp': 'Sortieren und Zuordnen'}||||||||||||||0|0|2865046_1.png|https://static.mueller.de/pdzoom/4010168260198.webp|2865046_2.png|https://static.mueller.de/pdzoom/4010168260198_3.webp|2865046_3.png|https://static.mueller.de/pdzoom/4010168260198_4.webp|2865046_4.png|https://static.mueller.de/pdzoom/4010168260198_2.webp||||||||||||||||1306543001||||||||||1 Stk.|||True||2865046P|||||||||10
2865047|mueller||||||||2024-10-28|HABA Greifpuzzle Waldtiere|HABA||1|Stk.|Home|Spielwaren|Baby & Kleinkind|Kleinkindspielzeug|HABA Greifpuzzle Waldtiere|||12,99 €|12,99 €||||||||||||||EUR|Home> Spielwaren> Baby & Kleinkind> Kleinkindspielzeug> HABA Greifpuzzle Waldtiere|https://www.mueller.at/p/haba-greifpuzzle-waldtiere-IPN2865047/|1 Stk.|Das Greifpuzzle Waldtiere von HABA zeigt viele süße Tiere: Fuchs, Hase, Eichhörnchen, Igel, Eule und Reh. Wer weiß, wo die sechs großen Puzzleteile aus Holz hingehören? Die Illustration hilft dabei, auf dem Puzzlebrett die richtige Stelle zu finden. Das Baby-Puzzle lädt zum Schauen und Erzählen ein. Was hat das Eichhörnchen dabei? Wie heißen die Tiere? Immer wieder lädt das langlebige Greifpuzzle aus Holz Mädchen und Jungen zum Spielen ein und fördert altersgerecht ihre Konzentration und Feinmotorik.Inhalt:1 Puzzlebrett, 6 Puzzleteile.6 Holzteile mit großen, griffigen Knöpfenfördert die Feinmotorikerster Puzzlespaß für die KleinstenWaldtiere erkennen und benennenAußenmantel:    Linde (Sperrholz), BucheAlter ab    12+ MonateAnzahl Teile    6 StückBreite    20 cmBreite des fertigen Puzzles    20 cmGewicht Produkt    0.257 kgHöhe    2 cmHöhe des fertigen Puzzles    2 cmLänge    25 cmLänge des fertigen Puzzles    25 cmMotiv    Tiere||||||||12 Monate||||||||||||||Non-Organic||||{'target_group': 'Kleinkinder', 'Artikelnummer des Herstellers': '1306542001', 'Altersempfehlung ab': '12 Monate', 'Inhalt': '1 Stk.', 'Produkttyp': 'Sortieren und Zuordnen'}||||||||||||||0|0|2865047_1.png|https://static.mueller.de/pdzoom/4010168260181.webp|2865047_2.png|https://static.mueller.de/pdzoom/4010168260181_2.webp|2865047_3.png|https://static.mueller.de/pdzoom/4010168260181_3.webp||||||||||||||||||1306542001||||||||||1 Stk.|||True||2865047P|||||||||8
2318022|mueller||||||||2024-10-28|L'ORÉAL PARIS Glow Mon Amour Highlighting Drops|L'ORÉAL PARIS||15|ml|Home|Parfümerie|Make-up|Teint|Highlighter|L'ORÉAL PARIS Glow Mon Amour Highlighting Drops||13,99 €|13,99 €|||||||||||932,67 € / 1 l|||EUR|Home> Parfümerie> Make-up> Teint> Highlighter> L'ORÉAL PARIS Glow Mon Amour Highlighting Drops|https://www.mueller.at/p/loreal-paris-glow-mon-amour-highlighting-drops-6776899805/|15 ml|Die L'Oréal Paris Glow Mon Amour Highlighting Drops in 05 Icoconic Glow verleihen dem Teint sofort einen natürlichen Schimmer – als ob die Haut von innen heraus leuchten würde. Die Highlighter-Tropfen können unter eine BB Cream oder Foundation gemischt und so auf dem gesamten Gesicht verteilt werden. Wer sich intensive Highlights wünscht, tupft die Tropfen einfach auf einzelne Gesichtspartien oder das Dekolleté auf. Besonders praktisch: Der Highlighter lässt sich dank des Tropfen-Applikators sehr präzise dosieren. Die Formel ist angereichert mit Inhaltsstoffe natürlichen Ursprungs. L'Oréal Paris Glow Mon Amour Highlighting Drops - für einen wunderbar frischen Glow. Sorgt für einen frischen Glow, als ob die Haut von innen heraus leuchten würde||||||||||||||||||||||Non-Organic||||"{'target_group': 'Unisex', 'manufacturer': ""L'Oréal Deutschland GmbH"", 'Herstelleradresse': 'TSA 75000 93684 ST OUEN CEDEX FR', 'Anwendungshinweis': 'Für einen natürlichen Glow einige Tropfen in die Tagescreme, BB Cream oder Foundation mischen und gleichmäßig auf dem gesamten Gesicht auftragen. Für einen intensiven Glow einige Tropfen mithilfe eines Blenders auf die zu hervorhebenden Stellen im Gesicht auftragen.', 'package_contents': 'HYDROGENATED POLYISOBUTENE • ISODODECANE • ISONONYL ISONONANOATE • ISODECYL NEOPENTANOATE • SYNTHETIC FLUORPHLOGOPITE • HYDROGENATED STYRENE/ISOPRENE COPOLYMER • BUTYROSPERMUM PARKII BUTTER / SHEA BUTTER • DISTEARDIMONIUM HECTORITE • PEG-10 DIMETHICONE • COCOS NUCIFERA OIL / COCONUT OIL • PROPYLENE CARBONATE • PARFUM / FRAGRANCE • TOCOPHERYL ACETATE • TIN OXIDE • LIMONENE • LINALOOL • HEXYL CINNAMAL • PENTAERYTHRITYL TETRA-DI-T-BUTYL HYDROXYHYDROCINNAMATE • BENZYL SALICYLATE • BENZYL ALCOHOL • CITRONELLOL • ALPHA-ISOMETHYL IONONE • TOCOPHEROL • BENZYL BENZOATE • COUMARIN • CITRAL • CITRIC ACID ● [+/- MAY CONTAIN: CI 77891 / TITANIUM DIOXIDE • MICA • CI 77491, CI 77499 / IRON OXIDES • CI 75470 / CARMINE]. (F.I.L. B241473/1).', 'Farbnummer': '01', 'Farbe': 'Sparkling Love', 'Inhalt': '15 ml', 'Batterien erforderlich': 'Nein', 'Produktart': 'Highlighter', 'Produkttyp': 'Highlighter'}"||||||Sparkling Love||||||||4.6521|825|2318022_1.png|https://static.mueller.de/markant_03600523560899_pv_4097944/pdzoom/loreal-paris-glow-mon-amour-highlighting-drops.webp|2318022_2.png|https://static.mueller.de/markant_03600523560899_pd_4177409/pdzoom/loreal-paris-glow-mon-amour-highlighting-drops.webp||||||||||||||||||||L'Oréal Deutschland GmbH||||||||||15 ml|HYDROGENATED POLYISOBUTENE • ISODODECANE • ISONONYL ISONONANOATE • ISODECYL NEOPENTANOATE • SYNTHETIC FLUORPHLOGOPITE • HYDROGENATED STYRENE/ISOPRENE COPOLYMER • BUTYROSPERMUM PARKII BUTTER / SHEA BUTTER • DISTEARDIMONIUM HECTORITE • PEG-10 DIMETHICONE • COCOS NUCIFERA OIL / COCONUT OIL • PROPYLENE CARBONATE • PARFUM / FRAGRANCE • TOCOPHERYL ACETATE • TIN OXIDE • LIMONENE • LINALOOL • HEXYL CINNAMAL • PENTAERYTHRITYL TETRA-DI-T-BUTYL HYDROXYHYDROCINNAMATE • BENZYL SALICYLATE • BENZYL ALCOHOL • CITRONELLOL • ALPHA-ISOMETHYL IONONE • TOCOPHEROL • BENZYL BENZOATE • COUMARIN • CITRAL • CITRIC ACID ● [+/- MAY CONTAIN: CI 77891 / TITANIUM DIOXIDE • MICA • CI 77491, CI 77499 / IRON OXIDES • CI 75470 / CARMINE]. (F.I.L. B241473/1).||True||2318022P|||||||||10
2462519|mueller||||||||2024-10-28|L'ORÉAL PARIS Unbelieva Brow Augenbrauengel|L'ORÉAL PARIS||3.4|ml|Home|Parfümerie|Make-up|Augen|Augenbrauenfarbe|L'ORÉAL PARIS Unbelieva Brow Augenbrauengel||15,99 €|15,99 €||||||||||||||EUR|Home> Parfümerie> Make-up> Augen> Augenbrauenfarbe> L'ORÉAL PARIS Unbelieva Brow Augenbrauengel|https://www.mueller.at/p/loreal-paris-unbelieva-brow-augenbrauengel-6776899808/|3.4 ml|L’Oréal Paris Infaillible Unbelieva Brow 48H Gel revolutioniert das Augenbrauen-Styling: In nur drei einfachen Schritten zaubert das schnelltrocknende Augenbrauen-Gel definierte, verdichtete und natürlich aussehende Brauen. Sie wirken optisch dichter, Unregelmäßigkeiten in der Brauenstruktur gleicht das Gel zuverlässig aus. Die Gel-Textur des Brow Gels lässt sich mit dem weichen Applikator gleichmäßig und angenehm auftragen. Der zweite, separat beiliegende Applikator definiert die Brauen und formt sie mit einem perfekten Schwung. Dank der wasserfesten Formel färbt das Produkt nicht ab, ist wisch- sowie schwitzfest und hält bis zu 2 Tage lang. Augenbrauen-Gel für definierte, verdichtete und natürlich aussehende AugenbrauenSchnelltrocknende und langanhaltende Formel: das Brauenstyling hält bis zu zwei Tage lang, ohne abzufärbenWasser-, wisch- und schwitzfest – hervorragender Halt auch bei Regen oder SportVon natürlich bis intensiv: je nach Stärke des Auftrags lässt sich ein anderes Ergebnis erzielenMit zwei unterschiedlichen Applikatoren für eine schnelle und einfache Anwendung||||||||||||||||||||||Non-Organic||||"{'consistency': 'Gel', 'target_group': 'Damen', 'manufacturer': ""L'Oréal Deutschland GmbH"", 'Herstelleradresse': 'TSA 75000 93684 ST OUEN CEDEX FR', 'Anwendungshinweis': 'In nur 3 einfachen Schritten zu ausdrucksstarken Augenbrauen: \n1. Mit dem weichen Applikator die Gel-Textur gleichmäßig aufgetragen, um lichte Stellen aufzufüllen.\n2. Mit der angewinkelten Seite des separat beiliegenden, doppelseitigen Applikators die Augenbrauenkontur nachzeichnen und definieren.\n3. Abschließend mit der Bürsten-Seite des Applikators die Augenbrauen in Form bürsten. \nJe nach Belieben können die Brauen von natürlich bis intensiv gestylt werden.', 'package_contents': 'AQUA / WATER • ISODODECANE • TRIMETHYLSILOXYSILICATE • POLYMETHYLSILSESQUIOXANE • PEG-10 DIMETHICONE • BUTYLENE GLYCOL • SILICA • DISTEARDIMONIUM HECTORITE • PEG-30 DIPOLYHYDROXYSTEARATE • GLYCERIN • LAURYL PEG-9 POLYDIMETHYLSILOXYETHYL DIMETHICONE • PHENOXYETHANOL • CAPRYLYL GLYCOL • TRIETHOXYCAPRYLYLSILANE • GLYCERYL POLYACRYLATE • ETHYLHEXYLGLYCERIN • POLYHYDROXYSTEARIC ACID • SORBIC ACID • GALACTOARABINAN • TOCOPHERYL ACETATE • TOCOPHEROL ● [+/- MAY CONTAIN: CI 77491, CI 77492, CI 77499 / IRON OXIDES • CI 77891 / TITANIUM DIOXIDE]. (F.I.L. Z70014683/1).', 'Farbnummer': '108', 'Farbe': 'Dark Brunette', 'skin_type': 'reife Haut', 'Inhalt': '3.4 ml', 'scope_of_application': 'Augen', 'Batterien erforderlich': 'Nein', 'Produkttyp': 'Augenbrauenfarbe'}"||||||Dark Brunette||||||||4.3526|346|2462519_1.png|https://static.mueller.de/markant_03600523674626_pv_4177411/pdzoom/loreal-paris-unbelieva-brow-augenbrauengel.webp|2462519_2.png|https://static.mueller.de/markant_03600523674626_pr_4177410/pdzoom/loreal-paris-unbelieva-brow-augenbrauengel.webp|2462519_3.png|https://static.mueller.de/markant_03600523674626_pd_4012909/pdzoom/loreal-paris-unbelieva-brow-augenbrauengel.webp|2462519_4.png|https://static.mueller.de/markant_03600523674626_pd_4597258/pdzoom/loreal-paris-unbelieva-brow-augenbrauengel.webp|2462519_5.png|https://static.mueller.de/markant_03600523674626_pd_4597260/pdzoom/loreal-paris-unbelieva-brow-augenbrauengel.webp|2462519_6.png|https://static.mueller.de/markant_03600523674626_pd_3608056/pdzoom/loreal-paris-unbelieva-brow-augenbrauengel.webp||||||||||||L'Oréal Deutschland GmbH||||||||||3.4 ml|AQUA / WATER • ISODODECANE • TRIMETHYLSILOXYSILICATE • POLYMETHYLSILSESQUIOXANE • PEG-10 DIMETHICONE • BUTYLENE GLYCOL • SILICA • DISTEARDIMONIUM HECTORITE • PEG-30 DIPOLYHYDROXYSTEARATE • GLYCERIN • LAURYL PEG-9 POLYDIMETHYLSILOXYETHYL DIMETHICONE • PHENOXYETHANOL • CAPRYLYL GLYCOL • TRIETHOXYCAPRYLYLSILANE • GLYCERYL POLYACRYLATE • ETHYLHEXYLGLYCERIN • POLYHYDROXYSTEARIC ACID • SORBIC ACID • GALACTOARABINAN • TOCOPHERYL ACETATE • TOCOPHEROL ● [+/- MAY CONTAIN: CI 77491, CI 77492, CI 77499 / IRON OXIDES • CI 77891 / TITANIUM DIOXIDE]. (F.I.L. Z70014683/1).||True||2462519P|||||||||10
2483645|mueller||||||||2024-10-28|Steuber Schneidbrett Granit 36X25 CM|STEUBER||1|Stk.|Home|Haushalt|Kochen & Backen|Zubereiten|Schneidebretter|Steuber Schneidbrett Granit 36X25 CM||9,99 €|9,99 €||||||||||||||EUR|Home> Haushalt> Kochen & Backen> Zubereiten> Schneidebretter> Steuber Schneidbrett Granit 36X25 CM|https://www.mueller.at/p/steuber-schneidbrett-granit-36x25-cm-2483645/|1 Stk.|Schneidebrett in Granitoptik 36x25 cm||||||||||||||||||||||Non-Organic||||{'manufacturer': 'Steuber GmbH', 'Herstelleradresse': 'D - Linden 5 – 83109 Großkarolinenfeld', 'Kontaktmöglichkeit': 'info@steuber.de, www.steuber.de', 'Farbe': 'schwarz', 'Höhe': '0.9 cm', 'Breite': '25.4 cm', 'Tiefe': '36.8 cm', 'Inhalt': '1 Stk.'}||||||schwarz||||||||0|0|2483645_1.png|https://static.mueller.de/6477485450-PV-0/pdzoom/steuber-schneidbrett-granit-36x25-cm.webp||||||||||||||||||||||Steuber GmbH||||||||||1 Stk.|||False||2483645P|||||||||1
2879684|mueller||||||||2024-10-28|TRUBA Gutscheinbox mini Colourful Hearts|TRUBA||1|Stk.|Home|Schreibwaren|Bastelbedarf|Geschenkverpackungen|TRUBA Gutscheinbox mini Colourful Hearts|||4,99 €|4,99 €||||||||||||||EUR|Home> Schreibwaren> Bastelbedarf> Geschenkverpackungen> TRUBA Gutscheinbox mini Colourful Hearts|https://www.mueller.at/p/truba-gutscheinbox-mini-colourful-hearts-IPN2879684/|1 Stk.|Geschenkbox innen ausgeschlagen mit Grifflücke, außen mit Metallicfolienveredelung, in der Geschenkbox  zusätzlicher Gruß-/GlückwunschkarteneinlegerMaterial I (Tasche/Kartonage) : 90% Pappe, 3% Papier, 4% Veredelung (4% Metallicfolie), 3% Farbe||||||||||||||||||||||Non-Organic||||{'manufacturer': 'H. Truttenbach Inh. Peter Doll', 'Herstelleradresse': 'Ziegelwaldstraße 24, D-73547 Lorch', 'Artikelnummer des Herstellers': '2417-32640-1', 'Höhe': '15 mm', 'Breite': '100 mm', 'Tiefe': '100 mm', 'Inhalt': '1 Stk.', 'Produkttyp': 'Geschenkverpackungen'}||||||||||||||0|0|2879684_1.png|https://static.mueller.de/pdzoom/4017134477772.webp||||||||||||||||||||||H. Truttenbach Inh. Peter Doll||||||||||1 Stk.|||True||2879684P|||||||||10
2483647|mueller||||||||2024-10-28|Steuber Schneidebrett Granit 29X20 CM|STEUBER||1|Stk.|Home|Haushalt|Kochen & Backen|Zubereiten|Schneidebretter|Steuber Schneidebrett Granit 29X20 CM||7,99 €|7,99 €||||||||||||||EUR|Home> Haushalt> Kochen & Backen> Zubereiten> Schneidebretter> Steuber Schneidebrett Granit 29X20 CM|https://www.mueller.at/p/steuber-schneidebrett-granit-29x20-cm-2483647/|1 Stk.|Schneidebrett in Granitoptik 29x20 cm||||||||||||||||||||||Non-Organic||||{'manufacturer': 'Steuber GmbH', 'Herstelleradresse': 'D - Linden 5 – 83109 Großkarolinenfeld', 'Kontaktmöglichkeit': 'info@steuber.de, www.steuber.de', 'Farbe': 'schwarz', 'Höhe': '0.8 cm', 'Breite': '20.2 cm', 'Tiefe': '29 cm', 'Inhalt': '1 Stk.'}||||||schwarz||||||||0|0|2483647_1.png|https://static.mueller.de/6477485736-PV-0/pdzoom/steuber-schneidebrett-granit-29x20-cm.webp||||||||||||||||||||||Steuber GmbH||||||||||1 Stk.|||False||2483647P|||||||||1
2483649|mueller||||||||2024-10-28|Steuber Schneidebrett Granit 25X14 CM|STEUBER||1|Stk.|Home|Haushalt|Kochen & Backen|Zubereiten|Schneidebretter|Steuber Schneidebrett Granit 25X14 CM||4,99 €|4,99 €||||||||||||||EUR|Home> Haushalt> Kochen & Backen> Zubereiten> Schneidebretter> Steuber Schneidebrett Granit 25X14 CM|https://www.mueller.at/p/steuber-schneidebrett-granit-25x14-cm-2483649/|1 Stk.|Schneidebrett in Granitoptik  25x14 cm||||||||||||||||||||||Non-Organic||||{'manufacturer': 'Steuber GmbH', 'Herstelleradresse': 'D - Linden 5 – 83109 Großkarolinenfeld', 'Kontaktmöglichkeit': 'info@steuber.de, www.steuber.de', 'Farbe': 'schwarz', 'Höhe': '0.8 cm', 'Breite': '13.8 cm', 'Tiefe': '24.8 cm', 'Inhalt': '1 Stk.'}||||||schwarz||||||||0|0|2483649_1.png|https://static.mueller.de/6477485767-PV-0/pdzoom/steuber-schneidebrett-granit-25x14-cm.webp||||||||||||||||||||||Steuber GmbH||||||||||1 Stk.|||False||2483649P|||||||||1
2772594|mueller||||||||2024-10-28|Käfer edle Nüsse mit Dunkle Schokolade|KÄFER||150|g|Home|Drogerie|Lebensmittel|Süßigkeiten|Schokolade|Käfer edle Nüsse mit Dunkle Schokolade||4,95 €|4,95 €|||||||||||33,00 € / 1 kg|||EUR|Home> Drogerie> Lebensmittel> Süßigkeiten> Schokolade> Käfer edle Nüsse mit Dunkle Schokolade|https://www.mueller.at/p/kaefer-edle-nuesse-mit-dunkle-schokolade-2772594/|150 g|Veredelt mit zartschmelzender, dunkler Schokolade erhalten die Nüsse eine süße und verführerische Hülle.|||||Österreich|NUSSKERNE (40 %) (MANDEL, HASELNUSS, CASHEW, PECAN), SOJALECITHIN|||||{'Nährwerte je': '100g', 'Brennwert': '2360 kj / 568 kcal', 'Fett in g': '40', '- davon gesättigte Fettsäuren in g': '16', 'Kohlenhydrate in g': '40', '- davon Zucker in g': '35', 'Eiweiß in g': '8.2', 'Salz in g': '0.04'}|||||||||||Non-Organic||||{'manufacturer': 'GM Pesendorfer GmbH', 'Herstelleradresse': 'Tagwerkerstrasse 8, 4810 Gmunden', 'Herkunftsland': 'Österreich', 'Allergenhinweis': 'NUSSKERNE (40 %) (MANDEL, HASELNUSS, CASHEW, PECAN), SOJALECITHIN', 'Inhalt': '150 g', 'Zutaten': 'NUSSKERNE (40 %) (MANDEL, HASELNUSS, CASHEW, PECAN), Zucker, Kakaomasse, Kakaobutter, Emulgator: SOJALECITHIN, Verdickungsmittel: Gummi Arabicum, Trennmittel: Schellack, Vanille.', 'Produkttyp': 'Schokoladenartikel'}||||||||||||||0|0|2772594_1.png|https://static.mueller.de/7023206006-PV-0/pdzoom/kaefer-edle-nuesse-mit-dunkle-schokolade.webp||||||||||||||||||||||GM Pesendorfer GmbH||||||||||150 g|||True||2772594P|||||||||5
2772597|mueller||||||||2024-10-28|Käfer edle Nüsse mit Milch-Schokolade|KÄFER||150|g|Home|Drogerie|Lebensmittel|Süßigkeiten|Schokolade|Käfer edle Nüsse mit Milch-Schokolade||4,95 €|4,95 €|||||||||||33,00 € / 1 kg|||EUR|Home> Drogerie> Lebensmittel> Süßigkeiten> Schokolade> Käfer edle Nüsse mit Milch-Schokolade|https://www.mueller.at/p/kaefer-edle-nuesse-mit-milch-schokolade-2772597/|150 g|Ein unwiderstehlicher Knabbergenuss, dem keiner widerstehen kann: Edle Nüsse umhüllt von zartschmelzender Vollmilchschokolade. Eine knackige Köstlichkeit für zwischendurch.|||||Österreich|MANDEL, HASELNUSS, CASHEW, PECANNUSS, PARANUSS, VOLLMILCHPULVER; KAKAOBUTTER [MILCH], SOJALECITHIN|||||{'Nährwerte je': '100g', 'Brennwert': '2360 kj / 568 kcal', 'Fett in g': '40', '- davon gesättigte Fettsäuren in g': '16', 'Kohlenhydrate in g': '40', '- davon Zucker in g': '35', 'Eiweiß in g': '8.2', 'Salz in g': '0.04'}|||||||||||Non-Organic||||{'manufacturer': 'GM Pesendorfer GmbH', 'Herstelleradresse': 'Tagwerkerstrasse 8, 4810 Gmunden', 'Herkunftsland': 'Österreich', 'Allergenhinweis': 'MANDEL, HASELNUSS, CASHEW, PECANNUSS, PARANUSS, VOLLMILCHPULVER; KAKAOBUTTER [MILCH], SOJALECITHIN', 'Inhalt': '150 g', 'Zutaten': 'MANDEL, HASELNUSS, CASHEW, PECANNUSS, PARANUSS, Zucker, VOLLMILCHPULVER, Kakaomasse, KAKAOBUTTER [MILCH], Emulgator: SOJALECITHIN, Verdickungsmittel: Gummi arabicum, Trennmittel: Schellack, Vanille. Kann Spuren von Erdnüssen enthalten.', 'Produkttyp': 'Schokoladenartikel'}||||||||||||||0|0|2772597_1.png|https://static.mueller.de/7023206103-PV-0/pdzoom/kaefer-edle-nuesse-mit-milch-schokolade.webp||||||||||||||||||||||GM Pesendorfer GmbH||||||||||150 g|||False||2772597P|||||||||1
995704|mueller||||||||2024-10-28|(1)Original Hörspiel z.Kinofilm|||1|Stk.|Home|Multi-Media|Musik|Hörspiele|(1)Original Hörspiel z.Kinofilm|||3,33 €|3,33 €||||||||||||||EUR|Home> Multi-Media> Musik> Hörspiele> (1)Original Hörspiel z.Kinofilm|https://www.mueller.at/p/1-original-hoerspiel-z-kinofilm-995704/|1 Stk.|||||||||||||||||||||||Non-Organic||||{'medium': 'CD', 'Künstler': 'Drachenzähmen Leicht Gemacht', 'Inhalt': '1 Stk.', 'Anzahl Medien im Artikel': '1', 'genre': 'Hörspiel (Kinder)', 'Label': 'EDELKIDS'}||||||||||||||0|0|995704_1.png|https://static.mueller.de/pdzoom/phononet_4029759031727_pv_4029759031727-0600px-001.webp|995704_2.png|https://static.mueller.de/pdzoom/phononet_4029759031727_pr_4029759031727-0600px-002.webp|995704_3.png|https://static.mueller.de/84020716-PR-1/pdzoom/1-original-hoerspiel-z-kinofilm.webp||||||||||||||||||||||||||||1 Stk.|||True||995704P|||||||||5
2772591|mueller||||||||2024-10-28|Käfer edle Nüsse Selection|KÄFER||150|g|Home|Drogerie|Lebensmittel|Nahrung|Nüsse & Trockenfrüchte|Käfer edle Nüsse Selection||4,95 €|4,95 €|||||||||||33,00 € / 1 kg|||EUR|Home> Drogerie> Lebensmittel> Nahrung> Nüsse & Trockenfrüchte> Käfer edle Nüsse Selection|https://www.mueller.at/p/kaefer-edle-nuesse-selection-2772591/|150 g|"Die Nüsse werden nach strengen Qualitätskriterien ausgewählt um nur die besten zu verarbeiten und die gewohnte Qualität zu bewahren. Enthalten sind Cashew- und Macadamiakerne, Paranusskerne, Walnuss- und Haselnusskerne, Pecannüsse sowie Goji Beeren. Durch die verschiedenen Aromen der Nüsse ergibt sich ein runder Geschmack mit angenehmen Kontrasten, der durch die getrockneten Beeren eine leicht saure Süße verliehen bekommt. Ob nun als Snack vor dem Fernseher oder als ""Knabberei"" für Gäste, die Edle Nüsse Selection eignet sich für jeden Einsatz. In Maßen verzehrt sind Nüsse sogar sehr gesund, da sie ungesättigte Fettsäuren, Mineralstoffe und Vitamine enthalten, die wichtige Nährstoffe für den Körper darstellen."|||||Österreich|MANDELN, CASHEW, PARA-, WAL-, HASEL-, PECANNUSS, MACADAMIA. Kann Schalenteile enthalten.|||||{'Nährwerte je': '100g', 'Brennwert': '2746 kj / 656 kcal', 'Fett in g': '59', '- davon gesättigte Fettsäuren in g': '8.4', 'Kohlenhydrate in g': '13', '- davon Zucker in g': '4.1', 'Eiweiß in g': '18', 'Salz in g': '0.04'}|||||||||||Non-Organic||||{'manufacturer': 'GM Pesendorfer GmbH', 'Herstelleradresse': 'Tagwerkerstrasse 8 4810 Gmunden', 'Herkunftsland': 'Österreich', 'Allergenhinweis': 'MANDELN, CASHEW, PARA-, WAL-, HASEL-, PECANNUSS, MACADAMIA.\nKann Schalenteile enthalten.', 'Inhalt': '150 g', 'Zutaten': 'MANDELN, CASHEW, PARA-, WAL-, HASEL-, PECANNUSS, MACADAMIA.  Kann Schalenteile enthalten.', 'Produkttyp': 'Nüsse, Saaten & Trockenfrüchte'}||||||||||||||0|0|2772591_1.png|https://static.mueller.de/7023007814-PV-0/pdzoom/kaefer-edle-nuesse-selection.webp||||||||||||||||||||||GM Pesendorfer GmbH||||||||||150 g|||True||2772591P|||||||||10
2772592|mueller||||||||2024-10-28|Käfer Intelligenz Mischung aus Nüssen und Trockenfrüchten|KÄFER||150|g|Home|Drogerie|Lebensmittel|Nahrung|Nüsse & Trockenfrüchte|Käfer Intelligenz Mischung aus Nüssen und Trockenfrüchten||4,95 €|4,95 €|||||||||||33,00 € / 1 kg|||EUR|Home> Drogerie> Lebensmittel> Nahrung> Nüsse & Trockenfrüchte> Käfer Intelligenz Mischung aus Nüssen und Trockenfrüchten|https://www.mueller.at/p/kaefer-intelligenz-mischung-aus-nuessen-und-trockenfruechten-2772592/|150 g|Die Pesendorfer Intelligenzmischung ist eine elitäre Weiterentwicklung des Studentenfutters. Nüsse enthalten viele wertvolle Fettsäuren und Kohlenhydrate, getrocknete Früchte versorgen den Körper mit Vitaminen und Mineralstoffen, die optimale Voraussetzung um Höchstleistungen zu vollbringen. Die Intelligenzmischung übertrifft das übliche Studentenfutter um Weiten, überzeugen Sie sich selbst.|||||Österreich|SCHWEFELDIOXID, CASHEWKERNE, MACADAMIA, WALNUSS, PISTAZIEN|||||{'Nährwerte je': '100g', 'Brennwert': '1908 kj / 456 kcal', 'Fett in g': '21', '- davon gesättigte Fettsäuren in g': '2.9', 'Kohlenhydrate in g': '58', '- davon Zucker in g': '47', 'Eiweiß in g': '6.2', 'Salz in g': '0.03'}|||||||||||Non-Organic||||{'manufacturer': 'GM Pesendorfer GmbH', 'Herstelleradresse': 'Tagwerkerstrasse 8 4810 Gmunden', 'Herkunftsland': 'Österreich', 'Allergenhinweis': 'SCHWEFELDIOXID, CASHEWKERNE, MACADAMIA, WALNUSS, PISTAZIEN', 'Inhalt': '150 g', 'Zutaten': 'Cranberry (Cranberry, Zucker, Sonnenblumenöl), Sultanine (Sultanine, Sonnenblumenöl, Antioxidationsmittel: SCHWEFELDIOXID), CASHEWKERNE, MACADAMIA, WALNUSS, PISTAZIEN', 'Produkttyp': 'Nüsse, Saaten & Trockenfrüchte'}||||||||||||||0|0|2772592_1.png|https://static.mueller.de/7023007855-PV-0/pdzoom/kaefer-intelligenz-mischung-aus-nuessen-und-trockenfruechten.webp||||||||||||||||||||||GM Pesendorfer GmbH||||||||||150 g|||True||2772592P|||||||||10
2890014|mueller||||||||2024-10-28|HILDEGARD BRAUKMANN BODY CARE Aroma Tonic Orange Mint|HILDEGARD BRAUKMANN||100|ml|Home|Parfümerie|Pflege|Körperpflege|Körperduft & Bodyspray|HILDEGARD BRAUKMANN BODY CARE Aroma Tonic Orange Mint||11,95 €|11,95 €|||||||||||119,50 € / 1 l|||EUR|Home> Parfümerie> Pflege> Körperpflege> Körperduft & Bodyspray> HILDEGARD BRAUKMANN BODY CARE Aroma Tonic Orange Mint|https://www.mueller.at/p/hildegard-braukmann-body-care-aroma-tonic-orange-mint-IPN2890014/|100 ml|Aromatisch-spritziger Muntermacher, kühlend und erfrischend. Wohltat für Körper und Geist. Body-Splash mit dem fruchtigen Duft von saftigen Orangen und wilder Wasserminze. Enthält Menthol und Frescolat für einen sofortigen und lang anhaltenden Cooling-Effekt auf der Haut.||||||||||||||||||||||Non-Organic||||"{'target_group': 'Herren|Unisex|Damen', 'manufacturer': 'HILDEGARD BRAUKMANN Kosmetik GmbH & Co. KG', 'Herstelleradresse': 'Ehlbeek 16; 30938 Burgwedel', 'Anwendungshinweis': 'Großzügig auf den Körper und/oder das Haar sprühen. Leicht einklopfen - Kühle genießen! Tipp: Ideal auch als kühlender Frischekick für zwischendurch, bei sportlicher Aktivität und Atempausen. Hinweis: Nicht in die Augen und auf sensible oder frisch rasierte Körperpartien sprühen', 'package_contents': 'alcohol denat., aqua (water), parfum (fragrance), menthyl lactate, limonene, citral, mentha aquatica (water mint) leaf extract, propylene glycol, linalool, menthol, citrus aurantium dulcis (orange) peel oil, citronellol, geraniol, benzyl benzoate', 'skin_type': 'alle Hauttypen', 'Inhalt': '100 ml', 'scope_of_application': 'Pflege', 'Produkttyp': 'Körperduft & Bodysplash'}"||||||||||||||5.0|1|2890014_1.png|https://static.mueller.de/pdzoom/4016083055246_1.webp|2890014_2.png|https://static.mueller.de/pdzoom/4016083055246.webp||||||||||||||||||||HILDEGARD BRAUKMANN Kosmetik GmbH & Co. KG||||||||||100 ml|alcohol denat., aqua (water), parfum (fragrance), menthyl lactate, limonene, citral, mentha aquatica (water mint) leaf extract, propylene glycol, linalool, menthol, citrus aurantium dulcis (orange) peel oil, citronellol, geraniol, benzyl benzoate||True||2890014P|||||||||10
2890007|mueller||||||||2024-10-28|HILDEGARD BRAUKMANN BODY CARE Aroma Tonic Lime|HILDEGARD BRAUKMANN||100|ml|Home|Parfümerie|Pflege|Körperpflege|Körperduft & Bodyspray|HILDEGARD BRAUKMANN BODY CARE Aroma Tonic Lime||11,95 €|11,95 €|||||||||||119,50 € / 1 l|||EUR|Home> Parfümerie> Pflege> Körperpflege> Körperduft & Bodyspray> HILDEGARD BRAUKMANN BODY CARE Aroma Tonic Lime|https://www.mueller.at/p/hildegard-braukmann-body-care-aroma-tonic-lime-IPN2890007/|100 ml|Sommerliche Pflegefrische - belebend und kühlend. Wohltat für Körper und Geist. Body-Splash mit dem erfrischenden Duft von Limetten, Kräutern und Blüten. Enthält Menthol und Frescolat für einen sofortigen und lang anhaltenden Cooling-Effekt auf der Haut.||||||||||||||||||||||Non-Organic||||"{'target_group': 'Damen|Herren|Unisex', 'manufacturer': 'HILDEGARD BRAUKMANN Kosmetik GmbH & Co. KG', 'Herstelleradresse': 'Ehlbeek 16; 30938 Burgwedel', 'Anwendungshinweis': 'Großzügig auf den Körper und/oder das Haar sprühen. Leicht einklopfen - Kühle genießen! Tipp: Ideal auch als kühlender Frischekick für zwischendurch, bei sportlicher Aktivität und Atempausen. Hinweis: Nicht in die Augen und auf sensible oder frisch rasierte Körperpartien sprühen', 'package_contents': 'alcohol denat., aqua (water), parfum (fragrance), limonene, menthyl lactate, hexyl cinnamal, linalool, menthol, citral, citronellol, geraniol, benzyl benzoate', 'skin_type': 'alle Hauttypen', 'Inhalt': '100 ml', 'scope_of_application': 'Pflege', 'Produkttyp': 'Körperduft & Bodysplash'}"||||||||||||||5.0|2|2890007_1.png|https://static.mueller.de/pdzoom/4016083055239_1.webp|2890007_2.png|https://static.mueller.de/pdzoom/4016083055239.webp||||||||||||||||||||HILDEGARD BRAUKMANN Kosmetik GmbH & Co. KG||||||||||100 ml|alcohol denat., aqua (water), parfum (fragrance), limonene, menthyl lactate, hexyl cinnamal, linalool, menthol, citral, citronellol, geraniol, benzyl benzoate||False||2890007P|||||||||1
2890009|mueller||||||||2024-10-28|HILDEGARD BRAUKMANN BODY CARE Aroma Tonic Lavendel Grapefruit|HILDEGARD BRAUKMANN||100|ml|Home|Parfümerie|Pflege|Körperpflege|Körperduft & Bodyspray|HILDEGARD BRAUKMANN BODY CARE Aroma Tonic Lavendel Grapefruit||11,95 €|11,95 €|||||||||||119,50 € / 1 l|||EUR|Home> Parfümerie> Pflege> Körperpflege> Körperduft & Bodyspray> HILDEGARD BRAUKMANN BODY CARE Aroma Tonic Lavendel Grapefruit|https://www.mueller.at/p/hildegard-braukmann-body-care-aroma-tonic-lavendel-grapefruit-IPN2890009/|100 ml|Sonniger Relax-Duft, kühlend und harmonisierend. Wohltat für Körper und Geist. Body-Splash mit dem Duft von aromatischem Lavendel und spritziger Grapefruit. Enthält Menthol und Frescolat für einen sofortigen und lang anhaltenden Cooling-Effekt auf der Haut.||||||||||||||||||||||Non-Organic||||"{'target_group': 'Herren|Unisex|Damen', 'manufacturer': 'HILDEGARD BRAUKMANN Kosmetik GmbH & Co. KG', 'Herstelleradresse': 'Ehlbeek 16; 30938 Burgwedel', 'Anwendungshinweis': 'Großzügig auf den Körper und/oder das Haar sprühen. Leicht einklopfen - Kühle genießen! Tipp: Ideal auch als kühlender Frischekick für zwischendurch, bei sportlicher Aktivität und Atempausen. Hinweis: Nicht in die Augen und auf sensible oder frisch rasierte Körperpartien sprühen', 'package_contents': 'alcohol denat., aqua (water), parfum (fragrance), menthyl lactate, limonene, linalool, menthol, citral', 'skin_type': 'alle Hauttypen', 'Inhalt': '100 ml', 'scope_of_application': 'Pflege', 'Produkttyp': 'Körperduft & Bodysplash'}"||||||||||||||5.0|3|2890009_1.png|https://static.mueller.de/pdzoom/4016083055222_1.webp|2890009_2.png|https://static.mueller.de/pdzoom/4016083055222.webp||||||||||||||||||||HILDEGARD BRAUKMANN Kosmetik GmbH & Co. KG||||||||||100 ml|alcohol denat., aqua (water), parfum (fragrance), menthyl lactate, limonene, linalool, menthol, citral||True||2890009P|||||||||10
3865|mueller||||||||2024-10-28|Substral Pflanzen-Nahrung|SUBSTRAL||500|ml|Home|Drogerie|Haushalt|Haushaltsartikel|Dünger|Substral Pflanzen-Nahrung||4,95 €|4,95 €|||||||||||9,90 € / 1 l|||EUR|Home> Drogerie> Haushalt> Haushaltsartikel> Dünger> Substral Pflanzen-Nahrung|https://www.mueller.at/p/substral-pflanzen-nahrung-3865/|500 ml|SUBSTRAL® Pflanzen Nahrung ist ein hochwertiger Flüssigdünger mit natürlichen Biostimulanzien, der Ihre Pflanzen mit allen wichtigen Haupt- und Spurennährstoffen versorgt. Mineralischer Mehrnährstoffdünger mit Spurennährstoffen und Pflanzenhilfsmittel. NPK 7-3-5, flüssig, mit hochwertigem Eisen-DTPA-Chelat, chloridfrei Neue Formulierung - Hohe Verfügbarkeit der Spurennährstoffe durch Chelatisierung,Mit natürlichen Biostimulanzien - sorgt für üppige Blüten und sattgrüne Blätter,Für üppiges Wachstum - Stärkt die Widerstandskraft bei Trockenheit oder schlechten Bodenbedingungen,Unbedenklich nach der Anwendung||||||||||||||||||||||Non-Organic||||{'scope_of_delivery': '500 ml', 'manufacturer': 'Evergreen Garden Care Deutschland GmbH', 'Herstelleradresse': 'Wilh.-Theodor-Römheld-Str. 30, D-55130 Mainz', 'Kontaktmöglichkeit': 'www.liebedeinengarten.de', 'Inhalt': '500 ml', 'Produkttyp': 'Dünger'}||||||||||||||0|0|3865_1.png|https://static.mueller.de/pdzoom/4062700072448_pv.webp|3865_2.png|https://static.mueller.de/pdzoom/4062700072448_pr.webp||||||||||||||||||||Evergreen Garden Care Deutschland GmbH||||||||||500 ml|||True||3865P|||||||||10
2890000|mueller||||||||2024-10-28|nucao Bio single Crisp & Crunch organic|NUCAO||31|g|Home|Drogerie|Lebensmittel|Süßigkeiten|Schokolade|nucao Bio single Crisp & Crunch organic|||1,60 €||1,60 €|||||AKTION||||51,61 € / 1 kg|||EUR|Home> Drogerie> Lebensmittel> Süßigkeiten> Schokolade> nucao Bio single Crisp & Crunch organic|https://www.mueller.at/p/nucao-bio-single-crisp-crunch-organic-IPN2890000/|31 g|Bio Schokoladenriegel mit knusprigen Cornflakes und Salz.||Kühl und trocken lagern!||||Enthält Schalenfrüchte. Kann Spuren von Milch von Säugetieren enthalten.|||||{'Nährwerte je': '100 g', 'Brennwert': '2275 kj / 547 kcal', 'Fett in g': '36 g', '- davon gesättigte Fettsäuren in g': '20 g', 'Kohlenhydrate in g': '46 g', '- davon Zucker in g': '36 g', 'Eiweiß in g': '5,9 g', 'Salz in g': '0,21 g'}|||||||||||Organic||||"{'Lagerhinweis': 'Kühl und trocken lagern!', 'manufacturer': 'the nu company GmbH', 'Herstelleradresse': 'Naumburger Straße 25\n04229', 'Öko-Kontrollstelle': 'CH-BIO-006', 'Allergenhinweis': 'Enthält Schalenfrüchte. Kann Spuren von Milch von Säugetieren enthalten.', 'Inhalt': '31 g', 'Bio': 'Ja', 'Eigenschaften': 'Vegan|Ohne Zusatz von Konservierungsstoffen', 'Zutaten': 'Zucker*, Kakaomasse*, Kakaobutter*, Mais*, gemahlene HASELNÜSSE*, Salz, Emulgator: Sonnenblumenlecithine*, Bourbon Vanilleextrakt*. *kontrolliert biologischer Anbau', 'Produkttyp': 'Schokoladenartikel', 'Zubereitungshinweis': 'Zum direkten Verzehr geeignet.'}"||||||||||||||0|0|2890000_1.png|https://static.mueller.de/markant_04262378220404_pv_3782628/pdzoom/nucao-bio-single-crisp-crunch-organic.webp||||||||||||||||||||||the nu company GmbH||||||||||31 g|||True||2890000P|||||||||5
3881|mueller||||||||2024-10-28|Haribo Schaumzucker Erdbeeren Primavera|HARIBO||175|g|Home|Drogerie|Lebensmittel|Süßigkeiten|Fruchtgummi|Haribo Schaumzucker Erdbeeren Primavera||1,49 €|1,49 €|||||||||||8,51 € / 1 kg|||EUR|Home> Drogerie> Lebensmittel> Süßigkeiten> Fruchtgummi> Haribo Schaumzucker Erdbeeren Primavera|https://www.mueller.at/p/haribo-schaumzucker-erdbeeren-primavera-3881/|175 g|Schaumzucker Erdbeeren Primavera 200 G||Vor Wärme und Feuchtigkeit schützen.|||||||||{'Nährwerte je': '100  g', 'Brennwert': '1603 kj / 377 kcal', 'Fett in g': '0.5 g', '- davon gesättigte Fettsäuren in g': '0.1 g', 'Kohlenhydrate in g': '91.0 g', '- davon Zucker in g': '77.0 g', 'Eiweiß in g': '2.9 g', 'Salz in g': '0.03 g'}|||||||||||Non-Organic||||{'Lagerhinweis': 'Vor Wärme und Feuchtigkeit schützen.', 'manufacturer': 'Haribo GmbH & Co. KG', 'Herstelleradresse': 'D- 53105 Bonn', 'Kontaktmöglichkeit': 'info@haribo.com', 'Inhalt': '175 g', 'Zutaten': 'Zucker; Glukosesirup; Gelatine; Säuerungsmittel: Citronensäure; Frucht- und Pflanzenkonzentrate: Rettich, Karotte; Aroma. Kann Spuren von MILCH, WEIZEN enthalten.', 'Produkttyp': 'Frucht- & Weingummi'}||||||||||||||4.3333|3|3881_1.png|https://static.mueller.de/markant_04001686327609_pv_4258335/pdzoom/haribo-schaumzucker-erdbeeren-primavera.webp||||||||||||||||||||||Haribo GmbH & Co. KG||||||||||175 g|||True||3881P|||||||||5
2601408|mueller||||||||2024-10-28|Maleficent - Die dunkle Fee/Mächte der Finsternis [2 DVDs]|||1|Stk.|Home|Multi-Media|Filme & TV|Kinderfilme|Maleficent - Die dunkle Fee/Mächte der Finsternis  [2 DVDs]|||12,99 €|12,99 €||||||||||||||EUR|Home> Multi-Media> Filme & TV> Kinderfilme> Maleficent - Die dunkle Fee/Mächte der Finsternis  [2 DVDs]|https://www.mueller.at/p/maleficent-die-dunkle-fee-maechte-der-finsternis-2-dvds-2601408/|1 Stk.|"""Maleficent - Die dunkle Fee""
... ist die bisher noch nie erzählte Geschichte von Maleficent, der bösen Fee aus dem Disney-Klassiker DORNRÖSCHEN. Es ist die Geschichte des Verrats, der ihr reines Herz einst zu Stein verwandelt hat. Auf Rache sinnend versucht sie mit allen Mitteln, ihr Reich aus Moor und Wald zu beschützen, und belegt schließlich Aurora, das neugeborene Kind des Königs, mit dem grausamen Fluch, den wir alle kennen: An ihrem 16. Geburtstag soll Aurora sich an einer Spindel stechen und in einen todesähnlichen Schlaf fallen. Als die Königstochter allerdings über die Jahre heranwächst, erkennt Maleficent nach und nach, dass Aurora der Schlüssel zum Frieden ist - und auch zu ihrem eigenen Glück. Oscar®-Preisträgerin Angelina Jolie glänzt in der Titelrolle der wunderschönen und düsteren Maleficent.

""Malificent - Mächte der Finsternis"""||||||||||||||||||||||Non-Organic||||"{'medium': 'DVD', 'manufacturer': 'LEONINE', 'Inhalt': '1 Stk.', 'Produktionsland': 'USA', 'Regisseur': 'Joachim Ronning,Robert Stromberg', 'Schauspieler': 'Sharlto Copley,Angelina Jolie,Elle Fanning,Sam Riley,Juno Temple,Kenneth Cranham', 'Special Edition': 'Nein', 'Hauptgenre': 'Fantasy|Kinder'}"||||||||||||||0|0|2601408_1.png|https://static.mueller.de/6719525821-PV-0/pdzoom/maleficent-die-dunkle-fee-maechte-der-finsternis-2-dvds.webp||||||||||||||||||||||LEONINE||||||||||1 Stk.|||True||2601408P|||||||||5
3876|mueller||||||||2024-10-28|Haribo Fruchtgummi Pfirsiche|HARIBO||175|g|Home|Drogerie|Lebensmittel|Süßigkeiten|Fruchtgummi|Haribo Fruchtgummi Pfirsiche||1,49 €|1,49 €|||||||||||8,51 € / 1 kg|||EUR|Home> Drogerie> Lebensmittel> Süßigkeiten> Fruchtgummi> Haribo Fruchtgummi Pfirsiche|https://www.mueller.at/p/haribo-fruchtgummi-pfirsiche-3876/|175 g|Haribo Süßware Fruchtgummi Pfirsiche ||Vor Wärme und Feuchtigkeit schützen.|||||||||{'Nährwerte je': '100  g', 'Brennwert': '1482 kj / 349 kcal', 'Fett in g': '0.5 g', '- davon gesättigte Fettsäuren in g': '0.1 g', 'Kohlenhydrate in g': '82.0 g', '- davon Zucker in g': '63.0 g', 'Eiweiß in g': '4.5 g', 'Salz in g': '0.03 g'}|||||||||||Non-Organic||||{'Lagerhinweis': 'Vor Wärme und Feuchtigkeit schützen.', 'manufacturer': 'Haribo GmbH & Co. KG', 'Herstelleradresse': 'D- 53105 Bonn', 'Kontaktmöglichkeit': 'info@haribo.com', 'Inhalt': '175 g', 'Zutaten': 'Zucker; Glukosesirup; Wasser; Gelatine; Pfirsichsaft aus Pfirsichsaftkonzentrat (2 %); Säuerungsmittel: Citronensäure, Äpfelsäure; Frucht- und Pflanzenkonzentrate: Karotte, Hibiskus; Säureregulator: Natriumhydrogenmalat; Aroma.\nKann Spuren von MILCH, WEIZEN enthalten.', 'Produkttyp': 'Frucht- & Weingummi'}||||||||||||||0|0|3876_1.png|https://static.mueller.de/markant_04001686327579_pv_3719477/pdzoom/haribo-fruchtgummi-pfirsiche.webp||||||||||||||||||||||Haribo GmbH & Co. KG||||||||||175 g|||True||3876P|||||||||5
3893|mueller||||||||2024-10-28|Croll & Denecke Massageschwamm talliert farbig sortiert|CROLL & DENECKE||1|Stk.|Home|Drogerie|Accessoires|Badaccessoires|Schwämme & Massage|Croll & Denecke Massageschwamm talliert farbig sortiert||1,59 €|1,59 €||||||||||||||EUR|Home> Drogerie> Accessoires> Badaccessoires> Schwämme & Massage> Croll & Denecke Massageschwamm talliert farbig sortiert|https://www.mueller.at/p/croll-denecke-massageschwamm-talliert-farbig-sortiert-3893/|1 Stk.|"Kunstschwamm aus Schaumstoff in sortierten Farben, mit Massageseite.
Massiert sanft."||||||||||||||||||||||Non-Organic||||{'manufacturer': 'Croll & Denecke GmbH', 'Herstelleradresse': 'Industriering Ost 40', 'Kontaktmöglichkeit': 'info@crolldenecke.com', 'Materialdetails': 'PU', 'Anwendungshinweis': 'Nur feucht verwenden.', 'Inhalt': '1 Stk.', 'Produkttyp': 'Schwämme'}||||||||PU||||||4.0|3|3893_1.png|https://static.mueller.de/5621057636-PV-0/pdzoom/croll-denecke-massageschwamm-talliert-farbig-sortiert.webp||||||||||||||||||||||Croll & Denecke GmbH||||||||||1 Stk.|||True||3893P|||||||||10
2601413|mueller||||||||2024-10-28|KORRES Cucumber Hyaluronic Splash 30 SPF|KORRES||150|ml|Home|Parfümerie|Pflege|Sonnenpflege|Sonnenschutz|KORRES Cucumber Hyaluronic Splash 30 SPF||28,90 €|28,90 €|||||||||||192,67 € / 1 l|||EUR|Home> Parfümerie> Pflege> Sonnenpflege> Sonnenschutz> KORRES Cucumber Hyaluronic Splash 30 SPF|https://www.mueller.at/p/korres-cucumber-hyaluronic-splash-30-spf-2601413/|150 ml|Innovatives, schnell einziehendes 2-Phasen- Sonnenschutzmittel für Gesicht und Körper.||||||||||||||||||||||Non-Organic||||"{'Lichtschutzfaktor': '30', 'target_group': 'Unisex|Damen|Herren', 'manufacturer': 'KORRES D-A-CH GmbH', 'Herstelleradresse': 'Max-Planck-Straße 6, D-85609 Aschheim-Dornach', 'Kontaktmöglichkeit': 'kontakt@korres-dach.de', 'skin_type': 'alle Hauttypen', 'product_property': 'schützend', 'Inhalt': '150 ml', 'scope_of_application': 'Sonnenschutz', 'Produkttyp': 'Spray'}"||||||||||||||0|0|2601413_1.png|https://static.mueller.de/6719526014-PV-0/pdzoom/korres-cucumber-hyaluronic-splash-30-spf.webp||||||||||||||||||||||KORRES D-A-CH GmbH||||||||||150 ml|||False||2601413P|||||||||1
2601415|mueller||||||||2024-10-28|Star Wars - Der Aufstieg Skywalkers|||1|Stk.|Home|Multi-Media|Filme & TV|Action & Abenteuer|Star Wars - Der Aufstieg Skywalkers|||7,99 €|7,99 €||||||||||||||EUR|Home> Multi-Media> Filme & TV> Action & Abenteuer> Star Wars - Der Aufstieg Skywalkers|https://www.mueller.at/p/star-wars-der-aufstieg-skywalkers-2601415/|1 Stk.|"Lucasfilm Präsidentin Kathleen Kennedy und Regisseur, Autor und Produzent J.J. Abrams hatten im Rahmen der Fanmesse zuvor unter tosendem Applaus neun Stars des weltweit sehnsüchtig erwarteten Star Wars Abenteuers auf die Bühne gebeten: Daisy Ridley, John Boyega, Oscar Isaac, Anthony Daniels, Naomi Ackie, Keri Russell, Joonas Suotamo, Kelly Marie Tran und Billy Dee Williams sowie R2-D2, BB-8 und den neuen Droiden D-O.
42 Jahre Star Wars Saga erreichen dieses Jahr ihren Höhepunkt: J.J. Abrams, der 2015 mit Star Wars: Das Erwachen der Macht den sagenhaft erfolgreichen Grundstein für die letzte Trilogie gelegt hat, wird die legendäre Saga im Dezember mit Star Wars: Der Aufstieg Skywalkers zu einem epischen Ende führen."||||||||||||||||||||||Non-Organic||||"{'medium': 'DVD', 'Untertitel': 'Deutsch,Italienisch,Griechisch', 'manufacturer': 'LEONINE', 'Bildformat': 'Widescreen', 'Inhalt': '1 Stk.', 'Laufzeit in min (gesamt)': '136', 'Produktionsjahr': '2019', 'Produktionsland': 'USA', 'Regisseur': 'Colin Trevorrow', 'Schauspieler': 'Carrie Fisher,Mark Hamill,Oscar Isaac,John Boyega,Adam Driver,Daisy Ridley', 'Special Edition': 'Nein', 'Tonformat-Sprache': 'Deutsch,Englisch,Italienisch', 'Untertitel für Gehörlose': 'Englisch', 'packaging_type': 'Softbox', 'Hauptgenre': 'Science Fiction|Abenteuer'}"||||||||||||||0|0|2601415_1.png|https://static.mueller.de/videojakob_8717418564377_pv_588639/pdzoom/star-wars-der-aufstieg-skywalkers.webp|2601415_2.png|https://static.mueller.de/pdzoom/videojakob_8717418564377_pr_588639-back.webp|2601415_3.png|https://static.mueller.de/videojakob_8717418564377_pd_66608258/pdzoom/star-wars-der-aufstieg-skywalkers.webp|2601415_4.png|https://static.mueller.de/videojakob_8717418564377_pd_66609007/pdzoom/star-wars-der-aufstieg-skywalkers.webp|2601415_5.png|https://static.mueller.de/videojakob_8717418564377_pd_66609770/pdzoom/star-wars-der-aufstieg-skywalkers.webp|2601415_6.png|https://static.mueller.de/videojakob_8717418564377_pd_66610521/pdzoom/star-wars-der-aufstieg-skywalkers.webp||||||||||||LEONINE||||||||||1 Stk.|||True||2601415P|||||||||5
2601417|mueller||||||||2024-10-28|KORRES Cucumber Hyaluronic Splash 50 SPF|KORRES||150|ml|Home|Parfümerie|Pflege|Sonnenpflege|Sonnenschutz|KORRES Cucumber Hyaluronic Splash 50 SPF||29,90 €|29,90 €|||||||||||199,33 € / 1 l|||EUR|Home> Parfümerie> Pflege> Sonnenpflege> Sonnenschutz> KORRES Cucumber Hyaluronic Splash 50 SPF|https://www.mueller.at/p/korres-cucumber-hyaluronic-splash-50-spf-2601417/|150 ml|Innovatives, schnell einziehendes 2-Phasen- Sonnenschutzmittel für Gesicht und Körper.||||||||||||||||||||||Non-Organic||||{'Lichtschutzfaktor': '50', 'manufacturer': 'KORRES D-A-CH GmbH', 'Herstelleradresse': 'Max-Planck-Straße 6, D-85609 Aschheim-Dornach', 'Kontaktmöglichkeit': 'kontakt@korres-dach.de', 'Anwendungshinweis': 'Vor Gebrauch gut schütteln. Mindestens 30 Minuten vor dem Sonnenbad gleichmäßig auf Gesicht, Hals und Körper verteilen. Regelmäßig wiederholen, um den optimalen Schutz zu gewährleisten, insbesondere nach dem Schwitzen, Schwimmen oder Abtrocknen. Um den angegebenen Lichtschutzfaktor zu erreichen, müssen Sonnenschutzprodukte in einer Menge von 2mg pro cm² Haut aufgetragen werden (dies entspricht ungefähr 6 Teelöffeln für den Körper einer durchschnittlichen Person). <br><br>\nAchtung: Die Anwendung einer geringeren Menge als empfohlen führt zu einer Senkung des Lichtschutzfaktors. Bleiben Sie trotz des Gebrauchs eines Sonnenschutz-Produktes nicht zu lange in der Sonne. Wenn Sie sich zu lange der Sonne aussetzen, stellt dies ein ernsthaftes Gesundheitsrisiko dar. Warten Sie, bis das Produkt vollständig eingezogen ist, bevor Sie sich anziehen, da Sonnenprodukte Flecken auf der Kleidung hinterlassen können.', 'package_contents': 'AQUA/WATER/EAU, ALCOHOL DENAT., HOMOSALATE, ISOAMYL LAURATE, COCO-CAPRYLATE, DIETHYLAMINO HYDROXYBENZOYL HEXYL BENZOATE, ETHYLHEXYL SALICYLATE, BIS-ETHYLHEXYLOXYPHENOL METHOXYPHENYL;´TRIAZINE, DIBUTYL ADIPATE, ETHYLHEXYL TRIAZONE,PENTYLENE GLYCOL, PARFUM/FRAGRANCE, ALOE\nBARBADENSIS LEAF JUICE POWDER, BETA-CAROTENE,BISABOLOL, CUCUMIS SATIVUS (CUCUMBER) FRUITEXTRACT, DAUCUS CAROTA SATIVA (CARROT) ROOT\nEXTRACT, ETHYLHEXYLGLYCERIN, GLYCERIN, GLYCINE SOJA (SOYBEAN) OIL, HELIANTHUS ANNUUS (SUNFLOWER) SEED OIL, LACTIC ACID, PANAX GINSENGROOT EXTRACT, PANTHENOL, PRUNUS AMYGDALUS DULCIS (SWEET ALMOND) OIL, ROSMARINUS OFFICINALIS (ROSEMARY) LEAF EXTRACT, SODIUM CHLORIDE, SODIUM\nHYALURONATE, TOCOPHERYL ACETATE, ZINGIBER OFFICINALE (GINGER) ROOT EXTRACT, POTASSIUM SORBATE, SODIUM BENZOATE.', 'skin_type': 'alle Hauttypen', 'product_property': 'schützend', 'Inhalt': '150 ml', 'scope_of_application': 'Sonnenschutz', 'Produkttyp': 'Spray'}||||||||||||||0|0|2601417_1.png|https://static.mueller.de/6719525981-PV-0/pdzoom/korres-cucumber-hyaluronic-splash-50-spf.webp||||||||||||||||||||||KORRES D-A-CH GmbH||||||||||150 ml|"AQUA/WATER/EAU, ALCOHOL DENAT., HOMOSALATE, ISOAMYL LAURATE, COCO-CAPRYLATE, DIETHYLAMINO HYDROXYBENZOYL HEXYL BENZOATE, ETHYLHEXYL SALICYLATE, BIS-ETHYLHEXYLOXYPHENOL METHOXYPHENYL;´TRIAZINE, DIBUTYL ADIPATE, ETHYLHEXYL TRIAZONE,PENTYLENE GLYCOL, PARFUM/FRAGRANCE, ALOE
BARBADENSIS LEAF JUICE POWDER, BETA-CAROTENE,BISABOLOL, CUCUMIS SATIVUS (CUCUMBER) FRUITEXTRACT, DAUCUS CAROTA SATIVA (CARROT) ROOT
EXTRACT, ETHYLHEXYLGLYCERIN, GLYCERIN, GLYCINE SOJA (SOYBEAN) OIL, HELIANTHUS ANNUUS (SUNFLOWER) SEED OIL, LACTIC ACID, PANAX GINSENGROOT EXTRACT, PANTHENOL, PRUNUS AMYGDALUS DULCIS (SWEET ALMOND) OIL, ROSMARINUS OFFICINALIS (ROSEMARY) LEAF EXTRACT, SODIUM CHLORIDE, SODIUM
HYALURONATE, TOCOPHERYL ACETATE, ZINGIBER OFFICINALE (GINGER) ROOT EXTRACT, POTASSIUM SORBATE, SODIUM BENZOATE."||False||2601417P|||||||||1
139293|mueller||||||||2024-10-28|CATTIER Perle d'Eau Reinigungsfluid|CATTIER||50|ml|Home|Parfümerie|Pflege|Gesichtspflege|Reinigung|Reinigungsmilch & -balm|CATTIER Perle d'Eau Reinigungsfluid|3,49 €|3,49 €|||||||||||69,80 € / 1 l|||EUR|Home> Parfümerie> Pflege> Gesichtspflege> Reinigung> Reinigungsmilch & -balm> CATTIER Perle d'Eau Reinigungsfluid|https://www.mueller.at/p/cattier-perle-deau-reinigungsfluid-5301587794/|50 ml|"Das alkohol- und parfümfreie Reinigungsfluid ermöglicht dank der Mizellen-Struktur eine besonders sanfte und gründliche Reinigung. Die sehr gut verträgliche Formel mit feuchtigkeitsspendendem Bio-Rosen-Extrakt und Bio-Aloe Vera klärt, erfrischt und beruhigt die Haut. Make-Up und Unreinheiten werden schonend aber gründlich entfernt, der Teint wirkt frisch und strahlend. Rose - Bio-Aloe Vera 
Gesicht - Augen - Lippen
Reinigt besonders sanft und gründlich, erfrischt und beruhigt die Haut
ALLE HAUTTYPEN 
PARFÜMFREI
COSMOS ORGANIC zertifiziert
vegan
Etikett aus recyceltem Material1,1Etikett besteht aus 90% recyceltem Plastik.,Dafür stehen wir
Zertifizierte Naturkosmetik in Bio-Qualität.
Erfahrung als Pionier der Naturkosmetik - seit 1968.
Zertifizierung und Kontrolle durch unabhängige
Institutionen.,Respekt und Schutz der Natur und von Tieren zählen zu unseren Grundsätzen.
Wir stehen u.a. bei der Rohstobeschaung für soziale
Verantwortung.
Wir setzen auf recycelbare Packmittel und reduzieren
das Verpackungsmaterial."||||||||||||||||||||||Non-Organic||||"{'PH-Hautneutral': 'Ja', 'manufacturer': 'Kneipp GmbH', 'Herstelleradresse': '97064 Würzburg', 'dermatologically_tested': 'Ja', 'Anwendungshinweis': 'Anwendung: Mit Hilfe eines Wattepads das Reinigungsfluid morgens und abends mit sanft streichenden Bewegungen auf Gesicht, Augen und Lippen auftragen. Ein Abspülen mit Wasser ist nicht notwendig.', 'package_contents': 'Aqua, Glycerin**, Disodium Coco-glucoside Citrate, Calendula Officinalis Extract*, Aloe Barbadensis Leaf Extract*, Rosa Damascena Flower Extract*, Sweet Almond Oil Polyglyceryl-6 Esters, Potassium Sorbate, Sodium Benzoate, Citric Acid. | *Inhaltsstoffe aus kontrolliert biologischem Anbau | **Hergestellt mit Bio-Inhaltsstoffen | 99,5% natürlicher Ursprung im Gesamtprodukt 11,8% der gesamten Inhaltsstoffe sind aus kontrolliert biologischem Anbau', 'skin_type': 'unreine Haut', 'product_property': 'feuchtigkeitsspendend|schützend|beruhigend|erfrischend|klärend|reinigend', 'Inhalt': '50 ml', 'scope_of_application': 'Reinigung', 'Produkttyp': 'Creme'}"||||||||||||||0|0|139293_1.png|https://static.mueller.de/5332531908-PV-0/pdzoom/cattier-perle-deau-reinigungsfluid.webp||||||||||||||||||||||Kneipp GmbH||||||||||50 ml|"Aqua, Glycerin**, Disodium Coco-glucoside Citrate, Calendula Officinalis Extract*, Aloe Barbadensis Leaf Extract*, Rosa Damascena Flower Extract*, Sweet Almond Oil Polyglyceryl-6 Esters, Potassium Sorbate, Sodium Benzoate, Citric Acid. | *Inhaltsstoffe aus kontrolliert biologischem Anbau | **Hergestellt mit Bio-Inhaltsstoffen | 99,5% natürlicher Ursprung im Gesamtprodukt 11,8% der gesamten Inhaltsstoffe sind aus kontrolliert biologischem Anbau"||True||139293P||||Kosmetisches Mittel.|||||9
2037221|mueller||||||||2024-10-28|benecos Natural Translucent Powder mission invisible|BENECOS||6.5|g|Home|Parfümerie|Make-up|Teint|Puder|benecos Natural Translucent Powder mission invisible||4,99 €|4,99 €||||||||||||||EUR|Home> Parfümerie> Make-up> Teint> Puder> benecos Natural Translucent Powder mission invisible|https://www.mueller.at/p/benecos-natural-translucent-powder-mission-invisible-2037221/|6.5 g|"Der transparente, gepresste Puder NATURAL TRANSLUCENT POWDER ist wie ein Weichzeichner und softet die Gesichtszuge naturlich und zart ab.
Zum Mattieren, zur Fixierung des Make-Ups oder einfach uber die Tagespflege gelegt, ist er typunabhängig und somit fur jeden Hautton geeignet.
Transparente Farbe: ""mission invisible"".
BDIH-zertifiziert und vegan."||||||||||||||||||||||Non-Organic||||{'consistency': 'Kompakt', 'target_group': 'Damen', 'manufacturer': 'Cosmondial GmbH & Co. KG', 'Herstelleradresse': 'Industriestr. 23B ,63834 Sulzbach/Main', 'Kontaktmöglichkeit': 'hallo@cosmondial.de', 'Anwendungshinweis': 'Mit einer Puderquaste oder einem Puderpinsel auf das Gesicht auftragen und sanft einarbeiten.', 'package_contents': 'MICA, ZINC STEARATE, ZEA MAYS (CORN) STARCH*, TOCOPHEROL, GLYCERYL CAPRYLATE, OCTYLDODECANOL, LAURYL OLIVATE, SQUALANE, PERSEA GRATISSIMA (AVOCADO) OIL*, HELIANTHUS ANNUUS (SUNFLOWER) SEED OIL*, CHAMOMILLA RECUTITA (CHAMOMILE) FLOWER EXTRACT*, CI 77891, CI 77491', 'Farbnummer': '01', 'Farbe': 'mission invisible', 'Deckkraft': 'leicht', 'skin_type': 'alle Hauttypen', 'Inhalt': '6.5 g', 'Produktart': 'Puder', 'Produkttyp': 'Puder'}||||||mission invisible||||||||0|0|2037221_1.png|https://static.mueller.de/5486362470-PV-0/pdzoom/benecos-natural-translucent-powder-mission-invisible.webp||||||||||||||||||||||Cosmondial GmbH & Co. KG||||||||||6.5 g|MICA, ZINC STEARATE, ZEA MAYS (CORN) STARCH*, TOCOPHEROL, GLYCERYL CAPRYLATE, OCTYLDODECANOL, LAURYL OLIVATE, SQUALANE, PERSEA GRATISSIMA (AVOCADO) OIL*, HELIANTHUS ANNUUS (SUNFLOWER) SEED OIL*, CHAMOMILLA RECUTITA (CHAMOMILE) FLOWER EXTRACT*, CI 77891, CI 77491||True||2037221P|||||||||10
2037401|mueller||||||||2024-10-28|Chupa Chups Lollipop Bubble Gum|CHUPA CHUPS||126|g|Home|Drogerie|Lebensmittel|Süßigkeiten|Bonbons & Lutscher|Chupa Chups Lollipop Bubble Gum||1,99 €|1,99 €|||||||||||15,79 € / 1 kg|||EUR|Home> Drogerie> Lebensmittel> Süßigkeiten> Bonbons & Lutscher> Chupa Chups Lollipop Bubble Gum|https://www.mueller.at/p/chupa-chups-lollipop-bubble-gum-IPN2037401/|126 g|"Chupa Chups MAXI Bubble Gum: 7er Beutel Lollies mit Kaugummi

Unvergleichlicher Fruchtgenuss am Stiel in der sorte Cherry:
• Die 7 Fruchtlutscher im praktischen Beutel machen Lust auf mehr und sorgen für das unwiderstehlich-süße Lutschvergnügen zwischendurch.    
• Ob für den persönlichen Bedarf oder zum Teilen in der Schule, auf Partys oder im Büro – durch den Beutel hat man seine Lieblingssorte Lollis jederzeit griffbereit.
• Die leckeren Begleiter sind einzeln verpackt und praktisch entnehmbar. 
• Vegetarisch, Glutenfrei, Laktosefrei

Naschen mit Sti(e)l: Gucken. Zugreifen. Gönnen! 
Überzeugen Sie sich selbst und lassen Sie sich von der fruchtig-intensiven Geschmacksexplosion mitreißen. Chupa Chups Maxi Bubblegum - Für ein Maxi Lutschvergnügen inklusive Kauspaß."||||||SOJALECITHIN|||||{'Nährwerte je': '100  g', 'Brennwert': '1520 kj / 358 kcal', 'Fett in g': '0.2 g', '- davon gesättigte Fettsäuren in g': '0.2 g', 'Kohlenhydrate in g': '89.0 g', '- davon Zucker in g': '72.0 g', 'Eiweiß in g': '0.0 g', 'Salz in g': '0.0 g'}|||||||||||Non-Organic||||{'manufacturer': 'Chupa Chups S.A.U.', 'Herstelleradresse': 'Polígono Sector\xa0Serra, c/Les Masies Nº16 08635 Sant Esteve Sesrovires (Barcelona) Spain', 'Kontaktmöglichkeit': 'info@cfp-brands.de', 'Allergenhinweis': 'SOJALECITHIN', 'Inhalt': '126 g', 'Zutaten': 'Zucker, Glukosesirup, Kaumasse, Säuerungsmittel (Citronensäure, Äpfelsäure), Aromen, Konzentrate (schwarze Johannisbeere, Apfel, Radieschen, Karotte), pflanzliches Öl (Kokos).', 'Produkttyp': 'Lutscher'}||||||||||||||0|0|2037401_1.png|https://static.mueller.de/markant_08410031961782_pv_4738068/pdzoom/chupa-chups-lollipop-bubble-gum.webp|2037401_2.png|https://static.mueller.de/markant_08410031961782_pr_4743427/pdzoom/chupa-chups-lollipop-bubble-gum.webp||||||||||||||||||||Chupa Chups S.A.U.||||||||||126 g|||True||2037401P||||Erstickungsgefahr: nicht empfohlen für Kinder unter 5 Jahren.|||||5
3898|mueller||||||||2024-10-28|Haribo Fruchtgummi mit Schaumzucker Quaxi Frösche|HARIBO||175|g|Home|Drogerie|Lebensmittel|Süßigkeiten|Fruchtgummi|Haribo Fruchtgummi mit Schaumzucker Quaxi Frösche||1,49 €|1,49 €|||||||||||8,51 € / 1 kg|||EUR|Home> Drogerie> Lebensmittel> Süßigkeiten> Fruchtgummi> Haribo Fruchtgummi mit Schaumzucker Quaxi Frösche|https://www.mueller.at/p/haribo-fruchtgummi-mit-schaumzucker-quaxi-froesche-3898/|175 g|Fruchtgummi mit Schaumzucker||Vor Wärme und Feuchtigkeit schützen.|||||||||{'Nährwerte je': '100  g', 'Brennwert': '1466 kj / 345 kcal', 'Fett in g': '0.5 g', '- davon gesättigte Fettsäuren in g': '0.1 g', 'Kohlenhydrate in g': '79.0 g', '- davon Zucker in g': '53.0 g', 'Eiweiß in g': '5.8 g', 'Salz in g': '0.02 g'}|||||||||||Non-Organic||||{'Lagerhinweis': 'Vor Wärme und Feuchtigkeit schützen.', 'manufacturer': 'Haribo GmbH & Co. KG', 'Herstelleradresse': 'D- 53105 Bonn', 'Kontaktmöglichkeit': 'info@haribo.com', 'Inhalt': '175 g', 'Zutaten': 'Glukosesirup; Zucker; Dextrose; Gelatine; Säuerungsmittel: Citronensäure; Frucht- und Pflanzenkonzentrate: Spirulina, Saflor, Apfel; Sonnenblumenöl; Überzugsmittel: Bienenwachs weiß und gelb; Aroma. Kann Spuren von Milch, Weizen enthalten.', 'Produkttyp': 'Frucht- & Weingummi'}||||||||||||||4.6667|3|3898_1.png|https://static.mueller.de/markant_04001686322536_pv_3719466/pdzoom/haribo-fruchtgummi-mit-schaumzucker-quaxi-froesche.webp||||||||||||||||||||||Haribo GmbH & Co. KG||||||||||175 g|||True||3898P|||||||||5
799026|mueller||||||||2024-10-28|VARTA Pen Light mit Batterien 1AAA Blister|VARTA||1|Stk.|Home|Haushalt|Wohnen & Dekorieren|Deko-Zubehör|VARTA Pen Light mit Batterien 1AAA Blister|||6,99 €|6,99 €||||||||||||||EUR|Home> Haushalt> Wohnen & Dekorieren> Deko-Zubehör> VARTA Pen Light mit Batterien 1AAA Blister|https://www.mueller.at/p/varta-pen-light-mit-batterien-1aaa-blister-799026/|1 Stk.|||||||||||||||||||||||Non-Organic||||{'manufacturer': 'VARTA Consumer Batteries GmbH & Co. KGaA', 'Herstelleradresse': 'Alfred-Krupp-Str. 9, \n73479 Ellwangen', 'Kontaktmöglichkeit': 'info@varta-ag.com', 'Batterie-Typ': 'Al/Mn', 'Inhalt': '1 Stk.'}||||||||||||||0|0|799026_1.png|https://static.mueller.de/6806946827-PV-0/pdzoom/varta-pen-light-mit-batterien-1aaa-blister.webp|799026_2.png|https://static.mueller.de/6806946827-PB-7/pdzoom/varta-pen-light-mit-batterien-1aaa-blister.webp|799026_3.png|https://static.mueller.de/6806946827-PB-4/pdzoom/varta-pen-light-mit-batterien-1aaa-blister.webp|799026_4.png|https://static.mueller.de/6806946827-PB-2/pdzoom/varta-pen-light-mit-batterien-1aaa-blister.webp|799026_5.png|https://static.mueller.de/6806946827-PB-1/pdzoom/varta-pen-light-mit-batterien-1aaa-blister.webp|799026_6.png|https://static.mueller.de/6806946827-PB-3/pdzoom/varta-pen-light-mit-batterien-1aaa-blister.webp||||||||||||VARTA Consumer Batteries GmbH & Co. KGaA||||||||||1 Stk.|||True||799026P|||||||||10
2351404|mueller||||||||2024-10-28|Silit Pfanne Messino Ø 28cm|SILIT||1|Stk.|Home|Haushalt|Kochen & Backen|Pfannen|Bratpfannen|Silit Pfanne Messino Ø 28cm||54,99 €|54,99 €||||||||||||||EUR|Home> Haushalt> Kochen & Backen> Pfannen> Bratpfannen> Silit Pfanne Messino Ø 28cm|https://www.mueller.at/p/silit-pfanne-messino-28cm-2351404/|1 Stk.|"Ideal zum scharfen AnbratenDie Messino Stielpfanne aus Aluminium und mit 28 cm Durchmesser von Silit begeistert mit ihrem sehr geringen Gewicht, blitzschneller Erhitzung und der ultraharten und abriebfesten keramischen CeraProtect Antihaftversiegelung, die bis zu 400° C hitzebeständig ist. Damit ist sie ideal zum scharfen Anbraten bei hoher Hitze geeignet und dazu auch noch sehr einfach zu reinigen. Dazu sorgen der wärmereduzierende Griff aus hochwertigem Bakelit und der breite Schüttrand zum tropffreien Ausgießen für hohen Komfort. Die Pfannen der Serie Messino eignen sich zur Verwendung auf jedem Herd – natürlich auch auf Induktionsherden.

Schnell und leicht - Dank des hochwertigen Aluminiums erhitzt sich die Pfanne extrem schnell und erleichtert dazu das Handling durch ihr geringes Gewicht.
Tropffreies Ausgießen - Breiter Schüttrand für mühelos-tropffreies Ausgießen von Flüssigkeiten.
CeraProtect Antihaftversiegelung - Durch den harten mineralischen Aufbau, ist die keramische Antihaftversiegelung besonders robust und bis zu 400° C hitzebeständig - für hervorragende Bratergebnisse und eine sehr einfache Reinigung.
Wärmereduzierender Bakelitgriff - Wärmereduzierender, ergonomischer Griff aus hochwertigem Bakelit für sicheres und komfortables Handling.
Abmessungen inkl. Verpackung (LxBxH): 480 x 295 x 95 mm
"||||||||||||||||||||||Non-Organic||||"{'Pflegehinweis': 'Spülen per Hand wird empfohlen.', 'Geeignet für': 'Backofen|Induktionsherd|Gasherd|Elektroherd', 'Gewicht': '1244', 'special_function': 'Hitzebeständig bis 400°C', 'manufacturer': 'Silit', 'Materialdetails': 'Aluminium mit Bakelitgriff', 'Material': 'Aluminium', 'Durchmesser': '28 cm', 'Inhalt': '1 Stk.'}"||||||||Aluminium mit Bakelitgriff||||||0|0|2351404_1.png|https://static.mueller.de/6350350491-PV-0/pdzoom/silit-pfanne-messino-28cm.webp||||||||||||||||Spülen per Hand wird empfohlen.||||||Silit||||||||||1 Stk.|||True||2351404P|||||"Backofen|Induktionsherd|Gasherd|Elektroherd"||||10
799032|mueller||||||||2024-10-28|Vileda Microfaser Spülschwamm|VILEDA||1|Stk.|Home|Drogerie|Haushalt|Haushaltsartikel|Reinigungshelfer|Vileda Microfaser Spülschwamm||0,99 €|0,99 €||||||||||||||EUR|Home> Drogerie> Haushalt> Haushaltsartikel> Reinigungshelfer> Vileda Microfaser Spülschwamm|https://www.mueller.at/p/vileda-microfaser-spuelschwamm-799032/|1 Stk.|"Flexibler Spülschwamm mit Microfaser Oberfläche im quadratisch praktischen Format
- Hohe Saugfähigkeit und Schmutzaufnahme
- Handliches Format für den täglichen Gebrauch
- Verfügbar in 4 trendigen Farben und Mustern
- Tuchmaß: 20 x 17 cm
- Inhalt: 1 Stück"||||||||||||||||||||||Non-Organic||||{'scope_of_delivery': '1 Stück', 'manufacturer': 'Vileda GmbH', 'Herstelleradresse': 'Im Technologiepark 19\n69469 Weinheim', 'Kontaktmöglichkeit': 'vileda-info@fhp-ww.com', 'Inhalt': '1 Stk.'}||||||||||||||5.0|2|799032_1.png|https://static.mueller.de/markant_04023103144675_pv_2948522/pdzoom/vileda-microfaser-spuelschwamm.webp|799032_2.png|https://static.mueller.de/pdzoom/4023103144675_PD1.webp||||||||||||||||||||Vileda GmbH||||||||||1 Stk.|||True||799032P|||||||||10
2772891|mueller||||||||2024-10-28|The Lockdown Sessions|||1|Stk.|Home|Multi-Media|Musik|Pop|The Lockdown Sessions|||5,99 €|5,99 €||||||||||||||EUR|Home> Multi-Media> Musik> Pop> The Lockdown Sessions|https://www.mueller.at/p/the-lockdown-sessions-2772891/|1 Stk.|||||||||||||||||||||||Non-Organic||||{'medium': 'CD', 'Künstler': 'John,Elton', 'Inhalt': '1 Stk.', 'Anzahl Medien im Artikel': '1', 'genre': 'Pop international', 'Label': 'EMI'}||||||||||||||0|0|2772891_1.png|https://static.mueller.de/pdzoom/phononet_0602438711673_pv_0602438711673-0600px-001.webp|2772891_2.png|https://static.mueller.de/pdzoom/phononet_0602438711673_pr_0602438711673-0600px-002.webp|2772891_3.png|https://static.mueller.de/7030586909-PR-1/pdzoom/the-lockdown-sessions.webp||||||||||||||||||||||||||||1 Stk.|||True||2772891P|||||||||5
942694|mueller||||||||2024-10-28|Weleda Duschgel Sport Arnica Mini|WELEDA||20|ml|Home|Naturshop|Pflege|Körperpflege|Duschen|Weleda Duschgel Sport Arnica Mini||1,45 €|1,45 €|||||||||||72,50 € / 1 l|||EUR|Home> Naturshop> Pflege> Körperpflege> Duschen> Weleda Duschgel Sport Arnica Mini|https://www.mueller.at/p/weleda-duschgel-sport-arnica-mini-IPN942694/|20 ml|"Tanken Sie neue Energie nach dem Sport und verwöhnen Sie Haut und Sinne. Das anregende Sport Frische-Kick-Duschgel mit Arnikablüten-Extrakt pflegt die Haut und entspannt. Natürliche ätherische Öle aus Rosmarin und Lavendel entfalten einen sportlich-belebenden Duft. Das Duschgel bewahrt die natürliche Feuchtigkeit der Haut, während milde Tenside auf Basis pflanzlicher Rohstoffe sanft reinigen. Die Hautverträglichkeit des Duschgels ist dermatologisch bestätigt – die Rezeptur ist biologisch abbaubar (nach OECD). Tipp: Nach einer belebenden Dusche nach dem Sport schenkt Ihnen eine Massage mit dem Arnika Massage-Öl wohltuende Wärme und Entspannung. Die Massage sorgt dafür, dass die Muskulatur nicht zu schnell abkühlt. Gleichzeitig wird die natürliche Regeneration der Haut mit den pflegenden Eigenschaften des Öls unterstützt.

Anregender Duft, erfrischend; reinigt sanft
Dermatologisch getestet
Frei von synthetischen Konservierungsmitteln, Duftstoffen, Farbstoffen und Rohstoffen aus Mineralölen
"||Kühl, trocken und lichtgeschützt lagern||||||||||||||||||||Non-Organic||||{'Lagerhinweis': 'Kühl, trocken und lichtgeschützt lagern', 'manufacturer': 'Weleda AG', 'Herstelleradresse': 'Möhlerstraße 3, D-73525 Schwäbisch Gmünd', 'Kontaktmöglichkeit': 'dialog@weleda.de', 'dermatologically_tested': 'Ja', 'package_contents': 'Ingredients (INCI): Water/Aqua/Eau, Alcohol, Disodium Cocoyl Glutamate, Coco-Glucoside, Glycerin, Fragrance (Parfum)*, Xanthan Gum, Sodium Cocoyl Glutamate, Arnica Montana Flower Extract, Lactic Acid, Citric Acid, Tocopherol, Lecithin, Glyceryl Oleate, Hydrogenated Palm Glycerides Citrate, Ascorbyl Palmitate, Limonene*, Linalool*. *from natural essential oils and/or plant extracts', 'skin_type': 'ölige Haut', 'Inhalt': '20 ml', 'scope_of_application': 'Duschen', 'Produkttyp': 'Duschgel'}||||||||||||||0|0|942694_1.png|https://static.mueller.de/markant_00000042279884_pv_4090146/pdzoom/weleda-duschgel-sport-arnica-mini.webp|942694_2.png|https://static.mueller.de/markant_00000042279884_pr_4052499/pdzoom/weleda-duschgel-sport-arnica-mini.webp||||||||||||||||||||Weleda AG||||||||||20 ml|Ingredients (INCI): Water/Aqua/Eau, Alcohol, Disodium Cocoyl Glutamate, Coco-Glucoside, Glycerin, Fragrance (Parfum)*, Xanthan Gum, Sodium Cocoyl Glutamate, Arnica Montana Flower Extract, Lactic Acid, Citric Acid, Tocopherol, Lecithin, Glyceryl Oleate, Hydrogenated Palm Glycerides Citrate, Ascorbyl Palmitate, Limonene*, Linalool*. *from natural essential oils and/or plant extracts||True||942694P|||||||||10
2772894|mueller||||||||2024-10-28|Tattoo You - 40th Anniversary|||1|Stk.|Home|Multi-Media|Musik|Rock|Tattoo You - 40th Anniversary|||11,99 €|11,99 €||||||||||||||EUR|Home> Multi-Media> Musik> Rock> Tattoo You - 40th Anniversary|https://www.mueller.at/p/tattoo-you-40th-anniversary-2772894/|1 Stk.|||||||||||||||||||||||Non-Organic||||{'medium': 'CD', 'Künstler': 'Rolling Stones,The', 'Inhalt': '1 Stk.', 'Anzahl Medien im Artikel': '1', 'genre': 'Rock international', 'Label': 'Polydor'}||||||||||||||0|0|2772894_1.png|https://static.mueller.de/pdzoom/phononet_0602438284603_pv_0602438284603-0600px-001.webp|2772894_2.png|https://static.mueller.de/pdzoom/phononet_0602438284603_pr_0602438284603-0600px-002.webp|2772894_3.png|https://static.mueller.de/7024531054-PR-1/pdzoom/tattoo-you-40th-anniversary.webp||||||||||||||||||||||||||||1 Stk.|||True||2772894P|||||||||5
178175|mueller||||||||2024-10-28|LAMY Kugelschreiber noto|LAMY||1|Stk.|Home|Schreibwaren|Schreibgeräte|Kugelschreiber|LAMY Kugelschreiber noto|||5,90 €|5,90 €||||||||||||||EUR|Home> Schreibwaren> Schreibgeräte> Kugelschreiber> LAMY Kugelschreiber noto|https://www.mueller.at/p/lamy-kugelschreiber-noto-5805234103/|1 Stk.|Kunststoff matt / Spitze und Drücker: Silberfarben / mit Großraummine LAMY M 16 M schwarz||||||||||||||||||||||Non-Organic||||{'Strichstärke': 'M', 'manufacturer': 'C. Josef Lamy GmbH', 'Herstelleradresse': 'Grenzhöfer Weg 32, 69123 Heidelberg', 'Kontaktmöglichkeit': 'info@lamy.de', 'Farbe': 'blue silver', 'Inhalt': '1 Stk.', 'Produkttyp': 'Kugelschreiber'}||||||blue silver||||||||0|0|178175_1.png|https://static.mueller.de/5801091900-PV-0/pdzoom/lamy-kugelschreiber-noto.webp||||||||||||||||||||||C. Josef Lamy GmbH||||||||||1 Stk.|||False||178175P|||||||||10
2027291|mueller||||||||2024-10-28|LAMY Tintenroller AL-star|LAMY||1|Stk.|Home|Schreibwaren|Schreibgeräte|Tintenroller|LAMY Tintenroller AL-star|||21,00 €|21,00 €||||||||||||||EUR|Home> Schreibwaren> Schreibgeräte> Tintenroller> LAMY Tintenroller AL-star|https://www.mueller.at/p/lamy-tintenroller-al-star-5805234104/|1 Stk.|"Aluminium eloxiert / Metallclip / ergonomisches Griffstück aus Kunststoff / mit Tintenrollermine
LAMY M 63 M schwarz"||||||||||||||||||||||Non-Organic||||{'Strichstärke': 'M', 'manufacturer': 'C. Josef Lamy GmbH', 'Herstelleradresse': 'Grenzhöfer Weg 32, 69123 Heidelberg', 'Kontaktmöglichkeit': 'info@lamy.de', 'Farbe': 'black purple', 'Inhalt': '1 Stk.', 'Produkttyp': 'Tintenroller'}||||||black purple||||||||0|0|2027291_1.png|https://static.mueller.de/5801092016-PV-0/pdzoom/lamy-tintenroller-al-star.webp||||||||||||||||||||||C. Josef Lamy GmbH||||||||||1 Stk.|||False||2027291P|||||||||10
2772886|mueller||||||||2024-10-28|Blue Banisters|||1|Stk.|Home|Multi-Media|Musik|Pop|Blue Banisters|||17,99 €|17,99 €||||||||||||||EUR|Home> Multi-Media> Musik> Pop> Blue Banisters|https://www.mueller.at/p/blue-banisters-2772886/|1 Stk.|||||||||||||||||||||||Non-Organic||||{'medium': 'CD', 'Künstler': 'Lana Del Rey', 'Inhalt': '1 Stk.', 'Anzahl Medien im Artikel': '1', 'genre': 'Pop international', 'Label': 'Urban'}||||||||||||||0|0|2772886_1.png|https://static.mueller.de/pdzoom/phononet_0602438741458_pv_0602438741458-0600px-001.webp|2772886_2.png|https://static.mueller.de/pdzoom/phononet_0602438741458_pr_0602438741458-0600px-002.webp|2772886_3.png|https://static.mueller.de/7030669214-PR-1/pdzoom/blue-banisters.webp||||||||||||||||||||||||||||1 Stk.|||True||2772886P|||||||||5
15561|mueller||||||||2024-10-28|LAMY Kugelschreiber safari|LAMY||1|Stk.|Home|Schreibwaren|Schreibgeräte|Kugelschreiber|LAMY Kugelschreiber safari|||11,50 €|11,50 €||||||||||||||EUR|Home> Schreibwaren> Schreibgeräte> Kugelschreiber> LAMY Kugelschreiber safari|https://www.mueller.at/p/lamy-kugelschreiber-safari-5805234100/|1 Stk.|ABS-Kunststoff hochglänzend / Metallclip / ergonomisches Griffstück / mit Großraummine LAMY M 16 M blau||||||||||||||||||||||Non-Organic||||{'Strichstärke': 'M', 'manufacturer': 'C. Josef Lamy GmbH', 'Herstelleradresse': 'Grenzhöfer Weg 32, 69123 Heidelberg', 'Kontaktmöglichkeit': 'info@lamy.de', 'Farbe': 'blue', 'Inhalt': '1 Stk.', 'Produkttyp': 'Kugelschreiber'}||||||blue||||||||5.0|1|15561_1.png|https://static.mueller.de/5801092190-PV-0/pdzoom/lamy-kugelschreiber-safari.webp||||||||||||||||||||||C. Josef Lamy GmbH||||||||||1 Stk.|||False||15561P|||||||||10
2351420|mueller||||||||2024-10-28|Silit Pfanne Talis Ø 24cm|SILIT||1|Stk.|Home|Haushalt|Kochen & Backen|Pfannen|Bratpfannen|Silit Pfanne Talis Ø 24cm||69,99 €|69,99 €||||||||||||||EUR|Home> Haushalt> Kochen & Backen> Pfannen> Bratpfannen> Silit Pfanne Talis Ø 24cm|https://www.mueller.at/p/silit-pfanne-talis-24cm-2351420/|1 Stk.|"Robust und komfortabelStrapazierfähiger Edelstahl 18/10 und die bis zu 400° C hitzebeständige, ultraharte und abriebfeste keramische CeraProtect Antihaftversiegelung machen das Zubereiten der leckersten Pfannengerichte mit der Talis Stielpfanne (24 cm Durchmesser) von Silit zu einem alltäglichen Vergnügen. Diese besonders hochwertige Beschichtung ermöglicht zudem eine besonders einfache Reinigung. Der hochwertige Silitherm®-Allherdboden sorgt für eine optimale Wärmeverteilung und –speicherung und damit energiesparendes Braten auf jedem Herd – einschließlich Induktion. Dank des breiten Schüttrands ist das tropffreie Ausgießen von Flüssigkeiten ein Kinderspiel, der wärmereduzierende Hohlgriff, verringert* die Wärmeübertagung auf die Pfanne. Dazu ist die Talis Bratpfanne auch zum Einsatz** im Backofen geeignet.

Silitherm®-Allherdboden - Der Silitherm®-Allherdboden spart Energie beim Kochen durch optimale Wärmeverteilung und -speicherung. Geeignet für alle Herdarten, einschließlich Induktion.
Backofengeeignet - Vielseitiges Kochgeschirr mit Edelstahlgriff, das jeder Anforderung gerecht wird und sich auch zum Einsatz im Backofen eignet*. *Maximale Hitzebeständigkeit der einzelnen Komponenten ist dabei zu berücksichtigen
Tropffreies Ausgießen - Breiter Schüttrand für mühelos-tropffreies Ausgießen von Flüssigkeiten.
CeraProtect Antihaftversiegelung - Durch den harten mineralischen Aufbau, ist die keramische Antihaftversiegelung besonders robust und bis zu 400° C hitzebeständig - für hervorragende Bratergebnisse und eine sehr einfache Reinigung.
Polierter Edelstahl 18/11 - Hygienisch, rostfrei, formstabil und säurebeständig, sorgt hochwertiger und langlebiger Edelstahl 18/10 für dauerhaftes Bratvergnügen.
Wärmereduzierender Griff - Hohlgriffe erhitzen sich deutlich geringer* als herkömmliche Griffe, da sie die Wärmeübertragung des Kochgeschirrs auf den Griff verringern *Gilt nicht bei der Verwendung im Backofen!
"||||||||||||||||||||||Non-Organic||||"{'Pflegehinweis': 'Spülmaschinengeeignet, aber Spülen per Hand empfohlen', 'Gewicht': '950', 'Geeignet für': 'Backofen|Elektroherd|Gasherd|Induktionsherd|Spuelmaschinen', 'special_function': 'Backofenfest bis 250°C', 'Materialdetails': 'Polierter Edelstahl 18/11', 'Material': 'Edelstahl', 'Höhe': '6 cm', 'Durchmesser': '24 cm', 'Inhalt': '1 Stk.'}"||||||||Polierter Edelstahl 18/11||||||0|0|2351420_1.png|https://static.mueller.de/6682776538-PV-0/pdzoom/silit-pfanne-talis-24cm.webp|2351420_2.png|https://static.mueller.de/6682776538-PB-1/pdzoom/silit-pfanne-talis-24cm.webp||||||||||||||Spülmaschinengeeignet, aber Spülen per Hand empfohlen||||||||||||||||1 Stk.|||False||2351420P|||||"Backofen|Elektroherd|Gasherd|Induktionsherd|Spuelmaschinen"||||1
2351428|mueller||||||||2024-10-28|Silit Pfanne Talis Ø 28cm|SILIT||1|Stk.|Home|Haushalt|Kochen & Backen|Pfannen|Bratpfannen|Silit Pfanne Talis Ø 28cm||79,99 €|79,99 €||||||||||||||EUR|Home> Haushalt> Kochen & Backen> Pfannen> Bratpfannen> Silit Pfanne Talis Ø 28cm|https://www.mueller.at/p/silit-pfanne-talis-28cm-2351428/|1 Stk.|"Robust und komfortabelStrapazierfähiger Edelstahl 18/10 und die bis zu 400° C hitzebeständige, ultraharte und abriebfeste keramische CeraProtect Antihaftversiegelung machen das Zubereiten der leckersten Pfannengerichte mit der Talis Stielpfanne (28 cm Durchmesser) von Silit zu einem alltäglichen Vergnügen. Diese besonders hochwertige Beschichtung ermöglicht zudem eine besonders einfache Reinigung. Der hochwertige Silitherm®-Allherdboden sorgt für eine optimale Wärmeverteilung und –speicherung und damit energiesparendes Braten auf jedem Herd – einschließlich Induktion. Dank des breiten Schüttrands ist das tropffreie Ausgießen von Flüssigkeiten ein Kinderspiel, der wärmereduzierende Hohlgriff, verringert* die Wärmeübertagung auf die Pfanne. Dazu ist die Talis Bratpfanne auch zum Einsatz** im Backofen geeignet.

Silitherm®-Allherdboden - Der Silitherm®-Allherdboden spart Energie beim Kochen durch optimale Wärmeverteilung und -speicherung. Geeignet für alle Herdarten, einschließlich Induktion.
Backofengeeignet - Vielseitiges Kochgeschirr mit Edelstahlgriff, das jeder Anforderung gerecht wird und sich auch zum Einsatz im Backofen eignet*. *Maximale Hitzebeständigkeit der einzelnen Komponenten ist dabei zu berücksichtigen
Tropffreies Ausgießen - Breiter Schüttrand für mühelos-tropffreies Ausgießen von Flüssigkeiten.
CeraProtect Antihaftversiegelung - Durch den harten mineralischen Aufbau, ist die keramische Antihaftversiegelung besonders robust und bis zu 400° C hitzebeständig - für hervorragende Bratergebnisse und eine sehr einfache Reinigung.
Polierter Edelstahl 18/12 - Hygienisch, rostfrei, formstabil und säurebeständig, sorgt hochwertiger und langlebiger Edelstahl 18/10 für dauerhaftes Bratvergnügen.
Wärmereduzierender Griff - Hohlgriffe erhitzen sich deutlich geringer* als herkömmliche Griffe, da sie die Wärmeübertragung des Kochgeschirrs auf den Griff verringern *Gilt nicht bei der Verwendung im Backofen!
"||||||||||||||||||||||Non-Organic||||"{'Pflegehinweis': 'Spülmaschinengeeignet, aber Spülen per Hand empfohlen', 'special_function': 'Backofenfest bis 250°C', 'Geeignet für': 'Backofen|Spuelmaschinen|Induktionsherd|Gasherd|Elektroherd', 'Gewicht': '1470', 'Materialdetails': 'Polierter Edelstahl 18/11', 'Material': 'Edelstahl', 'Höhe': '6.5 cm', 'Durchmesser': '28 cm', 'Inhalt': '1 Stk.'}"||||||||Polierter Edelstahl 18/11||||||0|0|2351428_1.png|https://static.mueller.de/6483701575-PV-0/pdzoom/silit-pfanne-talis-28cm.webp|2351428_2.png|https://static.mueller.de/6483701575-PB-1/pdzoom/silit-pfanne-talis-28cm.webp||||||||||||||Spülmaschinengeeignet, aber Spülen per Hand empfohlen||||||||||||||||1 Stk.|||False||2351428P|||||"Backofen|Spuelmaschinen|Induktionsherd|Gasherd|Elektroherd"||||1
2772876|mueller||||||||2024-10-28|El Camino(10th Anniversary Deluxe Edition)|||1|Stk.|Home|Multi-Media|Musik|Rock|El Camino(10th Anniversary Deluxe Edition)|||42,99 €|42,99 €||||||||||||||EUR|Home> Multi-Media> Musik> Rock> El Camino(10th Anniversary Deluxe Edition)|https://www.mueller.at/p/el-camino-10th-anniversary-deluxe-edition-2772876/|1 Stk.|||||||||||||||||||||||Non-Organic||||{'medium': 'LP (analog)', 'Künstler': 'Black Keys, The', 'Inhalt': '1 Stk.', 'Anzahl Medien im Artikel': '3', 'genre': 'Rock international', 'Label': 'NONESUCH'}||||||||||||||0|0|2772876_1.png|https://static.mueller.de/pdzoom/phononet_0075597914382_pv_0075597914382-0600px-001.webp||||||||||||||||||||||||||||||||1 Stk.|||True||2772876P|||||||||5
128920|mueller||||||||2024-10-28|J.G. Schrödel - Magnum antik, 12-Schuss Pistole|JG SCHROEDEL||1|Stk.|Home|Spielwaren|Kostüme & Partyartikel|Kostüme & Schminke|J.G. Schrödel - Magnum antik, 12-Schuss Pistole|||19,99 €|19,99 €||||||||||||||EUR|Home> Spielwaren> Kostüme & Partyartikel> Kostüme & Schminke> J.G. Schrödel - Magnum antik, 12-Schuss Pistole|https://www.mueller.at/p/j-g-schroedel-magnum-antik-12-schuss-pistole-128920/|1 Stk.|"„Magnum antik"": Spielzeugpistole für Zündplättchen, auf Tester, für 12-Schuss-Munition, 22 cm, grau/ silber (203 8671)
Mit der silber-braunen Spielzeugpistole „Magnum Antik“ kommen große und kleine Pistolenfans voll auf ihre Kosten. Egal ob Sheriff, Cowboy oder Räuber – diese 22 cm lange Spielzeugpistole verleiht dem Faschingskostüm den letzten Schliff. Die 12-Schuss-Pistole aus Zink und Kunststoff verfügt über einen handlichen Pistolengriff. Als Munition eignet sich am besten die 12-Schuss Ring-Amorces Typ Wicke EURO CAPS® des Herstellers Sohni-Wicke. Dank der hochwertigen Verarbeitung ist langes Spiel, Spaß und Action garantiert. Nicht geeignet für Kinder unter 3 Jahren."||||||||6 Jahre||||||||||||||Non-Organic||||"{'target_group': 'Jugendliche|Grundschüler', 'manufacturer': 'J.G.Schrödel Vertriebsgesellschaft m.b.H', 'Herstelleradresse': 'Hans-Bunte-Straße 2 90431 Nürnberg', 'Kontaktmöglichkeit': 'https://www.bauer-spielwaren.de/', 'Artikelnummer des Herstellers': '203 8671', 'license': 'JG Schroedel 12-Schuss Pistolen', 'Altersempfehlung ab': '6 Jahre', 'Altersempfehlung bis': '99 Jahre', 'Inhalt': '1 Stk.', 'Produkttyp': 'Sonstiges Kostümzubehör'}"||||||||||||||0|0|128920_1.png|https://static.mueller.de/62387082-PB-0/pdzoom/j-g-schroedel-magnum-antik-12-schuss-pistole.webp|128920_2.png|https://static.mueller.de/62387082-PB-1/pdzoom/j-g-schroedel-magnum-antik-12-schuss-pistole.webp|128920_3.png|https://static.mueller.de/62387082-PB-2/pdzoom/j-g-schroedel-magnum-antik-12-schuss-pistole.webp||||||||||||||||||J.G.Schrödel Vertriebsgesellschaft m.b.H||||||||||1 Stk.|||True||128920P|||||||||10
824540|mueller||||||||2024-10-28|Greatest Hits|||1|Stk.|Home|Multi-Media|Musik|Pop|Greatest Hits|||11,99 €|11,99 €||||||||||||||EUR|Home> Multi-Media> Musik> Pop> Greatest Hits|https://www.mueller.at/p/greatest-hits-824540/|1 Stk.|||||||||||||||||||||||Non-Organic||||{'medium': 'CD', 'Künstler': 'Eurythmics,Annie Lennox,Dave Stewart', 'Inhalt': '1 Stk.', 'Anzahl Medien im Artikel': '1', 'genre': 'Pop international', 'Label': 'SONY MUSIC'}||||||||||||||0|0|824540_1.png|https://static.mueller.de/pdzoom/phononet_0888750615923_pv_0888750615923-0600px-001.webp|824540_2.png|https://static.mueller.de/pdzoom/phononet_0888750615923_pr_0888750615923-0600px-002.webp|824540_3.png|https://static.mueller.de/5297032033-PR-1/pdzoom/greatest-hits.webp||||||||||||||||||||||||||||1 Stk.|||True||824540P|||||||||5
2772860|mueller||||||||2024-10-28|BRAVO Hits X-MAS Party Digipak|||1|Stk.|Home|Multi-Media|Musik|Weihnachtsmusik|BRAVO Hits X-MAS Party Digipak|||19,99 €|19,99 €||||||||||||||EUR|Home> Multi-Media> Musik> Weihnachtsmusik> BRAVO Hits X-MAS Party Digipak|https://www.mueller.at/p/bravo-hits-x-mas-party-digipak-2772860/|1 Stk.|||||||||||||||||||||||Non-Organic||||{'medium': 'CD', 'Künstler': 'Various', 'Inhalt': '1 Stk.', 'Anzahl Medien im Artikel': '3', 'genre': 'Weihnachtsprodukte', 'Label': 'WMG'}||||||||||||||5.0|1|2772860_1.png|https://static.mueller.de/pdzoom/phononet_5054197114564_pv_5054197114564-0600px-001.webp|2772860_2.png|https://static.mueller.de/pdzoom/phononet_5054197114564_pr_5054197114564-0600px-002.webp|2772860_3.png|https://static.mueller.de/7026045536-PR-1/pdzoom/bravo-hits-x-mas-party-digipak.webp||||||||||||||||||||||||||||1 Stk.|||False||2772860P|||||||||1
2772864|mueller||||||||2024-10-28|80 plus|||1|Stk.|Home|Multi-Media|Musik|Pop|80 plus|||9,99 €|9,99 €||||||||||||||EUR|Home> Multi-Media> Musik> Pop> 80 plus|https://www.mueller.at/p/80-plus-2772864/|1 Stk.|||||||||||||||||||||||Non-Organic||||{'medium': 'CD', 'Künstler': 'Hallervorden,Dieter', 'Inhalt': '1 Stk.', 'Anzahl Medien im Artikel': '1', 'genre': 'Pop deutschsprachig', 'Label': 'Telamo'}||||||||||||||0|0|2772864_1.png|https://static.mueller.de/pdzoom/phononet_4053804316729_pv_4053804316729-0600px-001.webp|2772864_2.png|https://static.mueller.de/pdzoom/phononet_4053804316729_pr_4053804316729-0600px-002.webp|2772864_3.png|https://static.mueller.de/7024580232-PR-1/pdzoom/80-plus.webp||||||||||||||||||||||||||||1 Stk.|||True||2772864P|||||||||5
128913|mueller||||||||2024-10-28|J.G. Schrödel - Scorpion antik, 8-Schuss Pistole. Knalllautstärke: 125 db|JG SCHROEDEL||1|Stk.|Home|Spielwaren|Kostüme & Partyartikel|Kostüme & Schminke|J.G. Schrödel - Scorpion antik, 8-Schuss Pistole. Knalllautstärke: 125 db|||18,99 €|18,99 €||||||||||||||EUR|Home> Spielwaren> Kostüme & Partyartikel> Kostüme & Schminke> J.G. Schrödel - Scorpion antik, 8-Schuss Pistole. Knalllautstärke: 125 db|https://www.mueller.at/p/j-g-schroedel-scorpion-antik-8-schuss-pistole-knalllautstaerke-125-db-128913/|1 Stk.|"„Scorpion antik"": Spielzeugpistole für Zündplättchen, auf Tester, für 8-Schuss-Munition, 22 cm, grau/ silber (106 8271)
Mit der silber-braunen Spielzeugpistole „Scorpion Antik“ kommen große und kleine Pistolenfans voll auf ihre Kosten. Egal ob Sheriff, Cowboy oder Räuber – diese 22 cm lange Spielzeugpistole verleiht dem Faschingskostüm den letzten Schliff. Die 8-Schuss-Pistole aus Zink und Kunststoff verfügt über einen handlichen Pistolengriff. Als Munition eignet sich am besten die 8-Schuss Ring-Amorces Typ Wicke EURO CAPS® des Herstellers Sohni-Wicke. Dank der hochwertigen Verarbeitung ist langes Spiel, Spaß und Action garantiert. Nicht geeignet für Kinder unter 3 Jahren."||||||||6 Jahre||||||||||||||Non-Organic||||"{'target_group': 'Grundschüler|Jugendliche', 'manufacturer': 'J.G.Schrödel Vertriebsgesellschaft m.b.H', 'Herstelleradresse': 'Hans-Bunte-Straße 2 90431 Nürnberg', 'Kontaktmöglichkeit': 'https://www.bauer-spielwaren.de/', 'Artikelnummer des Herstellers': '106 8271', 'license': 'JG Schroedel 8-Schuss Pistolen', 'Altersempfehlung ab': '6 Jahre', 'Altersempfehlung bis': '99 Jahre', 'Inhalt': '1 Stk.', 'Produkttyp': 'Sonstiges Kostümzubehör'}"||||||||||||||0|0|128913_1.png|https://static.mueller.de/156695090-PV-0/pdzoom/j-g-schroedel-scorpion-antik-8-schuss-pistole-knalllautstaerke-125-db.webp||||||||||||||||||||||J.G.Schrödel Vertriebsgesellschaft m.b.H||||||||||1 Stk.|||True||128913P|||||||||10
128914|mueller||||||||2024-10-28|J.G. Schrödel - R 8, 8-Schuss Pistole|JG SCHROEDEL||1|Stk.|Home|Spielwaren|Kostüme & Partyartikel|Kostüme & Schminke|J.G. Schrödel - R 8, 8-Schuss Pistole|||7,49 €|7,49 €||||||||||||||EUR|Home> Spielwaren> Kostüme & Partyartikel> Kostüme & Schminke> J.G. Schrödel - R 8, 8-Schuss Pistole|https://www.mueller.at/p/j-g-schroedel-r-8-8-schuss-pistole-128914/|1 Stk.|"„R8"": Spielzeugpistole für Zündplättchen, auf Tester, für 8-Schuss-Munition, 12 cm, schwarz (100 0281)
Mit der schwarzen Spielzeugpistole „R8“ kommen große und kleine Pistolenfans voll auf ihre Kosten. Egal ob Polizist oder Agent – diese 12 cm lange Spielzeugpistole verleiht dem Faschingskostüm den letzten Schliff. Die 8-Schuss-Pistole aus Zink und Kunststoff verfügt über einen handlichen Pistolengriff mit kräftiger Maserung. Als Munition eignet sich am besten die 8-Schuss Ring-Amorces Typ Wicke EURO CAPS® des Herstellers Sohni-Wicke. Dank der hochwertigen Verarbeitung ist langes Spiel, Spaß und Action garantiert. Nicht geeignet für Kinder unter 3 Jahren."||||||||6 Jahre||||||||||||||Non-Organic||||"{'target_group': 'Jugendliche|Grundschüler', 'manufacturer': 'J.G.Schrödel Vertriebsgesellschaft m.b.H', 'Herstelleradresse': 'Hans-Bunte-Straße 2 90431 Nürnberg', 'Kontaktmöglichkeit': 'https://www.bauer-spielwaren.de/', 'Artikelnummer des Herstellers': '100 0281', 'license': 'JG Schroedel 8-Schuss Pistolen', 'Altersempfehlung ab': '6 Jahre', 'Altersempfehlung bis': '99 Jahre', 'Inhalt': '1 Stk.', 'Produkttyp': 'Sonstiges Kostümzubehör'}"||||||||||||||3.0|1|128914_1.png|https://static.mueller.de/62386428-PB-0/pdzoom/j-g-schroedel-r-8-8-schuss-pistole.webp|128914_2.png|https://static.mueller.de/62386428-PB-1/pdzoom/j-g-schroedel-r-8-8-schuss-pistole.webp|128914_3.png|https://static.mueller.de/62386428-PB-2/pdzoom/j-g-schroedel-r-8-8-schuss-pistole.webp||||||||||||||||||J.G.Schrödel Vertriebsgesellschaft m.b.H||||||||||1 Stk.|||True||128914P|||||||||10
2747892|mueller||||||||2024-10-28|Gourmet Berner Orangenblütenhonig|GOURMET BERNER||250|g|Home|Drogerie|Lebensmittel|Nahrung|Brotaufstriche|Süße Brotaufstriche|Gourmet Berner Orangenblütenhonig|8,95 €|8,95 €|||||||||||35,80 € / 1 kg|||EUR|Home> Drogerie> Lebensmittel> Nahrung> Brotaufstriche> Süße Brotaufstriche> Gourmet Berner Orangenblütenhonig|https://www.mueller.at/p/gourmet-berner-orangenbluetenhonig-2747892/|250 g|Blühende Orangenbäume sind ein Zeichen für den Frühlingsbeginn in Südeuropa. Dann ist die Trachtzeit gekommen und die weißen Blüten locken mit ihrem Duft die Bienen zu ihrer Befruchtung an und spenden zur Belohnung fein-duftenden Nektar. Hieraus entsteht ein fein-aromatischer Honig mit besonders abgerundetem Geschmack.|||||Deutschland||||||{'Nährwerte je': '100g', 'Brennwert': '1283 kj / 302 kcal', 'Fett in g': '0.1', '- davon gesättigte Fettsäuren in g': '0', 'Kohlenhydrate in g': '75.1', '- davon Zucker in g': '74.2', 'Eiweiß in g': '0.4', 'Salz in g': '0'}|||||||||||Non-Organic||||{'manufacturer': 'Gourmet Berner GmbH & Co. KG', 'Herstelleradresse': 'Boschstr.7 ,71384 Weinstadt', 'Herkunftsland': 'Deutschland', 'Inhalt': '250 g', 'Zutaten': 'Orangenblütenhonig.', 'Produkttyp': 'Honig'}||||||||||||||0|0|2747892_1.png|https://static.mueller.de/6958438893-PV-0/pdzoom/gourmet-berner-orangenbluetenhonig.webp||||||||||||||||||||||Gourmet Berner GmbH & Co. KG||||||||||250 g|||True||2747892P|||||||||10
153955|mueller||||||||2024-10-28|Theo Klein 9315 Obst und Gemüsewaage|KLEIN||1|Stk.|Home|Spielwaren|Baby & Kleinkind|Kleinkindspielzeug|Theo Klein 9315 Obst und Gemüsewaage|||26,99 €|26,99 €|26,99 €|18,99 €||||30%|Sie sparen 30%|||||||EUR|Home> Spielwaren> Baby & Kleinkind> Kleinkindspielzeug> Theo Klein 9315 Obst und Gemüsewaage|https://www.mueller.at/p/theo-klein-9315-obst-und-gemuesewaage-153955/|1 Stk.|"I Batteriebetriebene Spielwaage mit leuchtendem Messbalken I Wiegeablage sinkt beim Wiegen ein. Wer seinen Kaufmannsladen ordentlich führen will, braucht eine Waage! Warum? Weil es Spaß macht! Sobald Birnen, Äpfel und Bananen, oder auch Käse und Wurst auf der Waage liegen, sinkt die Ablage ein. Nun können die kleinen Kund/innen selbst oder die emsigen Händler/innen das Symbol drücken, das zum Obst oder Gemüse passt, am robusten Rädchen der Anzeige drehen und schon erscheinen Gewicht und der zu zahlende Betrag. Das Aussuchen der Ware und das Wiegen bereiten Kindern Spaß. Nicht nur denen, die wie Mama und Papa gerne frisches Obst und Gemüse einkaufen, sondern auch den jungen Kaufmannsladenbetreiber/innen, die gerne den Preis für ihre Ware bemessen wollen. Sie alle schulen in diesem vergnüglichen Rollenspiel ihre Kommunikation, Kreativität und Fantasie.

• Mit dieser Waage können kleine Kaufleute im Kinderzimmer-Laden alles wiegen, was sie im Angebot haben
• Die Ware einfach auf die Waage legen, am hübschen Rädchen oben am Display drehen und unten am Messbalken das Gewicht ablesen
• Besonderen Spaß macht den kleinen Händler/innen, dass die Wiegefläche absinkt, sobald etwas darauf liegt
• Diese Spielwaage lädt zu lustigen Rollenspielen ein, die Fantasie und Kommunikationsfähigkeit fördern
• Maße: 14,5 cm x 15 cm x 29 cm I Geeignet für Kinder ab drei Jahren I Benötigte Batterien: 2 x R6-AA - Nicht im Lieferumfang enthalten"||||||||3 Jahre||||||||||||||Non-Organic||||{'target_group': 'Kleinkinder', 'Kontaktmöglichkeit': 'Theo Klein GmbH Spielwarenfabrik', 'Artikelnummer des Herstellers': '9315', 'license': 'Theo Klein Kaufladen und Kassen', 'Altersempfehlung ab': '3 Jahre', 'Altersempfehlung bis': '8 Jahre', 'Materialdetails': 'Kunststoff', 'Inhalt': '1 Stk.', 'Produkttyp': 'Kindergarten'}||||||||Kunststoff||||||0|0|153955_1.png|https://static.mueller.de/72126982-PV-0/pdzoom/theo-klein-9315-obst-und-gemuesewaage.webp|153955_2.png|https://static.mueller.de/72126982-PB-1/pdzoom/theo-klein-9315-obst-und-gemuesewaage.webp|153955_3.png|https://static.mueller.de/72126982-PB-2/pdzoom/theo-klein-9315-obst-und-gemuesewaage.webp|153955_4.png|https://static.mueller.de/72126982-PB-3/pdzoom/theo-klein-9315-obst-und-gemuesewaage.webp|153955_5.png|https://static.mueller.de/72126982-PB-4/pdzoom/theo-klein-9315-obst-und-gemuesewaage.webp||||||||||||||9315||||||||||1 Stk.|||True||153955P|||||||||10
153956|mueller||||||||2024-10-28|Theo Klein 9330 Elektronische Registrierkasse|KLEIN||1|Stk.|Home|Spielwaren|Küchen & Kaufläden|Kaufläden & Zubehör|Theo Klein 9330 Elektronische Registrierkasse|||44,99 €|44,99 €|44,99 €|24,99 €||||44%|Sie sparen 44%|||||||EUR|Home> Spielwaren> Küchen & Kaufläden> Kaufläden & Zubehör> Theo Klein 9330 Elektronische Registrierkasse|https://www.mueller.at/p/theo-klein-9330-elektronische-registrierkasse-153956/|1 Stk.|"I Spielkasse mit Scanner, Taschenrechner, Sound I Inkl. Spielgeld I Maße: 26,5 cm x 17 cm x 14 cm. Diese Kasse hat es in sich!  Sie kann eingetippte Preise zusammenzählen und sie auch per Scan erfassen. Dafür müssen die kleinen Supermarkt-Kassierer/innen den Scanner achtsam über den Scan-Schein führen. Sobald die Kasse den Preis erfasst hat, kann alles zusammengerechnet werden. Bezahlt wird mit Kreditkarte oder Bargeld. Davon haben die fleißigen Shop-Betreiber/innen einiges in der Kasse, um Restgeld herausgeben zu können. Mehr Spaß macht ihnen natürlich das wohltuende Klingeln, das beim Öffnen der Kasse oder beim Durchziehen der Karte zu hören ist. So oder so – diese Kasse ist perfekt für den heimischen Supermarkt, bereitet den stolzen Ladenbesitzer/innen viel Freude und schult dabei in lustigen Kundengesprächen ihre Kommunikationsfähigkeit, Kreativität und Fantasie.

• Die coole Kasse für den Kaufmannsladen kleiner Kaufleute - sie erfasst per Scan und Eingabe die Preise und nimmt Bargeld ebenso wie Kreditkarten an
• Einfach Zahlbetrag eingeben oder Barcode einscannen - und schon zählt der Taschenrechner alles  zusammen und zeigt den fleißigen Kaufmannsladen-Betreiber/innen an, was ihre Kundschaft ihnen schuldig ist
• Und wie die Kasse klingelt! Ein Soundmodul erklingt als Signal beim Öffnen der Kasse und eines beim Durchziehen der Kreditkarte
• Diese Kasse lädt zu lustigen Rollenspielen ein, die Fantasie und Kommunikationsfähigkeit fördern
• Maße: 26,5 cm x 17 cm x 14 cm I Geeignet für Kinder ab drei Jahren I Benötigte Batterien: 2 x R03-AAA - Nicht im Lieferumfang enthalten"||||||||3 Jahre||||||||||||||Non-Organic||||{'target_group': 'Vorschüler', 'Kontaktmöglichkeit': 'Theo Klein GmbH Spielwarenfabrik', 'Artikelnummer des Herstellers': '9330', 'license': 'Theo Klein Kaufladen und Kassen', 'Altersempfehlung ab': '3 Jahre', 'Altersempfehlung bis': '8 Jahre', 'Materialdetails': 'Kunststoff', 'Material': 'Kunststoff', 'Inhalt': '1 Stk.', 'Produkttyp': 'Kassen und Spielgeld'}||||||||Kunststoff||||||5.0|1|153956_1.png|https://static.mueller.de/72126981-PV-0/pdzoom/theo-klein-9330-elektronische-registrierkasse.webp|153956_2.png|https://static.mueller.de/72126981-PB-1/pdzoom/theo-klein-9330-elektronische-registrierkasse.webp|153956_3.png|https://static.mueller.de/72126981-PB-2/pdzoom/theo-klein-9330-elektronische-registrierkasse.webp|153956_4.png|https://static.mueller.de/72126981-PB-3/pdzoom/theo-klein-9330-elektronische-registrierkasse.webp||||||||||||||||9330||||||||||1 Stk.|||False||153956P|||||||||1
2772858|mueller||||||||2024-10-28|Der letzte Traum|||1|Stk.|Home|Multi-Media|Musik|Pop|Der letzte Traum|||8,99 €|8,99 €||||||||||||||EUR|Home> Multi-Media> Musik> Pop> Der letzte Traum|https://www.mueller.at/p/der-letzte-traum-2772858/|1 Stk.|||||||||||||||||||||||Non-Organic||||{'medium': 'CD', 'Künstler': 'Marshall,Tony', 'Inhalt': '1 Stk.', 'Anzahl Medien im Artikel': '1', 'genre': 'Schlager', 'Label': 'Telamo'}||||||||||||||4.0|1|2772858_1.png|https://static.mueller.de/pdzoom/phononet_4053804316538_pv_4053804316538-0600px-001.webp|2772858_2.png|https://static.mueller.de/pdzoom/phononet_4053804316538_pr_4053804316538-0600px-002.webp|2772858_3.png|https://static.mueller.de/7024621156-PR-1/pdzoom/der-letzte-traum.webp||||||||||||||||||||||||||||1 Stk.|||True||2772858P|||||||||3
2708285|mueller||||||||2024-10-28|Slasher Collection (3 Filme auf 3 DVDs)|||1|Stk.|Home|Multi-Media|Filme & TV|Horror|Slasher Collection  (3 Filme auf 3 DVDs)|||9,99 €|9,99 €||||||||||||||EUR|Home> Multi-Media> Filme & TV> Horror> Slasher Collection  (3 Filme auf 3 DVDs)|https://www.mueller.at/p/slasher-collection-3-filme-auf-3-dvds-2708285/|1 Stk.|"Bastard
Fünf Fremde werden in eine Serie bizarrer Morde eines maskierten Killers in der Nähe einer einsamen Pension verwickelt. Lange ist unklar, wer in diesem grausamen Spiel Opfer und wer Täter ist. Sicher ist nur: Es wird blutig.

Bloody Summer
Eine Gruppe von Freunden reist nach Mallorca, um einen entspannten Sommerurlaub zu verbringen. Unglücklicherweise führt sie ihre Suche nach Sonne, Strand und Spaß in die verlassenste, menschenfeindlichste Gegend der Insel. Der Beginn eines blutigen Albtraums …

L.A. Slasher
Ein in Hollywood mordender Schlitzer entführt in aller Öffentlichkeit eine Reihe von Reality-TVSternchen, was die Medien zu selbstkritischen Fragen herausfordert: Kommen wir ohne diese C-Promis nicht besser zurecht?"||||||||||||||||||||||Non-Organic||||"{'medium': 'DVD', 'manufacturer': 'Lighthouse Home Entertainment', 'Bildformat': '16:9', 'Inhalt': '1 Stk.', 'Laufzeit in min (gesamt)': '256', 'Produktionsland': 'USA,Spanien,Großbritannien', 'Regisseur': 'Martin Owen,Carles Jofre,Patrick Robert Young,Powell Robinson', 'Schauspieler': 'Dave Bautista,Eric Roberts,Danny Trejo', 'Special Edition': 'Nein', 'Tonformat-Sprache': 'Deutsch,Englisch', 'Hauptgenre': 'Horror|Mystery|Thriller & Krimi'}"||||||||||||||0|0|2708285_1.png|https://static.mueller.de/6888482282-PV-0/pdzoom/slasher-collection-3-filme-auf-3-dvds.webp||||||||||||||||||||||Lighthouse Home Entertainment||||||||||1 Stk.|||True||2708285P|||||||||3
2708288|mueller||||||||2024-10-28|WILKINSON SWORD Hydro 3 Rasierapparat|WILKINSON||1|Stk.|Home|Drogerie|Pflege|Herrenpflege & Rasur|Rasur|Rasierapparate|WILKINSON SWORD Hydro 3 Rasierapparat|6,95 €|6,95 €||||||||||||||EUR|Home> Drogerie> Pflege> Herrenpflege & Rasur> Rasur> Rasierapparate> WILKINSON SWORD Hydro 3 Rasierapparat|https://www.mueller.at/p/wilkinson-sword-hydro-3-rasierapparat-2708288/|1 Stk.|Erlebe eine meisterhaft gründliche Rasur mit dem Hydro 3 Rasierer von Wilkinson Sword. Mit den feinsten karbon-beschichteten Präzisionsklingen von Wilkinson Sword sind die Hydro Rasierklingen unsere schärfsten Klingen - für eine unglaublich glatte und gründliche Rasur. Die Hydro 3 Klingen wurden speziell entwickelt, um die Haut vor Irritationen zu schützen. Das einzigartige feuchtigkeitsspendende Gel ist für empfindliche Haut geeignet und mit Vitamin E angereichert. Integrierte Hautschutzbügel bieten zusätzlichen Schutz vor Schnittverletzungen und Irritationen. Der schmale Klingenkopf ermöglicht präzises Styling von Konturen und die Pflege an schwer zugänglichen Stellen. Dermatologisch getestet und für empfindliche Haut geeignet. Entdecke mit Hydro 3 eine neue Dimension von gründlicher Rasur nur von Wilkinson Sword: The Blade Masters since 1772. FEUCHTIGKEITS SPENDENDES GEL* - Das wasseraktivierte Gel ist mit Vitamin E angereichert und dermatologisch getestet, dadurch reduziert es Irritationen und spendet ab der ersten Rasur für Feuchtigkeit. * Spendet bis zuStunden Feuchtigkeit.KOMPAKTER KLINGENKOPF - Entwickelt für präzises Styling von Gesichtshaaren oder schwer zugänglichen Stellen.HAUTSCHUTZBÜGEL - Entwickelt für zusätzlichen Hautschutz werden die Kontaktpunkte verdoppelt, um die Haut zu glätten und die Gleitfähigkeit beim Rasieren zu verbessern.VERPACKUNG - Unsere Verpackung besteht zu mehr als 90% aus recyceltem Papier (Mischung aus PCR & PIR). Die Verpackung ist recycelbar, bitte beachte die lokalen Anweisungen.3 KARBON-BESCHICHTETE KLINGEN - Unsere Präzisionsklingen sind mit einer speziellen Karbon-beschichtung versehen, die den idealen Schärfegrad für eine gründliche Rasur aufweisen.||Produkt sauber und trocken lagern.||||||||||||||||||||Non-Organic||||{'scope_of_delivery': '1 Stück', 'Lagerhinweis': 'Produkt sauber und trocken lagern.', 'target_group': 'Herren', 'manufacturer': 'Wilkinson Sword GmbH', 'Herstelleradresse': 'Schützenstraße 110 , 42659 Solingen', 'Kontaktmöglichkeit': 'info@wilkinson.de', 'dermatologically_tested': 'Ja', 'Anwendungshinweis': 'Tipp 1: Warmes Wasser macht dickes und widerspenstiges Haar weicher, so dass mehr Haare sichtbar werden. Wasche dein Gesicht vor der Rasur zwei bis drei Minuten gründlich, um ein optimales Rasurergebnis zu erzielen. Tipp 2: Für eine besonders gründliche Rasur solltest du Rasiergel oder Rasierseife verwenden. Das sorgt dafür, dass die Klingen deines Rasierers leicht über die Haut gleiten und schützt vor Rasurirritationen. Rasiere ohne Druck. Tipp 3: Kaltes Wasser nach der Rasur entfernt nicht nur Haarreste und überschüssiges Rasiergel, sondern schließt auch die Poren deiner Haut für ein glattes Ergebnis. Tipp 4: Wechsle die Klingen deines Wilkinson Sword Rasierers regelmäßig (abhängig von deiner Rasierroutine). Wenn du feststellst, dass die Klinge nicht mehr leicht über die Haut gleitet, ist es Zeit für einen Wechsel. Stumpfe Klingen können nicht so gründlich rasieren und neigen dazu Hautirritationen zu verursachen, wenn mehr Druck auf die Haut ausgeübt wird.', 'package_contents': 'PEG-115M, POLYQUATERNIUM-10, AQUA, SODIUM ACETATE, SODIUM CHLORIDE, ZINC STEARATE, ISOPROPYLALCOHOL, CYCLODEXTRIN, ALOE BARBADENSIS LEAF JUICE, CALENDULA OFFICINALIS FLOWER, CAMELLIA SINENSIS LEAF, CERAMIDE NG, HYDROGENATED JOJOBA OIL, MALTODEXTRIN, PANTHENOL, SODIUM HYALURONATE, TOCOPHEROL', 'Inhalt': '1 Stk.', 'scope_of_application': 'Rasur', 'Produkttyp': 'Rasierapparate'}||||||||||||||5.0|4|2708288_1.png|https://static.mueller.de/markant_04027800373307_pv_4812999/pdzoom/wilkinson-sword-hydro-3-rasierapparat.webp|2708288_2.png|https://static.mueller.de/markant_04027800373307_pr_4813001/pdzoom/wilkinson-sword-hydro-3-rasierapparat.webp|2708288_3.png|https://static.mueller.de/markant_04027800373307_pd_4813000/pdzoom/wilkinson-sword-hydro-3-rasierapparat.webp||||||||||||||||||Wilkinson Sword GmbH||||||||||1 Stk.|PEG-115M, POLYQUATERNIUM-10, AQUA, SODIUM ACETATE, SODIUM CHLORIDE, ZINC STEARATE, ISOPROPYLALCOHOL, CYCLODEXTRIN, ALOE BARBADENSIS LEAF JUICE, CALENDULA OFFICINALIS FLOWER, CAMELLIA SINENSIS LEAF, CERAMIDE NG, HYDROGENATED JOJOBA OIL, MALTODEXTRIN, PANTHENOL, SODIUM HYALURONATE, TOCOPHEROL||True||2708288P||||Außerhalb der Reichweite von Kindern aufbewahren. Die Klingen nicht berühren oder abwischen, da dies die Leistung beeinträchtigen oder zu Verletzungen führen kann.|||||10
799486|mueller||||||||2024-10-28|Dr.Oetker Muffinform Back-Idee Kreativ 12er|DR.OETKER||1|Stk.|Home|Haushalt|Kochen & Backen|Auflauf- & Backformen|Dr.Oetker Muffinform Back-Idee Kreativ 12er|||26,99 €|26,99 €||||||||||||||EUR|Home> Haushalt> Kochen & Backen> Auflauf- & Backformen> Dr.Oetker Muffinform Back-Idee Kreativ 12er|https://www.mueller.at/p/dr-oetker-muffinform-back-idee-kreativ-12er-IPN799486/|1 Stk.|Die Dr. Oetker Muffinform mit 2-farbiger Antihaft-Beschichtung ist ideal geeignet zum Backen von 12 süßen oder herzhaften Muffins. Sie hat eine ausgezeichnete Wärmeleitung und hervorragende Antihaft-Eigenschaften. Die Muffinform ist Made in Germany, hitzebeständig bis +230°C und lässt sich leicht per Hand reinigen.||||||||||||||||||||||Non-Organic||||{'Fassungsvermögen': '1.08 l', 'Pflegehinweis': 'Reinigung per Hand empfohlen', 'manufacturer': 'Zenker Backformen GmbH & Co. KG', 'Herstelleradresse': 'Fritz-Mayer-Straße 7, 86661 Aichach', 'Kontaktmöglichkeit': 'service@oetker-kitchentools.de', 'Höhe': '3 cm', 'Breite': '26.5 cm', 'Tiefe': '38.5 cm', 'Durchmesser': '5 cm', 'Inhalt': '1 Stk.'}||||||||||||||0|0|799486_1.png|https://static.mueller.de/pdzoom/4044935012291_PV.webp||||||||||||||||Reinigung per Hand empfohlen||||||Zenker Backformen GmbH & Co. KG||||||||||1 Stk.|||True||799486P|||||||||2
153947|mueller||||||||2024-10-28|"Theo Klein 8127 Bosch Handwerkerhelm | Der Spielzeughelm im Handwerker-Look"|KLEIN||1|Stk.|Home|Spielwaren|Baby & Kleinkind|Kleinkindspielzeug|"Theo Klein 8127 Bosch Handwerkerhelm | Der Spielzeughelm im Handwerker-Look"|||9,99 €|9,99 €||||||||||||||EUR|"Home> Spielwaren> Baby & Kleinkind> Kleinkindspielzeug> Theo Klein 8127 Bosch Handwerkerhelm | Der Spielzeughelm im Handwerker-Look"|https://www.mueller.at/p/theo-klein-8127-bosch-handwerkerhelm-der-spielzeughelm-im-handwerker-look-153947/|1 Stk.|"Maße: 25,8 cm x 19,5 cm x 11 cm Spielzeug für Kinder ab 3 Jahren. Für fleißige Handwerkerinnen und Handwerker nur das Beste: Der Bosch-Helm sieht aus wie ein echter Schutzhelm und gibt den Kleinen das Gefühl, ebenso wie die Großen alles sicher und professionell anzupacken. Dabei gilt es aber zu beachten, dass der Bosch Helm von Theo Klein ein Spielzeug ist und keine Schutzfunktion bietet. Er hilft den Kleinen dabei, noch besser in die geliebten Rollenspiele einzutauchen. Zusammen mit dem Werkzeug, das Theo Klein in vielen unterschiedlichen Ausführungen  im Bosch Design anbietet – von der Kettensäge, über den Presslufthammer bis zum Schraubendreher und Hammer – fühlen sich die Kleinen ganz groß. Der Helm kann die Kleinen dabei über viele Jahre begleiten – er ist aus hochwertigem Kunststoff und größenverstellbar.

• Mit dem Helm im Bosch-Design sehen kleine Handwerker/innen wie große aus
• Der Helm ist größenverstellbar und passt sich Kinderköpfen ebenso wie deren Wachstum einfach an
• Der Spielzeug-Helm ist aus hochwertigem Kunststoff
• Kinder lieben Rollenspiele und der Helm hilft ihnen, sich wie Profis auf der Baustelle zu fühlen - der Helm beschert ihnen dabei viel Spaß, erfüllt als Spielzeug aber natürlich keine Schutzfunktion
• Maße: 25,8 cm x 19,5 cm x 11 cm I Geeignet für Kinder ab drei Jahren"||||||||3 Jahre||||||||||||||Non-Organic||||{'target_group': 'Kleinkinder', 'Kontaktmöglichkeit': 'Theo Klein GmbH Spielwarenfabrik', 'Artikelnummer des Herstellers': '8127', 'license': 'Theo Klein Bosch Werkzeuge', 'Altersempfehlung ab': '3 Jahre', 'Altersempfehlung bis': '8 Jahre', 'Materialdetails': 'Kunststoff', 'Inhalt': '1 Stk.', 'Produkttyp': 'Kindergarten'}||||||||Kunststoff||||||0|0|153947_1.png|https://static.mueller.de/112600988-PV-0/pdzoom/theo-klein-8127-bosch-handwerkerhelm-der-spielzeughelm-im-handwerker-look.webp|153947_2.png|https://static.mueller.de/112600988-PB-1/pdzoom/theo-klein-8127-bosch-handwerkerhelm-der-spielzeughelm-im-handwerker-look.webp||||||||||||||||||||8127||||||||||1 Stk.|||True||153947P|||||||||10
153948|mueller||||||||2024-10-28|Theo Klein 8410 Bosch Bohrmaschine I Rotierender Bohrer I Coole Licht- und Soundeffekte I Maße: 24,5 cm x 15 cm x 4 cm|KLEIN||1|Stk.|Home|Spielwaren|Baby & Kleinkind|Kleinkindspielzeug|Theo Klein 8410 Bosch Bohrmaschine I Rotierender Bohrer I Coole Licht- und Soundeffekte I Maße: 24,5 cm x 15 cm x 4 cm|||21,99 €|21,99 €|21,99 €|18,99 €||||14%|Sie sparen 14%|||||||EUR|Home> Spielwaren> Baby & Kleinkind> Kleinkindspielzeug> Theo Klein 8410 Bosch Bohrmaschine I Rotierender Bohrer I Coole Licht- und Soundeffekte I Maße: 24,5 cm x 15 cm x 4 cm|https://www.mueller.at/p/theo-klein-8410-bosch-bohrmaschine-i-rotierender-bohrer-i-coole-licht-und-soundeffekte-i-masse-24-5-cm-x-15-cm-x-4-cm-153948/|1 Stk.|"Die batteriebetriebene Bosch Bohrmaschine hat es in sich! Sie sieht ihrer großen Schwester zum Verwechseln ähnlich und ist mit einem Soundmodul ausgestattet, damit sie sich auch so anhört. So erklingt beim Eindrücken des Bohrers ein Bohrgeräusch, das von einem Funkenschlag begleitet wird. Der ist zwar beeindruckend cool, aber als Lichteffekt vollkommen ungefährlich. Insgesamt ist die Bohrmaschine eine originalgetreue Nachbildung der berühmten Bosch-Maschine - der es kindgerecht und kindersicher gelingt, den Kleinen das Gefühl zu geben, ein echtes Werkzeug in den Händen zu halten. Mit dem können sie (gefühlt) die dicksten Bretter bohren, nach Herzenslust werkeln und nebenbei ihre Motorik, Auge-Hand-Koordination und Fantasie schulen.

• Einmal wie Mama oder Papa in der Werkstatt schrauben - das macht mit diesem Werkzeug für Kinder richtig Spaß und allen viel Freude
• Einfach Bohrer ansetzen, aufs Brett drücken und schon geht's los, mit coolen Bohrgeräuschen und beeindruckenden Lichteffekten
• Die Kindermaschine ist im Bosch-Design gebaut, sieht echten Werkzeugen täuschend ähnlich und ist optimal an Kinderhände und Spiele angepasst
• Kleine Jungen wie Mädchen eifern im Rollenspiel mit Werkzeugen den Großen nach und schulen dabei ihre Motorik, Kreativität und Fantasie
• Maße: 24,5 cm x 15 cm x 4 cm I Geeignet für Kinder ab drei Jahren I Benötigte Batterien: 2 x R6-AA - Nicht im Lieferumfang enthalten"||||||||3 Jahre||||||||||||||Non-Organic||||{'target_group': 'Kleinkinder', 'Kontaktmöglichkeit': 'Theo Klein GmbH Spielwarenfabrik', 'Artikelnummer des Herstellers': '8410', 'license': 'Theo Klein Bosch Werkzeuge', 'Altersempfehlung ab': '3 Jahre', 'Altersempfehlung bis': '12 Jahre', 'Materialdetails': 'Kunststoff (Hauptsächlich)', 'Inhalt': '1 Stk.', 'Produkttyp': 'Kindergarten'}||||||||Kunststoff (Hauptsächlich)||||||1.0|1|153948_1.png|https://static.mueller.de/112600987-PV-0/pdzoom/theo-klein-8410-bosch-bohrmaschine-i-rotierender-bohrer-i-coole-licht-und-soundeffekte-i-masse-24-5-cm-x-15-cm-x-4-cm.webp|153948_2.png|https://static.mueller.de/112600987-PB-1/pdzoom/theo-klein-8410-bosch-bohrmaschine-i-rotierender-bohrer-i-coole-licht-und-soundeffekte-i-masse-24-5-cm-x-15-cm-x-4-cm.webp||||||||||||||||||||8410||||||||||1 Stk.|||False||153948P|||||||||1
2708296|mueller||||||||2024-10-28|Alien Predator Invasion (6 Filme auf 2 DVDs)|||1|Stk.|Home|Multi-Media|Filme & TV|Science Fiction & Fantasy|Alien Predator Invasion (6 Filme auf 2 DVDs)|||9,99 €|9,99 €||||||||||||||EUR|Home> Multi-Media> Filme & TV> Science Fiction & Fantasy> Alien Predator Invasion (6 Filme auf 2 DVDs)|https://www.mueller.at/p/alien-predator-invasion-6-filme-auf-2-dvds-2708296/|1 Stk.|"Film 1: Alien Predator War 1 (2013)
Film 2: Alien Predator War 2 (2012)
Film 3: Alien Predator War 3 (2007)  
Film 4: Alien Siege - Schlachtfeld Erde (2018)
Film 5: Battle of Los Angeles (2011)
Film 6: Independents - War of the Worlds (2016)   

Pressestimmen:
Alien Predator War 1
- “Ein Sci-Fi Abenteuer mit unverwechselbaren „Predator –Anleihen“, aber guten Tricks und sehr viel Charme.“ - (Scifi-Nerds.com)

Alien Siege - Schlachtfeld Erde
- „Rasanter Sci-fi-Actioner à la Asylum.“ - (Actionerd.com)

Independents - War of the Worlds
- „Hier kündigt sich wieder ein Mockbuster-Kracher von ASYLUM an...., mit viel Bier und ein paar guten Freunden bestimmt ein Riesenspaß.“ - (filmandtvpro.com)"||||||||||||||||||||||Non-Organic||||{'medium': 'DVD', 'manufacturer': 'Lighthouse Home Entertainment', 'Bildformat': '16:9', 'Inhalt': '1 Stk.', 'Laufzeit in min (gesamt)': '504', 'Produktionsland': 'USA', 'Special Edition': 'Nein', 'Tonformat-Sprache': 'Deutsch', 'packaging_type': 'Softbox', 'Hauptgenre': 'Science Fiction'}||||||||||||||0|0|2708296_1.png|https://static.mueller.de/videojakob_4250128437677_pv_604964/pdzoom/alien-predator-invasion-6-filme-auf-2-dvds.webp|2708296_2.png|https://static.mueller.de/pdzoom/videojakob_4250128437677_pr_604964-back.webp||||||||||||||||||||Lighthouse Home Entertainment||||||||||1 Stk.|||True||2708296P|||||||||5
114341|mueller||||||||2024-10-28|Haribo Mischung mit Lakritz Colo-Rado Mini|HARIBO||160|g|Home|Drogerie|Lebensmittel|Süßigkeiten|Fruchtgummi|Haribo Mischung mit Lakritz Colo-Rado Mini||1,49 €|1,49 €|||||||||||9,31 € / 1 kg|||EUR|Home> Drogerie> Lebensmittel> Süßigkeiten> Fruchtgummi> Haribo Mischung mit Lakritz Colo-Rado Mini|https://www.mueller.at/p/haribo-mischung-mit-lakritz-colo-rado-mini-114341/|160 g|Haribo Süsswaren-Mischung mit Lakritz, teilweise mit Cola-Geschmack Mini Color-Rado||Vor Wärme und Feuchtigkeit schützen.|||||||||{'Nährwerte je': '100  g', 'Brennwert': '1539 kj / 363 kcal', 'Fett in g': '2.3 g', '- davon gesättigte Fettsäuren in g': '1.3 g', 'Kohlenhydrate in g': '80.0 g', '- davon Zucker in g': '57.0 g', 'Eiweiß in g': '4.6 g', 'Salz in g': '0.15 g'}|||||||||||Non-Organic||||{'Lagerhinweis': 'Vor Wärme und Feuchtigkeit schützen.', 'manufacturer': 'Haribo GmbH & Co. KG', 'Herstelleradresse': 'D- 53105 Bonn', 'Kontaktmöglichkeit': 'info@haribo.com', 'Inhalt': '160 g', 'Zutaten': 'Glukosesirup; Zucker; Dextrose; brauner Zuckersirup; Gelatine; MILCHZUCKER; WEIZENMEHL; Palmfett; Stärke; Säuerungsmittel: Citronensäure; Magermilchpulver; Fruchtsaft aus Fruchtsaftkonzentrat: Apfel, Himbeere, Orange, Zitrone; Süßholzextrakt (3 % bezogen auf den Lakritzanteil); Kokosraspeln; fettarmes Kakaopulver; Aroma; Frucht- und Pflanzenkonzentrate: Saflor, Rote Beete, Karotte, Spirulina, Apfel, Holunderbeere, Orange, Schwarze Johannisbeere, Zitrone, Kürbis, Kiwi, Mango, Hibiskus, Passionsfrucht, Aronia, Traube; Karamellsirup; Sonnenblumenöl; Kochsalz; Holunderbeerextrakt; Überzugsmittel: Bienenwachs weiß und gelb.', 'Produkttyp': 'Frucht- & Weingummi'}||||||||||||||0|0|114341_1.png|https://static.mueller.de/markant_04001686120279_pv_3719464/pdzoom/haribo-mischung-mit-lakritz-colo-rado-mini.webp||||||||||||||||||||||Haribo GmbH & Co. KG||||||||||160 g|||True||114341P|||||||||5
2772830|mueller||||||||2024-10-28|A Momentary Lapse Of Reason (2019 Remix) Softpak|||1|Stk.|Home|Multi-Media|Musik|Rock|A Momentary Lapse Of Reason (2019 Remix) Softpak|||9,99 €|9,99 €||||||||||||||EUR|Home> Multi-Media> Musik> Rock> A Momentary Lapse Of Reason (2019 Remix) Softpak|https://www.mueller.at/p/a-momentary-lapse-of-reason-2019-remix-softpak-2772830/|1 Stk.|||||||||||||||||||||||Non-Organic||||{'medium': 'CD', 'Künstler': 'Pink Floyd', 'Inhalt': '1 Stk.', 'Anzahl Medien im Artikel': '1', 'genre': 'Rock international', 'Label': 'PLG UK'}||||||||||||||0|0|2772830_1.png|https://static.mueller.de/pdzoom/phononet_0190295044091_pv_0190295044091-0600px-001.webp||||||||||||||||||||||||||||||||1 Stk.|||True||2772830P|||||||||5
2904984|mueller||||||||2024-10-28|NUK Stilleinlagen High Performance 30/FS|NUK||30|Stk.|Home|Drogerie|Kind & Mama|Für Mütter|Stillzeit|NUK Stilleinlagen High Performance 30/FS||4,95 €|4,95 €|||||||||||1,65 € / 10 Stk.|||EUR|Home> Drogerie> Kind & Mama> Für Mütter> Stillzeit> NUK Stilleinlagen High Performance 30/FS|https://www.mueller.at/p/nuk-stilleinlagen-high-performance-30-fs-IPN2904984/|30 Stk.|"Stilleinlagen mit Sofort-Saugvlies. Sicherer Schutz für Haut und Kleidung sowie körpergerechte Passform für unbeschwerten Tragekomfort

Starke Saugkraft: +40 % mehr* Saugleistung
Immer trocken, denn ein speziell strukturierte Innenvlies nimmt Flüssigkeit schnell auf und leitet sie weiter ins Innere, wo sie von Mikroperlen zuverlässig gespeichert wird
Seidig weich auf der Haut
Absolut unauffällig dank 3D-Form, die sich rundum an die Brust schmiegt
Dünn und diskret
Atmungsaktive und wasserdichte Außenschicht
Kein Verrutschen im Still-BH: zwei große Klebestreifen sorgen für sicheren Halt
Hygienisch einzeln verpackt im knisterfreien Vlies-Beutel
Verpackung: Faltschachtel auch zum Aufhängen geeignet
"||||||||||||||||||||||Non-Organic||||{'manufacturer': 'MAPA GmbH', 'Herstelleradresse': 'Industriestraße 21-25, 27404 Zeven', 'Kontaktmöglichkeit': 'info@mapa.de', 'Materialdetails': 'Saugvlies', 'package_contents': 'Saugvlies', 'Inhalt': '30 Stk.', 'Produkttyp': 'Stilleinlage'}||||||||Saugvlies||||||5.0|2|2904984_1.png|https://static.mueller.de/pdzoom/4008600384946.webp||||||||||||||||||||||MAPA GmbH||||||||||30 Stk.|Saugvlies||True||2904984P|||||||||10
375389|mueller||||||||2024-10-28|LAMY Kugelschreiber logo M+|LAMY||1|Stk.|Home|Schreibwaren|Schreibgeräte|Kugelschreiber|LAMY Kugelschreiber logo M+|||11,00 €|11,00 €||||||||||||||EUR|Home> Schreibwaren> Schreibgeräte> Kugelschreiber> LAMY Kugelschreiber logo M+|https://www.mueller.at/p/lamy-kugelschreiber-logo-m-5805234111/|1 Stk.|Kunststoff hochglänzend / Metallbeschläge: verchromt / mit Großraummine LAMY M 16 B blau||||||||||||||||||||||Non-Organic||||{'Strichstärke': 'B', 'manufacturer': 'C. Josef Lamy GmbH', 'Herstelleradresse': 'Grenzhöfer Weg 32, 69123 Heidelberg', 'Kontaktmöglichkeit': 'info@lamy.de', 'Farbe': 'black', 'Inhalt': '1 Stk.', 'Produkttyp': 'Kugelschreiber'}||||||black||||||||0|0|375389_1.png|https://static.mueller.de/5801097893-PV-0/pdzoom/lamy-kugelschreiber-logo-m.webp||||||||||||||||||||||C. Josef Lamy GmbH||||||||||1 Stk.|||False||375389P|||||||||1
824589|mueller||||||||2024-10-28|Mono Quick Bügelmotiv Flicken light blue|MONO QUICK||4|Stk.|Home|Handarbeit|Kurzwaren|Mono Quick Bügelmotiv Flicken light blue||||3,50 €|3,50 €|||||||||||8,75 € / 10 Stk.|||EUR|Home> Handarbeit> Kurzwaren> Mono Quick Bügelmotiv Flicken light blue|https://www.mueller.at/p/mono-quick-buegelmotiv-flicken-light-blue-824589/|4 Stk.|"Flicken: Sparpack ""light blue"", 
Inhalt: 4 Stück. 
Basic 9,5x12 cm"||||||||||||||||||||||Non-Organic||||{'scope_of_delivery': '4 Stück', 'manufacturer': 'Mono-Quick GmbH', 'Herstelleradresse': 'Zechenstr. 10, 63796 Kahl am Main', 'Kontaktmöglichkeit': 'patches@mono-quick.de', 'Materialdetails': '80 % Baumwolle, 20 % Rayon', 'Inhalt': '4 Stk.'}||||||||80 % Baumwolle, 20 % Rayon||||||0|0|824589_1.png|https://static.mueller.de/6146331565-PV-0/pdzoom/mono-quick-buegelmotiv-flicken-light-blue.webp|824589_2.png|https://static.mueller.de/6146331565-PB-1/pdzoom/mono-quick-buegelmotiv-flicken-light-blue.webp||||||||||||||||||||Mono-Quick GmbH||||||||||4 Stk.|||True||824589P|||||||||10
2733260|mueller||||||||2024-10-28|Alnavit Bio Hafer Mehl glutenfrei|ALNAVIT||500|g|Home|Drogerie|Lebensmittel|Nahrung|Mehl & Getreide|Alnavit Bio Hafer Mehl glutenfrei||2,69 €|2,69 €|||||||||||5,38 € / 1 kg|||EUR|Home> Drogerie> Lebensmittel> Nahrung> Mehl & Getreide> Alnavit Bio Hafer Mehl glutenfrei|https://www.mueller.at/p/alnavit-bio-hafer-mehl-glutenfrei-2733260/|500 g|Bio-Qualitätglutenfrei, veganVollkornhafernussiger Geschmack|Papier ist ein wertvoller Rohstoff und lässt sich bis zu sieben Mal recyceln. Der Umwelt zuliebe die Verpackung bitte im Altpapier entsorgen.|Trocken lagern und vor Wärme schützen.,Conserver au sec et à l'abri de la chaleur.||Papier ist ein wertvoller Rohstoff und lässt sich bis zu sieben Mal recyceln. Der Umwelt zuliebe die Verpackung bitte im Altpapier entsorgen.|||||||{'Nährwerte je': '100  g', 'Brennwert': '1567 kj / 372 kcal', 'Fett in g': '6.7 g', '- davon gesättigte Fettsäuren in g': '1.1 g', 'Kohlenhydrate in g': '60.0 g', '- davon Zucker in g': '0.8 g', 'Ballaststoffe in g': '9.7 g', 'Eiweiß in g': '13.0 g', 'Salz in g': '0.01 g'}|||||||||||Organic||||"{'Lagerhinweis': ""Trocken lagern und vor Wärme schützen.,Conserver au sec et à l'abri de la chaleur."", 'manufacturer': 'Alnavit GmbH', 'Herstelleradresse': 'Mahatma-Gandhi-Straße 7, DE-64295 Darmstadt', 'Kontaktmöglichkeit': 'www.alnavit.de', 'Öko-Kontrollstelle': 'DE-ÖKO-007', 'Anwendungshinweis': 'Mehle und Teige sind nicht zum Rohverzehr bestimmt und müssen immer gut durcherhitzt werden.', 'Inhalt': '500 g', 'Bio': 'Ja', 'Eigenschaften': 'Vegan|Glutenfrei', 'Zutaten': 'HAFERVOLLKORNMEHL* glutenfrei *aus biologischer Landwirtschaft\nKann Spuren von Soja, Senf und Lupine enthalten', 'Nutzungshinweis': 'Papier ist ein wertvoller Rohstoff und lässt sich bis zu sieben Mal recyceln. Der Umwelt zuliebe die Verpackung bitte im Altpapier entsorgen.'}"||||||||||||||5.0|2|2733260_1.png|https://static.mueller.de/markant_04260546672123_pv_4118175/pdzoom/alnavit-bio-hafer-mehl-glutenfrei.webp||||||||||||||||||||||Alnavit GmbH||||||||||500 g|||True||2733260P||||Mehle und Teige sind nicht zum Rohverzehr bestimmt und müssen immer gut durcherhitzt werden.|||||10
2747880|mueller||||||||2024-10-28|BODY&SOUL Nagelzange 12cm, rostfrei|BODY&SOUL||1|Stk.|Home|Drogerie|Accessoires|Hand- & Fußpflege|Scheren & Knipser|BODY&SOUL Nagelzange 12cm, rostfrei||11,99 €|11,99 €||||||||||||||EUR|Home> Drogerie> Accessoires> Hand- & Fußpflege> Scheren & Knipser> BODY&SOUL Nagelzange 12cm, rostfrei|https://www.mueller.at/p/body-soul-nagelzange-12cm-rostfrei-2747880/|1 Stk.|Die Nagelzange schneidet auch dicke oder besonders harte Nägel glatt und präzise.||||||||||||||||||||||Non-Organic||||{'manufacturer': 'InCase Handelsgesellschaft mbH', 'Herstelleradresse': 'Nordsternstraße 25, D-45329 Essen', 'Material': 'rostfreier Edelstahl', 'Inhalt': '1 Stk.', 'Produkttyp': 'Zangen & Knipser'}||||||||||||||0|0|2747880_1.png|https://static.mueller.de/6957620856-PV-0/pdzoom/body-soul-nagelzange-12cm-rostfrei.webp|2747880_2.png|https://static.mueller.de/6957620856-PB-1/pdzoom/body-soul-nagelzange-12cm-rostfrei.webp||||||||||||||||||||InCase Handelsgesellschaft mbH||||||||||1 Stk.|||False||2747880P|||||||||1
403046|mueller||||||||2024-10-28|WMF Kuchengabel Palermo|WMF||1|Stk.|Home|Haushalt|Essen & Trinken|Besteck|Einzelbesteck|WMF Kuchengabel Palermo||5,49 €|5,49 €||||||||||||||EUR|Home> Haushalt> Essen & Trinken> Besteck> Einzelbesteck> WMF Kuchengabel Palermo|https://www.mueller.at/p/wmf-kuchengabel-palermo-403046/|1 Stk.|Sie ist die kleine Schwester der Menügabel: die meist dreispitzige Kuchengabel. Häufig mit einem verstärkten und angeschrägten linken Zinken ausgestattet, portioniert sie Kuchen, Torten oder Gebäck. Auch Obst und Dessertspeisen lassen sich mit einer Kuchengabel leicht genießen. Die kleinen Gabeln erhalten Sie als Einzelstück oder als Bestandteil eines Sets.||||||||||||||||||||||Non-Organic||||{'Geeignet für': 'Spuelmaschinen', 'scope_of_delivery': '1x Kuchengabel', 'Pflegehinweis': 'spülmaschinengeeignet', 'manufacturer': 'WMF GmbH', 'Herstelleradresse': 'WMF Platz 1 ,73309 Geislingen', 'Höhe': '15.7 cm', 'Inhalt': '1 Stk.', 'Produktlinie': 'Palermo'}||||||||||||||0|0|403046_1.png|https://static.mueller.de/5539788188-PV-0/pdzoom/wmf-kuchengabel-palermo.webp||||||||||||||||spülmaschinengeeignet||||||WMF GmbH||||||||||1 Stk.|||True||403046P|||||Spuelmaschinen||||10
2772821|mueller||||||||2024-10-28|I Don`t Live Here Anymore Softpak|||1|Stk.|Home|Multi-Media|Musik|Rock|I Don`t Live Here Anymore Softpak|||17,99 €|17,99 €||||||||||||||EUR|Home> Multi-Media> Musik> Rock> I Don`t Live Here Anymore Softpak|https://www.mueller.at/p/i-don-t-live-here-anymore-softpak-2772821/|1 Stk.|||||||||||||||||||||||Non-Organic||||{'medium': 'CD', 'Künstler': 'War On Drugs,The', 'Inhalt': '1 Stk.', 'Anzahl Medien im Artikel': '1', 'genre': 'Rock international', 'Label': 'ATLANTIC'}||||||||||||||0|0|2772821_1.png|https://static.mueller.de/pdzoom/phononet_0075678642050_pv_0075678642050-0600px-001.webp|2772821_2.png|https://static.mueller.de/pdzoom/phononet_0075678642050_pr_0075678642050-0600px-002.webp|2772821_3.png|https://static.mueller.de/7024541732-PR-1/pdzoom/i-don-t-live-here-anymore-softpak.webp||||||||||||||||||||||||||||1 Stk.|||True||2772821P|||||||||5
2904975|mueller||||||||2024-10-28|Glas Teelicht Porto|||1|Stk.|Home|Haushalt|Wohnen & Dekorieren|Windlichter & Kerzen|Glas Teelicht Porto|||1,29 €|1,29 €||||||||||||||EUR|Home> Haushalt> Wohnen & Dekorieren> Windlichter & Kerzen> Glas Teelicht Porto|https://www.mueller.at/p/glas-teelicht-porto-IPN2904975/|1 Stk.|"Glas Teelicht ""Porto"""||||||||||||||||||||||Non-Organic||||{'manufacturer': 'Cor Mulder GmbH', 'Herstelleradresse': 'Reutwiesenstraße 45, DE-71665 Vaihingen an der Enz', 'Kontaktmöglichkeit': 'info@cormulder.de', 'Materialdetails': 'Glas', 'Material': 'Glas', 'Farbe': 'klar', 'Höhe': '6.5 cm', 'Breite': '7 cm', 'Tiefe': '7 cm', 'Inhalt': '1 Stk.'}||||||klar||Glas||||||0|0|2904975_1.png|https://static.mueller.de/pdzoom/4032584873660.webp||||||||||||||||||||||Cor Mulder GmbH||||||||||1 Stk.|||True||2904975P|||||||||10
2772819|mueller||||||||2024-10-28|=|||1|Stk.|Home|Multi-Media|Musik|Pop|=|||21,99 €|21,99 €||||||||||||||EUR|Home> Multi-Media> Musik> Pop> =|https://www.mueller.at/p/--2772819/|1 Stk.|||||||||||||||||||||||Non-Organic||||{'medium': 'LP (analog)', 'Künstler': 'Sheeran,Ed', 'Inhalt': '1 Stk.', 'Anzahl Medien im Artikel': '1', 'genre': 'Pop international', 'Label': 'WMI'}||||||||||||||0|0|2772819_1.png|https://static.mueller.de/pdzoom/phononet_0190296657078_pv_0190296657078-0600px-001.webp|2772819_2.png|https://static.mueller.de/pdzoom/phononet_0190296657078_pr_0190296657078-0600px-002.webp|2772819_3.png|https://static.mueller.de/7026957701-PR-1/pdzoom/-.webp||||||||||||||||||||||||||||1 Stk.|||True||2772819P|||||||||3
2326471|mueller||||||||2024-10-28|Ravensburger Spiel - Take it easy! - Spiel ab 10 Jahren|RAVENSBURGER SPIELE||1|Stk.|Home|Spielwaren|Spiele & Puzzles|Spiele|Gesellschaftsspiele|Ravensburger Spiel - Take it easy! - Spiel ab 10 Jahren||24,99 €|24,99 €|24,99 €|19,99 €||||20%|Sie sparen 20%|||||||EUR|Home> Spielwaren> Spiele & Puzzles> Spiele> Gesellschaftsspiele> Ravensburger Spiel - Take it easy! - Spiel ab 10 Jahren|https://www.mueller.at/p/ravensburger-spiel-take-it-easy-spiel-ab-10-jahren-2326471/|1 Stk.|"Zu Beginn ist es ganz einfach: Die Pläne sind leer und die ersten Kärtchen können noch überall abgelegt werden. Doch nach und nach wird es immer schwieriger, durchgehende Farbreihen von Rand zu Rand zu bilden ...
Legespiel der Extraklasse für 1-6 Spieler: Bei diesem Spiel für Tüftler darf man sich nicht von seinen Mitspielern beirren lassen. Nur wer durchgehende Farbreihen von einer Seite zur anderen legt, kann die höchste Punktzahl kassieren und triumphieren.„Take it easy!“ lautet der Spielname. Wenn jedoch ein falsches Kärtchen eine vollständige Farbreihe kurz vor dem rettenden Ziel zunichtemacht, ist es gut, sich an den Spielnamen zu erinnern. Denn dann gilt es, den Punkteverlust locker wegzustecken und eine neue Reihe zu beginnen: neues Spiel, neue Strategie, neues Glück.
Das Gesellschaftsspiel eignet sich für alle Spieler ab 10 Jahren und ist auch allein eine spannende Aufgabe! Ziel dabei ist, von Durchgang zu Durchgang eine möglichst hohe Punktzahl zu erreichen.Puzzle-Genies aufgepasst: Die höchstmögliche Punktzahl beläuft sich auf 307 Punkte, die mit 16 verschiedenen Lösungen geknackt werden kann. Der Ravensburger Klassiker „Take it easy!“ trainiert die Konzentrationsfähigkeit sowie komplexe Vorgänge und Spielzüge vorauszuplanen.
Genre:    LegespielAnzahl der Spieler:    1 - 6Alter:    10 - 99Spielzeit:    ca. 45 MinutenSchachtelgröße:    23 x 34 x 6 cmInhalt / Ausstattung:    6 x 27 sechseckige Plättchen, 6 Spielpläne"||||||||10 Jahre||||||||||||||Non-Organic||||"{'target_group': 'Erwachsene|Jugendliche', 'Artikelnummer des Herstellers': '267385', 'license': 'Ravensburger Familienspiele', 'Altersempfehlung ab': '10 Jahre', 'publisher': 'Ravensburger Verlag GmbH', 'Inhalt': '1 Stk.', 'Spieleranzahl': '1-6', 'Produkttyp': 'Familienspiele'}"||||||||||||||0|0|2326471_1.png|https://static.mueller.de/6918535605-PV-0/pdzoom/ravensburger-spiel-take-it-easy-spiel-ab-10-jahren.webp|2326471_2.png|https://static.mueller.de/6918535605-PB-1/pdzoom/ravensburger-spiel-take-it-easy-spiel-ab-10-jahren.webp||||||||||||||||||||267385||||||||||1 Stk.|||False||2326471P|||||||||1
2747851|mueller||||||||2024-10-28|sardinha Sardine mit Paprika|SARDINHA||120|g|Home|Drogerie|Lebensmittel|Nahrung|Fertiggerichte & Konserven|Schnelle Küche|sardinha Sardine mit Paprika|3,95 €|3,95 €|||||||||||32,92 € / 1 kg|||EUR|Home> Drogerie> Lebensmittel> Nahrung> Fertiggerichte & Konserven> Schnelle Küche> sardinha Sardine mit Paprika|https://www.mueller.at/p/sardinha-sardine-mit-paprika-2747851/|120 g|Sardine in der Dose, kann so verzehrt werden und braucht keine gesonderte Zubereitung. Dose öffnen und geniessen!|||||Portugal||||||{'Nährwerte je': '100g', 'Brennwert': '1403 kj / 339 kcal', 'Fett in g': '29', '- davon gesättigte Fettsäuren in g': '5.6', 'Kohlenhydrate in g': '<05', '- davon Zucker in g': '<0,5', 'Eiweiß in g': '20', 'Salz in g': '0.8'}|||||||||||Non-Organic||||{'manufacturer': 'Feinkost Käfer GmbH', 'Herstelleradresse': 'Heimstettener Str. 1, 85599 Parsdorf', 'Herkunftsland': 'Portugal', 'Inhalt': '120 g', 'Zutaten': 'Sardine (SardinaPilchardus)– min 70%, Olivenöl – 29%, Paprika – 0,3%, Salt', 'Produkttyp': 'Schnelle Küche'}||||||||||||||0|0|2747851_1.png|https://static.mueller.de/6958437977-PV-0/pdzoom/sardinha-sardine-mit-paprika.webp||||||||||||||||||||||Feinkost Käfer GmbH||||||||||120 g|||False||2747851P|||||||||1
2772810|mueller||||||||2024-10-28|Everything Louder Forever-The Very Best Of|||1|Stk.|Home|Multi-Media|Musik|Heavy Metal|Everything Louder Forever-The Very Best Of|||12,99 €|12,99 €||||||||||||||EUR|Home> Multi-Media> Musik> Heavy Metal> Everything Louder Forever-The Very Best Of|https://www.mueller.at/p/everything-louder-forever-the-very-best-of-2772810/|1 Stk.|||||||||||||||||||||||Non-Organic||||{'medium': 'CD', 'Künstler': 'Motörhead', 'Inhalt': '1 Stk.', 'Anzahl Medien im Artikel': '2', 'genre': 'Metal', 'Label': 'BMG Rights'}||||||||||||||0|0|2772810_1.png|https://static.mueller.de/pdzoom/phononet_4050538685978_pv_4050538685978-0600px-001.webp|2772810_2.png|https://static.mueller.de/pdzoom/phononet_4050538685978_pr_4050538685978-0600px-002.webp|2772810_3.png|https://static.mueller.de/7029838183-PR-1/pdzoom/everything-louder-forever-the-very-best-of.webp||||||||||||||||||||||||||||1 Stk.|||True||2772810P|||||||||5
2772811|mueller||||||||2024-10-28|Everything Louder Forever-The Very Best Of|||1|Stk.|Home|Multi-Media|Musik|Heavy Metal|Everything Louder Forever-The Very Best Of|||26,99 €|26,99 €||||||||||||||EUR|Home> Multi-Media> Musik> Heavy Metal> Everything Louder Forever-The Very Best Of|https://www.mueller.at/p/everything-louder-forever-the-very-best-of-2772811/|1 Stk.|||||||||||||||||||||||Non-Organic||||{'medium': 'LP (analog)', 'Künstler': 'Motörhead', 'Inhalt': '1 Stk.', 'Anzahl Medien im Artikel': '2', 'genre': 'Metal', 'Label': 'BMG Rights'}||||||||||||||0|0|2772811_1.png|https://static.mueller.de/pdzoom/phononet_4050538685893_pv_4050538685893-0600px-001.webp|2772811_2.png|https://static.mueller.de/pdzoom/phononet_4050538685893_pr_4050538685893-0600px-002.webp|2772811_3.png|https://static.mueller.de/7036689174-PR-1/pdzoom/everything-louder-forever-the-very-best-of.webp||||||||||||||||||||||||||||1 Stk.|||True||2772811P|||||||||5
3013671|mueller||||||||2024-10-28|Soapland Christmas Present 3-teilig Geschenkpackung|SOAPLAND||1|Stk.|Home|Drogerie|Pflege|Körperpflege|Duschen|Soapland Christmas Present 3-teilig Geschenkpackung||8,99 €|8,99 €||||||||||||||EUR|Home> Drogerie> Pflege> Körperpflege> Duschen> Soapland Christmas Present 3-teilig Geschenkpackung|https://www.mueller.at/p/soapland-christmas-present-3-teilig-geschenkpackung-IPN3013671/|1 Stk.|"Geschenkset Christmas Present mint, 3-teilig in Papierbox.
Dieses Set enthält:

Soapland Duschgel 70ml
Soapland Bodylotion 70ml
Soapland Handcreme 70ml
"||||||||||||||||||||||Non-Organic||||"{'target_group': 'Damen|Herren|Unisex', 'manufacturer': 'Soapland GmbH & Co. OHG', 'Herstelleradresse': 'Am weißen Haus 1, DE-56626 Andernach', 'Kontaktmöglichkeit': 'info@soapland.de', 'package_contents': 'Handcreme: Aqua, Glycerin, Cetearyl Alcohol, Ethylhexyl Palmitate, Stearic Acid, Ceteareth-25, PEG-100 Stearate, Glyceryl Stearate, Benzyl Alcohol, Phenoxyethanol, Benzoic Acid, Carbomer, Parfum, Sodium Hydroxide  Duschgel: Aqua, Sodium Laureth Sulfate, Sodium Chloride, Cocamide MEA, Cocamidopropyl Betaine, Benzyl Alcohol, Phenoxyethanol, Benzoic Acid, Parfum, Disodium EDTA, Citric Acid, CI 14700, CI 42090  Bodylotion: Aqua, Glycerin, Cetearyl Alcohol, Ethylhexyl Palmitate, Stearic Acid, Ceteareth-25, PEG-100 Stearate, Glyceryl Stearate, Benzyl Alcohol, Phenoxyethanol, Benzoic Acid, Carbomer, Parfum, Sodium Hydroxide', 'skin_type': 'alle Hauttypen', 'product_property': 'reinigend|pflegend', 'Inhalt': '1 Stk.', 'scope_of_application': 'Duschen', 'Produkttyp': 'Duschgel'}"||||||||||||||0|0|3013671_1.png|https://static.mueller.de/pdzoom/4014531626055.webp||||||||||||||||||||||Soapland GmbH & Co. OHG||||||||||1 Stk.|Handcreme: Aqua, Glycerin, Cetearyl Alcohol, Ethylhexyl Palmitate, Stearic Acid, Ceteareth-25, PEG-100 Stearate, Glyceryl Stearate, Benzyl Alcohol, Phenoxyethanol, Benzoic Acid, Carbomer, Parfum, Sodium Hydroxide  Duschgel: Aqua, Sodium Laureth Sulfate, Sodium Chloride, Cocamide MEA, Cocamidopropyl Betaine, Benzyl Alcohol, Phenoxyethanol, Benzoic Acid, Parfum, Disodium EDTA, Citric Acid, CI 14700, CI 42090  Bodylotion: Aqua, Glycerin, Cetearyl Alcohol, Ethylhexyl Palmitate, Stearic Acid, Ceteareth-25, PEG-100 Stearate, Glyceryl Stearate, Benzyl Alcohol, Phenoxyethanol, Benzoic Acid, Carbomer, Parfum, Sodium Hydroxide||True||3013671P|||||||||10
3013672|mueller||||||||2024-10-28|Soapland Christmas World 3-teilig Geschenkpackung|SOAPLAND||1|Stk.|Home|Drogerie|Pflege|Körperpflege|Duschen|Soapland Christmas World 3-teilig Geschenkpackung||6,99 €|6,99 €||||||||||||||EUR|Home> Drogerie> Pflege> Körperpflege> Duschen> Soapland Christmas World 3-teilig Geschenkpackung|https://www.mueller.at/p/soapland-christmas-world-3-teilig-geschenkpackung-IPN3013672/|1 Stk.|"Geschenkset ""Christmas World"" blau 3-teilig.
Dieses Set enthält:

Soapland Duschgel 50ml
Soapland Badesalz 60g
Soapland Schwamm 15g 
"||||||||||||||||||||||Non-Organic||||"{'target_group': 'Damen|Herren|Unisex', 'manufacturer': 'Soapland GmbH & Co. OHG', 'Herstelleradresse': 'Am weißen Haus 1, DE-56626 Andernach', 'Kontaktmöglichkeit': 'info@soapland.de', 'package_contents': 'Duschgel: Aqua, Sodium Laureth Sulfate, Sodium Chloride, Cocamide MEA, Cocamidopropyl Betaine, Benzyl Alcohol, Phenoxyethanol, Benzoic Acid, Parfum, Geraniol, Citronellol, Disodium EDTA, Citric Acid, CI 42090  Badesalz:  Aqua, Sodium Laureth Sulfate, Sodium Chloride, Cocamide MEA, Cocamidopropyl Betaine, Benzyl Alcohol, Phenoxyethanol, Benzoic Acid, Parfum, Geraniol, Citronellol, Disodium EDTA, Citric Acid, CI 42090', 'skin_type': 'alle Hauttypen', 'product_property': 'reinigend', 'Inhalt': '1 Stk.', 'scope_of_application': 'Duschen', 'Produkttyp': 'Duschgel'}"||||||||||||||0|0|3013672_1.png|https://static.mueller.de/pdzoom/4014531626062.webp||||||||||||||||||||||Soapland GmbH & Co. OHG||||||||||1 Stk.|Duschgel: Aqua, Sodium Laureth Sulfate, Sodium Chloride, Cocamide MEA, Cocamidopropyl Betaine, Benzyl Alcohol, Phenoxyethanol, Benzoic Acid, Parfum, Geraniol, Citronellol, Disodium EDTA, Citric Acid, CI 42090  Badesalz:  Aqua, Sodium Laureth Sulfate, Sodium Chloride, Cocamide MEA, Cocamidopropyl Betaine, Benzyl Alcohol, Phenoxyethanol, Benzoic Acid, Parfum, Geraniol, Citronellol, Disodium EDTA, Citric Acid, CI 42090||True||3013672P|||||||||10
3013676|mueller||||||||2024-10-28|Städter Muffinförmchen Eiskristall Mini|STÄDTER||12|Stk.|Home|Haushalt|Kochen & Backen|Auflauf- & Backformen|Städter Muffinförmchen Eiskristall Mini|||2,95 €|2,95 €|2,95 €|1,99 €||||33%|Sie sparen 33%||||1,66 € / 10 Stk.|||EUR|Home> Haushalt> Kochen & Backen> Auflauf- & Backformen> Städter Muffinförmchen Eiskristall Mini|https://www.mueller.at/p/staedter-muffinfoermchen-eiskristall-mini-IPN3013676/|12 Stk.|"Wenn Schnee nicht nur gefrorenes Wasser ist, sondern seine volle Schönheit durch seine Eiskristalle entfacht – jedes Förmchen ein Träumchen! Muffin-Backspaß für Groß und Klein! Hier ist bestimmt für jeden etwas dabei. Wir bieten eine große Auswahl an Motiven, auch für kleine und große Muffins. Aus backfestem Papier, lebensmittelecht. Wir empfehlen, die Förmchen in unserer Muffinform zu verwenden. Nicht über 220 °C verwenden! Viele weitere Dekoideen für ihre kleinen Backwerke finden Sie in der Kategorie ""Backverbände – Muffinbackformen"". In Sichtverpackung zum Aufhängen"||||||||||||||||||||||Non-Organic||||{'manufacturer': 'STÄDTER GmbH', 'Herstelleradresse': 'Am Kreuzweg 1, DE- 35469 Allendorf/Lumda', 'Kontaktmöglichkeit': 'info@staedter.de', 'Materialdetails': 'backfestes Papier', 'Material': 'Papier', 'Höhe': '2 cm', 'Durchmesser': '3 cm', 'Inhalt': '12 Stk.'}||||||||backfestes Papier||||||0|0|3013676_1.png|https://static.mueller.de/pdzoom/4018598335875_1.webp|3013676_2.png|https://static.mueller.de/pdzoom/4018598335875_5.webp|3013676_3.png|https://static.mueller.de/pdzoom/4018598335875_4.webp|3013676_4.png|https://static.mueller.de/pdzoom/4018598335875_3.webp|3013676_5.png|https://static.mueller.de/pdzoom/4018598335875_2.webp||||||||||||||STÄDTER GmbH||||||||||12 Stk.|||False||3013676P|||||||||1
442634|mueller||||||||2024-10-28|KORRES Liquorice & Urtiqua Shampoo|KORRES||250|ml|Home|Parfümerie|Pflege|Haarpflege|Haarwäsche|KORRES Liquorice & Urtiqua Shampoo||14,90 €|14,90 €|||||||||||59,60 € / 1 l|||EUR|Home> Parfümerie> Pflege> Haarpflege> Haarwäsche> KORRES Liquorice & Urtiqua Shampoo|https://www.mueller.at/p/korres-liquorice-urtiqua-shampoo-442634/|250 ml|Das Shampoo für fettiges Haar wirkt tiefenreinigend und volumengebend. Brennnessel- und Süßholzextrakte regulieren die Mikroflora und die Sebumsekretion der Kopfhaut und halten das Haar länger sauber und frisch.||||||||||||||||||||||Non-Organic||||"{'PH-Hautneutral': 'Ja', 'hair_type': 'fettiges Haar', 'Effekt': 'pflegend', 'target_group': 'Damen|Herren|Unisex', 'manufacturer': 'KORRES D-A-CH GmbH', 'Herstelleradresse': 'Max-Planck-Straße 6, DE-85609 Aschheim-Dornach', 'Kontaktmöglichkeit': 'kontakt@korres-dach.de', 'Anwendungshinweis': 'In das feuchte Haar einmassieren und gut ausspülen. Bei Bedarf wiederholen.', 'package_contents': 'Aqua /Water/ Eau,\nSodium Laureth Sulfate, Cocamidopropyl Betaine,\nGlycerin, Cocamidopropyl Hydroxylsultaine, Decyl\nGlucoside, Parfum (Fragrance), Coco-Betaine,\nSodium Lauryl Glucose Carboxylate, Allantoin,\nAmmonium Glycyrrhizate, Benzyl Alcohol, Biotin,\nDicaprylyl Ether, Glyceryl Oleate, Guar\nHydroxypropyltrimonium Chloride, Hydrolyzed\nNettle Leaf Extract, Hydrolyzed Yeast Protein, Lactic\nAcid, Lactitol, Lauryl Glucoside, Levulinic Acid,\nNiacinamide, Origanum Dictamnus Flower/ Leaf/\nStem Extract, Origanum Majorana Leaf Extract,\nPanthenol, Phenoxyethanol, Polyquaternium-10,\nPotassium Sorbate, Pyridoxine HCl, Sideritis Syriaca\nExtract, Sodium Benzoate, Sodium Cocoyl\nIsethionate, Sodium Dehydroacetate, Sodium\nLevulinate, Sodium Methyl Cocoyl Taurate,\nTetrasodium Glutamate Diacetate, Threonine,\nTocopherol, Xylitol.', 'product_property': 'revitalisierend|aufbauend', 'Inhalt': '250 ml', 'Produkttyp': 'Haarshampoo'}"||||||||||||||0|0|442634_1.png|https://static.mueller.de/250571478-PV-0/pdzoom/korres-liquorice-urtiqua-shampoo.webp|442634_2.png|https://static.mueller.de/250571478-PR-1/pdzoom/korres-liquorice-urtiqua-shampoo.webp||||||||||||||||||||KORRES D-A-CH GmbH||||||||||250 ml|"Aqua /Water/ Eau,
Sodium Laureth Sulfate, Cocamidopropyl Betaine,
Glycerin, Cocamidopropyl Hydroxylsultaine, Decyl
Glucoside, Parfum (Fragrance), Coco-Betaine,
Sodium Lauryl Glucose Carboxylate, Allantoin,
Ammonium Glycyrrhizate, Benzyl Alcohol, Biotin,
Dicaprylyl Ether, Glyceryl Oleate, Guar
Hydroxypropyltrimonium Chloride, Hydrolyzed
Nettle Leaf Extract, Hydrolyzed Yeast Protein, Lactic
Acid, Lactitol, Lauryl Glucoside, Levulinic Acid,
Niacinamide, Origanum Dictamnus Flower/ Leaf/
Stem Extract, Origanum Majorana Leaf Extract,
Panthenol, Phenoxyethanol, Polyquaternium-10,
Potassium Sorbate, Pyridoxine HCl, Sideritis Syriaca
Extract, Sodium Benzoate, Sodium Cocoyl
Isethionate, Sodium Dehydroacetate, Sodium
Levulinate, Sodium Methyl Cocoyl Taurate,
Tetrasodium Glutamate Diacetate, Threonine,
Tocopherol, Xylitol."||True||442634P|||||||||10
442638|mueller||||||||2024-10-28|KORRES Rice Proteins & Linden Shampoo|KORRES||250|ml|Home|Parfümerie|Pflege|Haarpflege|Haarwäsche|KORRES Rice Proteins & Linden Shampoo||14,90 €|14,90 €|||||||||||59,60 € / 1 l|||EUR|Home> Parfümerie> Pflege> Haarpflege> Haarwäsche> KORRES Rice Proteins & Linden Shampoo|https://www.mueller.at/p/korres-rice-proteins-linden-shampoo-442638/|250 ml|Das Shampoo für feines, empfindliches Haar wirkt kräftigend und volumengebend. Reisproteine verbessern die Elastizität und Dichte des Haares und verleihen ein natürliches, anhaltendes Volumen. Lindenextrakt bildet einen Schutzfilm auf der Haaroberfläche, steigert den Glanz und verleiht ein perfektes Aussehen.||||||||||||||||||||||Non-Organic||||"{'PH-Hautneutral': 'Ja', 'hair_type': 'feines Haar', 'Effekt': 'pflegend', 'target_group': 'Damen|Herren|Unisex', 'manufacturer': 'KORRES D-A-CH GmbH', 'Herstelleradresse': 'Max-Planck-Straße 6, DE-85609 Aschheim-Dornach', 'Kontaktmöglichkeit': 'kontakt@korres-dach.de', 'Anwendungshinweis': 'In das feuchte Haar einmassieren und gut ausspülen. Bei Bedarf wiederholen.', 'package_contents': 'AQUA/WATER/EAU, SODIUM LAURETH SULFATE, COCO-GLUCOSIDE, COCAMIDOPROPYL BETAINE, GLYCERIN, LAURETH-7 CITRATE, COCO-BETAINE, DECYL GLUCOSIDE, PARFUM/FRAGRANCE, ALANINE, ARGININE, ASPARTIC ACID, BIOTIN, CAPRYLYL GLYCOL, CITRIC ACID, DICAPRYLYL ETHER, GLYCERYL CAPRYLATE, GLYCERYL OLEATE, GLYCINE, GUAR HYDROXYPROPYLTRIMONIUM CHLORIDE, HISTIDINE, HYDROGENATED PALM GLYCERIDES CITRATE, HYDROLYZED RICE PROTEIN, HYDROLYZED WHEAT PROTEIN, HYDROLYZED WHEAT STARCH, ISOLEUCINE, LACTIC ACID, LACTITOL, LEVULINIC ACID, NIACINAMIDE, ORIGANUM DICTAMNUS FLOWER/LEAF/STEM EXTRACT, ORIGANUM MAJORANA LEAF EXTRACT, PANTHENOL, PCA, PENTYLENE GLYCOL, PHENYLALANINE, PHENYLPROPANOL, POLYQUATERNIUM-10, PROLINE, SERINE, SIDERITIS SYRIACA EXTRACT, SODIUM ACETATE, SODIUM CHLORIDE, SODIUM COCOYL ISETHIONATE, SODIUM LACTATE, SODIUM LEVULINATE, SODIUM METHYL COCOYL TAURATE, SODIUM PCA, TETRASODIUM GLUTAMATE DIACETATE, THREONINE, TILIA TOMENTOSA EXTRACT, TOCOPHEROL, VALINE, XYLITOL, BENZOIC ACID, BENZYL ALCOHOL, DEHYDROACETIC ACID, PHENOXYETHANOL, POTASSIUM SORBATE, SODIUM BENZOATE, CITRONELLOL, HEXYL CINNAMAL, LIMONENE.', 'product_property': 'schützend|regenerierend|revitalisierend|aufbauend', 'Inhalt': '250 ml', 'Produkttyp': 'Haarshampoo'}"||||||||||||||0|0|442638_1.png|https://static.mueller.de/250571583-PV-0/pdzoom/korres-rice-proteins-linden-shampoo.webp|442638_2.png|https://static.mueller.de/250571583-PR-1/pdzoom/korres-rice-proteins-linden-shampoo.webp||||||||||||||||||||KORRES D-A-CH GmbH||||||||||250 ml|AQUA/WATER/EAU, SODIUM LAURETH SULFATE, COCO-GLUCOSIDE, COCAMIDOPROPYL BETAINE, GLYCERIN, LAURETH-7 CITRATE, COCO-BETAINE, DECYL GLUCOSIDE, PARFUM/FRAGRANCE, ALANINE, ARGININE, ASPARTIC ACID, BIOTIN, CAPRYLYL GLYCOL, CITRIC ACID, DICAPRYLYL ETHER, GLYCERYL CAPRYLATE, GLYCERYL OLEATE, GLYCINE, GUAR HYDROXYPROPYLTRIMONIUM CHLORIDE, HISTIDINE, HYDROGENATED PALM GLYCERIDES CITRATE, HYDROLYZED RICE PROTEIN, HYDROLYZED WHEAT PROTEIN, HYDROLYZED WHEAT STARCH, ISOLEUCINE, LACTIC ACID, LACTITOL, LEVULINIC ACID, NIACINAMIDE, ORIGANUM DICTAMNUS FLOWER/LEAF/STEM EXTRACT, ORIGANUM MAJORANA LEAF EXTRACT, PANTHENOL, PCA, PENTYLENE GLYCOL, PHENYLALANINE, PHENYLPROPANOL, POLYQUATERNIUM-10, PROLINE, SERINE, SIDERITIS SYRIACA EXTRACT, SODIUM ACETATE, SODIUM CHLORIDE, SODIUM COCOYL ISETHIONATE, SODIUM LACTATE, SODIUM LEVULINATE, SODIUM METHYL COCOYL TAURATE, SODIUM PCA, TETRASODIUM GLUTAMATE DIACETATE, THREONINE, TILIA TOMENTOSA EXTRACT, TOCOPHEROL, VALINE, XYLITOL, BENZOIC ACID, BENZYL ALCOHOL, DEHYDROACETIC ACID, PHENOXYETHANOL, POTASSIUM SORBATE, SODIUM BENZOATE, CITRONELLOL, HEXYL CINNAMAL, LIMONENE.||True||442638P|||||||||10
3013680|mueller||||||||2024-10-28|Städter Muffinförmchen Eiskristall Maxi|STÄDTER||12|Stk.|Home|Haushalt|Kochen & Backen|Auflauf- & Backformen|Städter Muffinförmchen Eiskristall Maxi|||3,25 €|3,25 €|3,25 €|1,99 €||||39%|Sie sparen 39%||||1,66 € / 10 Stk.|||EUR|Home> Haushalt> Kochen & Backen> Auflauf- & Backformen> Städter Muffinförmchen Eiskristall Maxi|https://www.mueller.at/p/staedter-muffinfoermchen-eiskristall-maxi-IPN3013680/|12 Stk.|"Wenn Schnee nicht nur gefrorenes Wasser ist, sondern seine volle Schönheit durch seine Eiskristalle entfacht – jedes Förmchen ein Träumchen! Muffin-Backspaß für Groß und Klein! Hier ist bestimmt für jeden etwas dabei. Wir bieten eine große Auswahl an Motiven, auch für kleine und große Muffins. Aus backfestem Papier, lebensmittelecht. Wir empfehlen, die Förmchen in unserer Muffinform zu verwenden. Nicht über 220 °C verwenden! Viele weitere Dekoideen für ihre kleinen Backwerke finden Sie in der Kategorie ""Backverbände – Muffinbackformen"". In Klarsicht-Box zum Aufhängen"||||||||||||||||||||||Non-Organic||||{'manufacturer': 'STÄDTER GmbH', 'Herstelleradresse': 'Am Kreuzweg 1, DE- 35469 Allendorf/Lumda', 'Kontaktmöglichkeit': 'info@staedter.de', 'Materialdetails': 'backfestes Papier', 'Material': 'Papier', 'Höhe': '3 cm', 'Durchmesser': '5 cm', 'Inhalt': '12 Stk.'}||||||||backfestes Papier||||||0|0|3013680_1.png|https://static.mueller.de/pdzoom/4018598335363_1.webp|3013680_2.png|https://static.mueller.de/pdzoom/4018598335363_5.webp|3013680_3.png|https://static.mueller.de/pdzoom/4018598335363_3.webp|3013680_4.png|https://static.mueller.de/pdzoom/4018598335363_4.webp|3013680_5.png|https://static.mueller.de/pdzoom/4018598335363_2.webp||||||||||||||STÄDTER GmbH||||||||||12 Stk.|||False||3013680P|||||||||1
3013681|mueller||||||||2024-10-28|FILA Unisex Sportsocken Kurzsocken Running 2er Pack|FILA||2|Stk.|Home|Strümpfe|Damen|Socken|FILA Unisex Sportsocken Kurzsocken Running 2er Pack|||6,99 €|6,99 €|||||||||||34,95 € / 10 Stk.|||EUR|Home> Strümpfe> Damen> Socken> FILA Unisex Sportsocken Kurzsocken Running 2er Pack|https://www.mueller.at/p/fila-unisex-sportsocken-kurzsocken-running-2er-pack-IPN3013681/|2 Stk.|Stabilisierende und atmungsaktive Sportsocken - perfekt für Ihr Training.||||||||||||||||||||||Non-Organic||||"{'Pflegehinweis': '30°C Normalwaschgang, Nicht Bleichen, Nicht Bügeln, Nicht Trockenreinigen, Nicht im Wäschetrockner Trocknen', 'target_group': 'Damen|Herren|Unisex', 'manufacturer': 'MAN SOCKS ITALIA S.R.L.', 'Herstelleradresse': 'Via Mazzini, 105, 46043 Castiglione delle Stiviere, Mantova - Italy', 'Materialdetails': '98% Polyester, 2% Elasthan', 'Farbe': 'white/red', 'Inhalt': '2 Stk.', 'Sport geeignet': 'Ja'}"||||||white/red||98% Polyester, 2% Elasthan||||||0|0|3013681_1.png|https://static.mueller.de/pdzoom/8300958749924_PV.webp||||||||||||||||30°C Normalwaschgang, Nicht Bleichen, Nicht Bügeln, Nicht Trockenreinigen, Nicht im Wäschetrockner Trocknen||||||MAN SOCKS ITALIA S.R.L.||||||||||2 Stk.|||True||3013681P|||||||||10
153900|mueller||||||||2024-10-28|Best - Badmintonschläger XT 100|BEST||1|Stk.|Home|Spielwaren|Sport & Outdoor|Bälle & Ballspiele|Best - Badmintonschläger XT 100|||7,99 €|7,99 €||||||||||||||EUR|Home> Spielwaren> Sport & Outdoor> Bälle & Ballspiele> Best - Badmintonschläger XT 100|https://www.mueller.at/p/best-badmintonschlaeger-xt-100-153900/|1 Stk.|gehärteter Stahlschaft - Stahlrahmen 140 gr., b (geflochten) - 400 Lawntex Saite, vertärktes T-Stück||||||||6 Jahre||||||||||||||Non-Organic||||{'target_group': 'Grundschüler', 'Kontaktmöglichkeit': 'BEST Sport & Freizeit GmbH', 'Altersempfehlung ab': '6 Jahre', 'Inhalt': '1 Stk.', 'Produkttyp': 'Federball & Badminton'}||||||||||||||0|0|153900_1.png|https://static.mueller.de/226528026-PB-0/pdzoom/best-badmintonschlaeger-xt-100.webp||||||||||||||||||||||||||||||||1 Stk.|||True||153900P|||||||||10
3013683|mueller||||||||2024-10-28|Foodspring Whey Protein Cookies & Cream|FOODSPRING||330|g|Home|Drogerie|Lebensmittel|Nahrung|Sportlernahrung|Foodspring Whey Protein Cookies & Cream||14,95 €|14,95 €|||||||||||45,30 € / 1 kg|||EUR|Home> Drogerie> Lebensmittel> Nahrung> Sportlernahrung> Foodspring Whey Protein Cookies & Cream|https://www.mueller.at/p/foodspring-whey-protein-cookies-cream-IPN3013683/|330 g|Pulvermischung mit Molkenproteinkonzentrat und -Isolat zur Zubereitung von Proteingetränken für Sportlerinnen und Sportler. Mit Süßungsmitteln. Cookies & Cream-Geschmack.||Vor Wärme sowie direkter Sonneneinstrahlung geschützt und trocken lagern.|||Deutschland|Kann Ei und Soja enthalten.|||||{'Nährwerte je': '100g', 'Brennwert': '1618 kj / 381 kcal', 'Fett in g': '2,4', '- davon gesättigte Fettsäuren in g': '1,5', 'Kohlenhydrate in g': '15', '- davon Zucker in g': '2,7', 'Eiweiß in g': '75', 'Salz in g': '0,78'}|||||||||||Non-Organic||||{'Lagerhinweis': 'Vor Wärme sowie direkter Sonneneinstrahlung geschützt und trocken lagern.', 'manufacturer': 'foodspring GmbH', 'Herstelleradresse': 'Lobeckerstraße 30-35. DE-10969 Berlin', 'Kontaktmöglichkeit': 'service@foodspring.de', 'Herkunftsland': 'Deutschland', 'Allergenhinweis': 'Kann Ei und Soja enthalten.', 'Inhalt': '330 g', 'Zutaten': 'Molkenproteinkonzentrat (Molkenproteinkonzentrat (aus MILCH) (66%), Emulgator (Lecithine)), Molkenproteinisolat (Molkenproteinisolat (aus MILCH) (27%), Emulgator (Lecithine)), Aroma, fettarmes Kakaopulver (1,7%), Verdickungsmittel (Xanthan), Salz, Süßungsmittel (Steviolglycoside aus Stevia, Sucralose), Farbstoff (Beta-Carotin).', 'Produkttyp': 'Pulver & Shakes', 'warning_notice': 'Die angegebene empfohlene tägliche Verzehrsmenge darf nicht überschritten werden. Nahrungsergänzungsmittel sollten nicht als Ersatz für eine ausgewogene und abwechslungsreiche Ernährung dienen. Achten Sie auf eine gesunde Lebensweise. Außerhalb der Reichweite von kleinen Kindern aufbewahren.'}||||||||||||||0|0|3013683_1.png|https://static.mueller.de/pdzoom/4260701927198.webp|3013683_2.png|https://static.mueller.de/pdzoom/4260701927198_1.webp||||||||||||||||||||foodspring GmbH||||||||||330 g|||False||3013683P|||||||||1
153901|mueller||||||||2024-10-28|Huch Verlag - Haste Worte|HUCH VERLAG||1|Stk.|Home|Spielwaren|Spiele & Puzzles|Spiele|Gesellschaftsspiele|Huch Verlag - Haste Worte||18,99 €|18,99 €|18,99 €|15,99 €||||16%|Sie sparen 16%|||||||EUR|Home> Spielwaren> Spiele & Puzzles> Spiele> Gesellschaftsspiele> Huch Verlag - Haste Worte|https://www.mueller.at/p/huch-verlag-haste-worte-153901/|1 Stk.|"Haste WorteJede Runde wird den Spielern eine Aufgabe gestellt, eine Kategorie genannt, zu der sie so viele Wörter wie möglich finden und notieren sollen. Danach tippt jeder, wie viele der Wörter er vorlesen und mit ihnen punkten kann - doch dabei ist wichtig, dass von Mitspielern vorgelesene Wörter nicht noch einmal verwendet werden dürfen. Zudem werden führende Spieler auch hier und da mit einem Handicap belegt.
Wer als erster eine bestimmte Punktzahl erreicht hat, gewinnt dieses kreative und kommunikative Spiel."||||||||10 Jahre||||||||||||||Non-Organic||||"{'Anleitungssprache': 'de', 'target_group': 'Jugendliche|Freunde', 'Kontaktmöglichkeit': 'Hutter Trade GmbH & Co. KG', 'Artikelnummer des Herstellers': '876676', 'license': 'Huch Familie & Kommunikation', 'Altersempfehlung ab': '10 Jahre', 'Altersempfehlung bis': '99 Jahre', 'Spieldauer in Min.': 'ca. 40 Min', 'Inhalt': '1 Stk.', 'Spieleranzahl': '3 bis 8', 'Genre | Spielmotivation': 'Denken|Taktik', 'Produkttyp': 'Familienspiele'}"||||||||||||||0|0|153901_1.png|https://static.mueller.de/62414030-PV-0/pdzoom/huch-verlag-haste-worte.webp|153901_2.png|https://static.mueller.de/62414030-PR-1/pdzoom/huch-verlag-haste-worte.webp|153901_3.png|https://static.mueller.de/62414030-PB-2/pdzoom/huch-verlag-haste-worte.webp|153901_4.png|https://static.mueller.de/62414030-PB-3/pdzoom/huch-verlag-haste-worte.webp||||||||||||||||876676||||||||||1 Stk.|||True||153901P|||||||||10
2708251|mueller||||||||2024-10-28|WILKINSON SWORD Hydro3 Klingenpackung mit 4 Klingen|WILKINSON||4|Stk.|Home|Drogerie|Pflege|Herrenpflege & Rasur|Rasur|Rasierklingen|WILKINSON SWORD Hydro3 Klingenpackung mit 4 Klingen|7,99 €|7,99 €|||||||||||19,98 € / 10 Stk.|||EUR|Home> Drogerie> Pflege> Herrenpflege & Rasur> Rasur> Rasierklingen> WILKINSON SWORD Hydro3 Klingenpackung mit 4 Klingen|https://www.mueller.at/p/wilkinson-sword-hydro3-klingenpackung-mit-4-klingen-2708251/|4 Stk.|Erlebe eine meisterhaft gründliche Rasur mit den Hydro 3 Rasierklingen von Wilkinson Sword. Mit den feinsten karbon-beschichteten Präzisionsklingen von Wilkinson Sword sind die Hydro Rasierklingen unsere schärfsten Klingen - für eine unglaublich glatte und gründliche Rasur. Die Hydro 3 Klingen wurden speziell entwickelt, um die Haut vor Irritationen zu schützen. Das einzigartige feuchtigkeitsspendende Gel ist für empfindliche Haut geeignet und mit Vitamin E angereichert. Integrierte Hautschutzbügel bieten zusätzlichen Schutz vor Schnittverletzungen und Irritationen. Der schmale Klingenkopf ermöglicht präzises Styling von Konturen und die Pflege an schwer zugänglichen Stellen. Dermatologisch getestet und für empfindliche Haut geeignet. Entdecke mit Hydro 3 eine neue Dimension von gründlicher Rasur nur von Wilkinson Sword: The Blade Masters since 1772. FEUCHTIGKEITS SPENDENDES GEL* - Das wasseraktivierte Gel ist mit Vitamin E angereichert und dermatologisch getestet, dadurch reduziert es Irritationen und spendet ab der ersten Rasur für Feuchtigkeit. * Spendet bis zuStunden Feuchtigkeit.KOMPAKTER KLINGENKOPF - Entwickelt für präzises Styling von Gesichtshaaren oder schwer zugänglichen Stellen.HAUTSCHUTZBÜGEL - Entwickelt für zusätzlichen Hautschutz werden die Kontaktpunkte verdoppelt, um die Haut zu glätten und die Gleitfähigkeit beim Rasieren zu verbessern.VERPACKUNG - Unsere Verpackung besteht zu mehr als 90% aus recyceltem Papier (Mischung aus PCR & PIR). Die Verpackung ist recycelbar, bitte beachte die lokalen Anweisungen.3 KARBON-BESCHICHTETE KLINGEN - Unsere Präzisionsklingen sind mit einer speziellen Karbon-beschichtung versehen, die den idealen Schärfegrad für eine gründliche Rasur aufweisen.||Produkt sauber und trocken lagern.||||||||||||||||||||Non-Organic||||{'scope_of_delivery': '4 Stück', 'Lagerhinweis': 'Produkt sauber und trocken lagern.', 'target_group': 'Herren', 'manufacturer': 'Wilkinson Sword GmbH', 'Herstelleradresse': 'Schützenstraße 110, 42659 Solingen', 'Kontaktmöglichkeit': 'info@wilkinson.de', 'dermatologically_tested': 'Ja', 'Anwendungshinweis': 'Tipp 1: Warmes Wasser macht dickes und widerspenstiges Haar weicher, so dass mehr Haare sichtbar werden. Wasche dein Gesicht vor der Rasur zwei bis drei Minuten gründlich, um ein optimales Rasurergebnis zu erzielen. Tipp 2: Für eine besonders gründliche Rasur solltest du Rasiergel oder Rasierseife verwenden. Das sorgt dafür, dass die Klingen deines Rasierers leicht über die Haut gleiten und schützt vor Rasurirritationen. Rasiere ohne Druck. Tipp 3: Kaltes Wasser nach der Rasur entfernt nicht nur Haarreste und überschüssiges Rasiergel, sondern schließt auch die Poren deiner Haut für ein glattes Ergebnis. Tipp 4: Wechsle die Klingen deines Wilkinson Sword Rasierers regelmäßig (abhängig von deiner Rasierroutine). Wenn du feststellst, dass die Klinge nicht mehr leicht über die Haut gleitet, ist es Zeit für einen Wechsel. Stumpfe Klingen können nicht so gründlich rasieren und neigen dazu Hautirritationen zu verursachen, wenn mehr Druck auf die Haut ausgeübt wird.', 'package_contents': 'PEG-115M, POLYQUATERNIUM-10, AQUA, SODIUM ACETATE, SODIUM CHLORIDE, ZINC STEARATE, ISOPROPYLALCOHOL, CYCLODEXTRIN, ALOE BARBADENSIS LEAF JUICE, CALENDULA OFFICINALIS FLOWER, CAMELLIA SINENSIS LEAF, CERAMIDE NG, HYDROGENATED JOJOBA OIL, MALTODEXTRIN, PANTHENOL, SODIUM HYALURONATE, TOCOPHEROL', 'Inhalt': '4 Stk.', 'Produkttyp': 'Rasierklingen'}||||||||||||||4.0|2|2708251_1.png|https://static.mueller.de/markant_04027800373406_pv_4819145/pdzoom/wilkinson-sword-hydro3-klingenpackung-mit-4-klingen.webp|2708251_2.png|https://static.mueller.de/markant_04027800373406_pr_4819147/pdzoom/wilkinson-sword-hydro3-klingenpackung-mit-4-klingen.webp|2708251_3.png|https://static.mueller.de/markant_04027800373406_pd_4819146/pdzoom/wilkinson-sword-hydro3-klingenpackung-mit-4-klingen.webp||||||||||||||||||Wilkinson Sword GmbH||||||||||4 Stk.|PEG-115M, POLYQUATERNIUM-10, AQUA, SODIUM ACETATE, SODIUM CHLORIDE, ZINC STEARATE, ISOPROPYLALCOHOL, CYCLODEXTRIN, ALOE BARBADENSIS LEAF JUICE, CALENDULA OFFICINALIS FLOWER, CAMELLIA SINENSIS LEAF, CERAMIDE NG, HYDROGENATED JOJOBA OIL, MALTODEXTRIN, PANTHENOL, SODIUM HYALURONATE, TOCOPHEROL||True||2708251P||||Außerhalb der Reichweite von Kindern aufbewahren. Die Klingen nicht berühren oder abwischen, da dies die Leistung beeinträchtigen oder zu Verletzungen führen kann.|||||10
3013689|mueller||||||||2024-10-28|Lumineo LED-Strangbeleuchtung|LUMINEO||1|Stk.|Home|Haushalt|Wohnen & Dekorieren|Deko-Zubehör|Lumineo LED-Strangbeleuchtung|||8,99 €|8,99 €||||||||||||||EUR|Home> Haushalt> Wohnen & Dekorieren> Deko-Zubehör> Lumineo LED-Strangbeleuchtung|https://www.mueller.at/p/lumineo-led-strangbeleuchtung-IPN3013689/|1 Stk.|LED-Strangbeleuchtung twinkle warmweiß||||||||||||||||||||||Non-Organic||||{'manufacturer': 'Kaemingk GmbH', 'Herstelleradresse': 'Broekstraat 13, NL-7122 MN Aalten', 'Kontaktmöglichkeit': 'info@ksd-deco.com', 'Materialdetails': 'pvc', 'Material': 'PVC', 'Inhalt': '1 Stk.'}||||||||pvc||||||0|0|3013689_1.png|https://static.mueller.de/pdzoom/8720194801833_PV.webp|3013689_2.png|https://static.mueller.de/pdzoom/8720194801833_2.webp||||||||||||||||||||Kaemingk GmbH||||||||||1 Stk.|||True||3013689P|||||||||10
442620|mueller||||||||2024-10-28|Vivanco 36641 USB Tastatur|||1|Stk.|Home|Multi-Media|Unterhaltungselektronik|PC & Zubehör|PC-Mäuse & Tastaturen|Vivanco 36641 USB Tastatur||9,99 €|9,99 €||||||||||||||EUR|Home> Multi-Media> Unterhaltungselektronik> PC & Zubehör> PC-Mäuse & Tastaturen> Vivanco 36641 USB Tastatur|https://www.mueller.at/p/vivanco-36641-usb-tastatur-442620/|1 Stk.|"USB Keyboard für den täglichen Einsatz am PC oder Notebook. Einfacher Anschluss über die USB-Buchse ohne Treiberinstallation.
- Tastatur mit Ziffernblock und USB Anschluss
- Inkl. PS/2 Adapter
- Höhenverstellbar
- Rutschsicher
- Mit LED Statusanzeige
- Spritzwassergeschützt bis 10ml
- Zuleitung ca.1,5m
- Ohne Treiber sofort betriebsbereit
- Für Windows® 10, 8.1, 7, 2000, Vista, XP
- Für Mac OS X, Linux"||||||||||||||||||||||Non-Organic||||{'Modellnummer': '36641', 'scope_of_delivery': 'Tastatur, PS/2-Adapter', 'Kabellänge': '150 cm', 'Höhe': '3 cm', 'Breite': '46 cm', 'Tiefe': '16 cm', 'Inhalt': '1 Stk.', 'Produkttyp': 'Tastaturen'}|||||||36641|||||||4.5|2|442620_1.png|https://static.mueller.de/5447201172-PV-0/pdzoom/vivanco-36641-usb-tastatur.webp||||||||||||||||||||||||||||||||1 Stk.|||True||442620P|||||||||3
2708256|mueller||||||||2024-10-28|Fast Color - Die Macht in dir|||1|Stk.|Home|Multi-Media|Filme & TV|Science Fiction & Fantasy|Fast Color - Die Macht in dir|||4,99 €|4,99 €||||||||||||||EUR|Home> Multi-Media> Filme & TV> Science Fiction & Fantasy> Fast Color - Die Macht in dir|https://www.mueller.at/p/fast-color-die-macht-in-dir-2708256/|1 Stk.|"Ruth ist besonders. Sie hat Superkräfte, die sie kaum kontrollieren kann. Aus diesem Grund verließ sie einst ihre Familie und lies sogar ihre gerade geborene Tochter zurück. Nun, auf der Flucht vor Menschen, die an ihren Fähigkeiten interessiert sind, zieht es sie zurück in die Heimat und zu ihrer Familie. Doch die Gefahr folgt ihr auf Schritt und Tritt und bedroht bald sogar ihre Nächsten.      

Pressestimmen:
-„Exzellent“ - (The Washington Post)
-„Poetische, metaphorische Qualitäten“ - (Indiewire)"||||||||||||||||||||||Non-Organic||||"{'medium': 'DVD', 'manufacturer': 'Lighthouse Home Entertainment', 'Bildformat': '16:9', 'Inhalt': '1 Stk.', 'Laufzeit in min (gesamt)': '97', 'Produktionsjahr': '2018', 'Produktionsland': 'USA', 'Regisseur': 'Julia Hart', 'Schauspieler': 'Gugu Mbatha-Raw,David Strathairn,Lorraine Toussaint', 'Special Edition': 'Nein', 'Tonformat-Sprache': 'Deutsch,Englisch', 'Hauptgenre': 'Science Fiction|Thriller & Krimi|Mystery'}"||||||||||||||0|0|2708256_1.png|https://static.mueller.de/videojakob_4250128435918_pv_604891/pdzoom/fast-color-die-macht-in-dir.webp|2708256_2.png|https://static.mueller.de/pdzoom/videojakob_4250128435918_pr_604891-back.webp|2708256_3.png|https://static.mueller.de/videojakob_4250128435918_pd_66600843/pdzoom/fast-color-die-macht-in-dir.webp|2708256_4.png|https://static.mueller.de/videojakob_4250128435918_pd_66601311/pdzoom/fast-color-die-macht-in-dir.webp|2708256_5.png|https://static.mueller.de/videojakob_4250128435918_pd_66601749/pdzoom/fast-color-die-macht-in-dir.webp|2708256_6.png|https://static.mueller.de/videojakob_4250128435918_pd_66602202/pdzoom/fast-color-die-macht-in-dir.webp||||||||||||Lighthouse Home Entertainment||||||||||1 Stk.|||True||2708256P|||||||||5
3013690|mueller||||||||2024-10-28|Schipper Malen nach Zahlen - Motiv Gruppe Premium - Wien, Wien nur du allein|SCHIPPER||1|Stk.|Home|Spielwaren|Kreativ & Basteln|Malen & Zeichnen|Schipper Malen nach Zahlen - Motiv Gruppe Premium - Wien, Wien nur du allein|||34,99 €|34,99 €||||||||||||||EUR|Home> Spielwaren> Kreativ & Basteln> Malen & Zeichnen> Schipper Malen nach Zahlen - Motiv Gruppe Premium - Wien, Wien nur du allein|https://www.mueller.at/p/schipper-malen-nach-zahlen-motiv-gruppe-premium-wien-wien-nur-du-allein-IPN3013690/|1 Stk.|"MNZ - Wien, Wien nur du allein
Schipper - Meisterklasse Premium; Malen nach Zahlen - Maltafel 40 x 50 cm mit Leinenstruktur. Malfertig vorgemischte Acrylfarben und Malpinsel mit Kontrollblatt und ausführlicher Anleitung. Sprachen: D/GB/F/I/NL/RUS
Sie war jahrhundertelang kaiserliche Reichshaupt- und Residenzstadt der Habsburger und entwickelte sich in dieser Zeit zu einem kulturellen und politischen Zentrum Europas. Die beliebtesten Sehenswürdigkeiten und Wahrzeichen Wiens sind auf dieser Collage vereint: Der Stephansdom im Zentrum der Stadt, das Riesenrad im Prater und der Wiener Musikverein. Der Fiaker im Vordergrund lädt zu einer romantischen Stadtrundfahrt ein."||||||||14 Jahre||||||||||||||Non-Organic||||"{'target_group': 'Jugendliche|Erwachsene', 'Artikelnummer des Herstellers': '609130508', 'Altersempfehlung ab': '14 Jahre', 'Inhalt': '1 Stk.', 'Produkttyp': 'Malen & Malen nach Zahlen'}"||||||||||||||0|0|3013690_1.png|https://static.mueller.de/pdzoom/4000887915080_1.webp|3013690_2.png|https://static.mueller.de/pdzoom/4000887915080.webp|3013690_3.png|https://static.mueller.de/pdzoom/4000887915080_3.webp|3013690_4.png|https://static.mueller.de/pdzoom/4000887915080_2.webp||||||||||||||||609130508||||||||||1 Stk.|||True||3013690P|||||||||10
3013692|mueller||||||||2024-10-28|Schipper Malen nach Zahlen - Motiv Gruppe Premium - American Diner|SCHIPPER||1|Stk.|Home|Spielwaren|Kreativ & Basteln|Malen & Zeichnen|Schipper Malen nach Zahlen - Motiv Gruppe Premium - American Diner|||34,99 €|34,99 €||||||||||||||EUR|Home> Spielwaren> Kreativ & Basteln> Malen & Zeichnen> Schipper Malen nach Zahlen - Motiv Gruppe Premium - American Diner|https://www.mueller.at/p/schipper-malen-nach-zahlen-motiv-gruppe-premium-american-diner-IPN3013692/|1 Stk.|"MNZ - American Diner
Schipper - Meisterklasse Premium; Malen nach Zahlen - Maltafel 40 x 50 cm mit Leinenstruktur. Malfertig vorgemischte Acrylfarben und Malpinsel mit Kontrollblatt und ausführlicher Anleitung. Sprachen: D/GB/F/I/NL/RUS
Das Fast Food Restaurant Diner und der legendäre Straßenkreuzer im Stil der 50er Jahre gelten auch heute noch als typische Vertreter des „American Way of Life"" und des amerikanischen Traums von Freiheit und Unabhängigkeit. Das Motiv ist ein Stimmungsbild, in dem der „Traumwagen"" und die Lichter und Leuchtreklame des Schnellimbisses vor der sanften Hügellandschaft im Abendrot zu einem Gesamtkunstwerk verschmelzen. Das Hobbymalen schafft über das Bildmotiv eine Hommage an die USA der 50er Jahre des letzten Jahrhunderts."||||||||14 Jahre||||||||||||||Non-Organic||||"{'target_group': 'Jugendliche|Erwachsene', 'Artikelnummer des Herstellers': '609130877', 'Altersempfehlung ab': '14 Jahre', 'Inhalt': '1 Stk.', 'Produkttyp': 'Malen & Malen nach Zahlen'}"||||||||||||||0|0|3013692_1.png|https://static.mueller.de/pdzoom/4000887918777_1.webp|3013692_2.png|https://static.mueller.de/pdzoom/4000887918777_4.webp|3013692_3.png|https://static.mueller.de/pdzoom/4000887918777_5.webp|3013692_4.png|https://static.mueller.de/pdzoom/4000887918777_3.webp|3013692_5.png|https://static.mueller.de/pdzoom/4000887918777_2.webp||||||||||||||609130877||||||||||1 Stk.|||True||3013692P|||||||||10
3013693|mueller||||||||2024-10-28|Schipper Malen nach Zahlen - Motiv Gruppe Premium - Toskanische Idylle|SCHIPPER||1|Stk.|Home|Spielwaren|Kreativ & Basteln|Malen & Zeichnen|Schipper Malen nach Zahlen - Motiv Gruppe Premium - Toskanische Idylle|||34,99 €|34,99 €||||||||||||||EUR|Home> Spielwaren> Kreativ & Basteln> Malen & Zeichnen> Schipper Malen nach Zahlen - Motiv Gruppe Premium - Toskanische Idylle|https://www.mueller.at/p/schipper-malen-nach-zahlen-motiv-gruppe-premium-toskanische-idylle-IPN3013693/|1 Stk.|"MNZ - Toskanische Idylle
Schipper - Meisterklasse Premium; Malen nach Zahlen - Maltafel 40 x 50 cm mit Leinenstruktur. Malfertig vorgemischte Acrylfarben und Malpinsel mit Kontrollblatt und ausführlicher Anleitung. Sprachen: D/GB/F/I/NL/RUS
Die Toskana ist eine italienische Kulturlandschaft, die mit ihren sanften Hügeln, den Zypressen- und Pinienhainen, Weinbergen und kleinen mittelalterlich anmutenden Städten und Dörfern Sehnsüchte und Erinnerungen an vergangene Urlaubsreisen weckt. Das in den Farben des Sommers gehaltene Motiv unterstreicht den besonderen Reiz und die Anmut dieser einzigartigen Region. Ein landschaftliches Gesamtkunstwerk, das für das Hobbymalen gekonnt in Szene gesetzt worden ist."||||||||14 Jahre||||||||||||||Non-Organic||||"{'target_group': 'Jugendliche|Erwachsene', 'Artikelnummer des Herstellers': '609130879', 'Altersempfehlung ab': '14 Jahre', 'Inhalt': '1 Stk.', 'Produkttyp': 'Malen & Malen nach Zahlen'}"||||||||||||||0|0|3013693_1.png|https://static.mueller.de/pdzoom/4000887918791_1.webp|3013693_2.png|https://static.mueller.de/pdzoom/4000887918791.webp|3013693_3.png|https://static.mueller.de/pdzoom/4000887918791_4.webp|3013693_4.png|https://static.mueller.de/pdzoom/4000887918791_3.webp|3013693_5.png|https://static.mueller.de/pdzoom/4000887918791_2.webp||||||||||||||609130879||||||||||1 Stk.|||True||3013693P|||||||||10
3013694|mueller||||||||2024-10-28|Schipper Malen nach Zahlen - Motiv Gruppe Premium - Chamäleon|SCHIPPER||1|Stk.|Home|Spielwaren|Kreativ & Basteln|Malen & Zeichnen|Schipper Malen nach Zahlen - Motiv Gruppe Premium - Chamäleon|||34,99 €|34,99 €||||||||||||||EUR|Home> Spielwaren> Kreativ & Basteln> Malen & Zeichnen> Schipper Malen nach Zahlen - Motiv Gruppe Premium - Chamäleon|https://www.mueller.at/p/schipper-malen-nach-zahlen-motiv-gruppe-premium-chamaeleon-IPN3013694/|1 Stk.|"MNZ - Chamäleon
Schipper - Meisterklasse Premium; Malen nach Zahlen - Maltafel 40 x 50 cm mit Leinenstruktur. Malfertig vorgemischte Acrylfarben und Malpinsel mit Kontrollblatt und ausführlicher Anleitung. Sprachen: D/GB/F/I/NL/RUS
In der Vielfalt der Natur findet man wohl kaum ein Tier, das so sehr fasziniert wie das Chamäleon - ein Lebewesen, das tief in der afrikanischen Mythologie verankert ist. Ihre Farbwechsel, die hauptsächlich zur Kommunikation und Partnerwahl dienen, spiegeln die reiche Diversität und Schönheit der Natur wider. Erlebe, wie du mit jedem Pinselstrich die dynamischen Farben und die einzigartige Textur dieses einzigartigen Reptils auf deiner Leinwand zum Leben erweckst. Das Motiv bietet nicht nur eine kreative Flucht in die bunte Welt der Tiere, sondern feiert auch die wunderbare Anpassungsfähigkeit, die das Chamäleon so besonders macht. Perfekt für Hobbykünstler und Naturbegeisterte gleichermaßen, bringt das „Chamäleon"" eine großartige Farbenpracht an jede Wand. Besonderheiten: Fühl- und sichtbare Leinenstruktur. Sie bewirkt nicht nur eine wesentlich verbesserte Optik des fertigen Gemäldes, sondern unterstreicht auch den malerischen Charakter des Bildes und unterstützt den gewünschten ""Öl-auf-Leinwand-Effekt"". Altersempfehlung: ab 14 Jahren Genre: Tiere Größe: 40x50 cm Artikelnummer: 609130904 Lieferumfang: • 30 Acrylfarben (wasserlöslich, schnelltrocknend und lichtecht) • 1 Malvorlage • 1 Pinsel (Synthetikhaar) • 1 Malanleitung • 1 Kontrollblatt"||||||||14 Jahre||||||||||||||Non-Organic||||"{'target_group': 'Jugendliche|Erwachsene', 'Artikelnummer des Herstellers': '609130904', 'Altersempfehlung ab': '14 Jahre', 'Inhalt': '1 Stk.', 'Produkttyp': 'Malen & Malen nach Zahlen'}"||||||||||||||0|0|3013694_1.png|https://static.mueller.de/pdzoom/4000887919040_1.webp|3013694_2.png|https://static.mueller.de/pdzoom/4000887919040_4.webp|3013694_3.png|https://static.mueller.de/pdzoom/4000887919040_3.webp|3013694_4.png|https://static.mueller.de/pdzoom/4000887919040.webp|3013694_5.png|https://static.mueller.de/pdzoom/4000887919040_2.webp||||||||||||||609130904||||||||||1 Stk.|||True||3013694P|||||||||10
2904941|mueller||||||||2024-10-28|Alles glänzt|||1|Stk.|Home|Multi-Media|Musik|Rock|Alles glänzt|||22,99 €|22,99 €||||||||||||||EUR|Home> Multi-Media> Musik> Rock> Alles glänzt|https://www.mueller.at/p/alles-glaenzt-IPN2904941/|1 Stk.|||||||||||||||||||||||Non-Organic||||{'medium': 'LP (analog)', 'Künstler': 'Feine Sahne Fischfilet', 'Inhalt': '1 Stk.', 'Anzahl Medien im Artikel': '1', 'genre': 'Rock deutschsprachig', 'Label': 'Plattenweg'}||||||||||||||0|0|2904941_1.png|https://static.mueller.de/pdzoom/phononet_4255671700018_pv_4255671700018-0600px-001.webp|2904941_2.png|https://static.mueller.de/pdzoom/phononet_4255671700018_pr_4255671700018-0600px-002.webp||||||||||||||||||||||||||||||1 Stk.|||True||2904941P|||||||||5
3013695|mueller||||||||2024-10-28|Städter Ausstechform Auto|STÄDTER||10|Stk.|Home|Haushalt|Kochen & Backen|Auflauf- & Backformen|Städter Ausstechform Auto|||3,50 €|3,50 €|||||||||||3,50 € / 10 Stk.|||EUR|Home> Haushalt> Kochen & Backen> Auflauf- & Backformen> Städter Ausstechform Auto|https://www.mueller.at/p/staedter-ausstechform-auto-IPN3013695/|10 Stk.|Mit diesen Präge-Ausstechern kommt Freude auf – und das nicht nur bei Kindern. Mit diesen Ausstechformen lassen sich feine Motive ausstechen. Mithilfe des integrierten Auswerfers bringen Sie die Kekse ganz leicht auf das Backblech, ohne dass die feinen Konturen zerstört werden. Die Prägungen sind auch auf dem gebackenen Keks noch sehr gut zu erkennen. Nach dem Backen lassen sich die Plätzchen nach Herzenslust mit Speisefarben-Stiften, Zuckerguss, Schokolade oder Zuckerperlen verzieren. Nicht nur für Keksteig, auch für Fondant, Marzipan und andere Modelliermassen wie Knete oder Wachs bestens geeignet. Wir bieten Ihnen eine Vielzahl an Motiven. Hier ist bestimmt für jeden etwas dabei. Viel Spaß beim Backen und Genießen! Die Ausstechformen sind aus lebensmittelechtem, stabilem Polypropylen gefertigt. Dieser Kunststoff ist sehr robust und für Kinderhände gut geeignet. Wir empfehlen, die Ausstechform unmittelbar nach Gebrauch zu reinigen und unter fließend warmem Wasser abzuspülen. Natürlich lassen sich die Profi-Ausstecher auch in der Spülmaschine reinigen. Mehr Fortbewegungsmöglichkeiten gibt es in großer Auswahl bei den Ganzjahres-Ausstechformen!||||||||||||||||||||||Non-Organic||||"{'Geeignet für': 'Spuelmaschinen', 'manufacturer': 'STÄDTER GmbH', 'Herstelleradresse': 'Am Kreuzweg 1, DE- 35469 Allendorf/Lumda', 'Kontaktmöglichkeit': 'info@staedter.de', 'Materialdetails': 'Kunststoff - PP lebensmittelecht', 'Material': 'Kunststoff|Polypropylen', 'Höhe': '4.8 cm', 'Breite': '7.8 cm', 'Inhalt': '10 Stk.'}"||||||||Kunststoff - PP lebensmittelecht||||||0|0|3013695_1.png|https://static.mueller.de/pdzoom/4018598171916_1.webp|3013695_2.png|https://static.mueller.de/pdzoom/4018598171916_7.webp|3013695_3.png|https://static.mueller.de/pdzoom/4018598171916_6.webp|3013695_4.png|https://static.mueller.de/pdzoom/4018598171916_5.webp|3013695_5.png|https://static.mueller.de/pdzoom/4018598171916_3.webp|3013695_6.png|https://static.mueller.de/pdzoom/4018598171916_4.webp||||||||||||STÄDTER GmbH||||||||||10 Stk.|||True||3013695P|||||Spuelmaschinen||||10
3013696|mueller||||||||2024-10-28|Schipper Malen nach Zahlen - Motiv Gruppe Premium - Lost Place|SCHIPPER||1|Stk.|Home|Spielwaren|Kreativ & Basteln|Malen & Zeichnen|Schipper Malen nach Zahlen - Motiv Gruppe Premium - Lost Place|||34,99 €|34,99 €||||||||||||||EUR|Home> Spielwaren> Kreativ & Basteln> Malen & Zeichnen> Schipper Malen nach Zahlen - Motiv Gruppe Premium - Lost Place|https://www.mueller.at/p/schipper-malen-nach-zahlen-motiv-gruppe-premium-lost-place-IPN3013696/|1 Stk.|"MNZ - Lost Place
Schipper - Meisterklasse Premium; Malen nach Zahlen - Maltafel 40 x 50 cm mit Leinenstruktur. Malfertig vorgemischte Acrylfarben und Malpinsel mit Kontrollblatt und ausführlicher Anleitung. Sprachen: D/GB/F/I/NL/RUS
Entdecke die Spannung und den Nervenkitzel, den Abenteurer bei der Erkundung verlassener Orte, auch bekannt als „Lost Places"", erleben. Sie erforschen die verborgenen Ecken der Welt und halten ihre Entdeckungen in atemberaubenden Fotografien fest. Mit dem Motiv „Lost Place"" kannst du nun das aufregende Abenteuer und die Faszination eines längst vergessenen Ortes in dein Zuhause holen. Dieses exklusive „Meisterklasse Premium"" Set entführt dich in ein verlassenes Gebäude, in dem jedes staubige Relikt – sei es ein verstummtes Klavier oder ein einsamer Sessel - seine eigene Geschichte erzählt. Mit präzisen Details und Farben verleihst du den verborgenen Geschichten wieder eine Stimme und erweckst die Vergangenheit auf deiner Leinwand zum Leben. Besonderheiten: Fühl- und sichtbare Leinenstruktur. Sie bewirkt nicht nur eine wesentlich verbesserte Optik des fertigen Gemäldes, sondern unterstreicht auch den malerischen Charakter des Bildes und unterstützt den gewünschten ""Öl-auf-Leinwand-Effekt"". Altersempfehlung: ab 14 Jahren Genre: Städte & Bauwerke Größe: 40x50 cm Artikelnummer: 609130908 Lieferumfang: • 36 Acrylfarben (wasserlöslich, schnelltrocknend und lichtecht) • 1 Malvorlage • 1 Pinsel (Synthetikhaar) • 1 Malanleitung • 1 Kontrollblatt"||||||||14 Jahre||||||||||||||Non-Organic||||"{'target_group': 'Jugendliche|Erwachsene', 'Artikelnummer des Herstellers': '609130908', 'Altersempfehlung ab': '14 Jahre', 'Inhalt': '1 Stk.', 'Produkttyp': 'Malen & Malen nach Zahlen'}"||||||||||||||0|0|3013696_1.png|https://static.mueller.de/pdzoom/4000887919088_1.webp|3013696_2.png|https://static.mueller.de/pdzoom/4000887919088_4.webp|3013696_3.png|https://static.mueller.de/pdzoom/4000887919088_3.webp|3013696_4.png|https://static.mueller.de/pdzoom/4000887919088.webp|3013696_5.png|https://static.mueller.de/pdzoom/4000887919088_2.webp||||||||||||||609130908||||||||||1 Stk.|||True||3013696P|||||||||9
2904942|mueller||||||||2024-10-28|Softlan Weichspüler Windfrisch|SOFTLAN||1|l|Home|Drogerie|Haushalt|Waschen|Weichspüler|Softlan Weichspüler Windfrisch||2,45 €|2,45 €|||||||||||2,45 € / 1 l|||EUR|Home> Drogerie> Haushalt> Waschen> Weichspüler> Softlan Weichspüler Windfrisch|https://www.mueller.at/p/softlan-weichspueler-windfrisch-IPN2904942/|1 l|Weichspüler||||||||||||||||||||||Non-Organic||||{'manufacturer': 'CP GABA GmbH', 'Herstelleradresse': 'Alsterufer 1-3 Hamburg - 20354', 'Kontaktmöglichkeit': '+49 (0) 40-7319- 0', 'package_contents': '<5% Kationische Tenside. Duftstoffe, Lactic Acid, Citronellol, Hexyl Cinnamal, Linalool.', 'Inhalt': '1 l', 'Produkttyp': 'Weichspüler'}||||||||||||||4.6611|357|2904942_1.png|https://static.mueller.de/markant_08718951581715_pv_4854424/pdzoom/softlan-weichspueler-windfrisch.webp|2904942_2.png|https://static.mueller.de/markant_08718951581715_pr_4854426/pdzoom/softlan-weichspueler-windfrisch.webp|2904942_3.png|https://static.mueller.de/markant_08718951581715_pd_4992991/pdzoom/softlan-weichspueler-windfrisch.webp|2904942_4.png|https://static.mueller.de/markant_08718951581715_pd_4992988/pdzoom/softlan-weichspueler-windfrisch.webp|2904942_5.png|https://static.mueller.de/markant_08718951581715_pd_4992990/pdzoom/softlan-weichspueler-windfrisch.webp|2904942_6.png|https://static.mueller.de/markant_08718951581715_pd_4992992/pdzoom/softlan-weichspueler-windfrisch.webp||||||||||||CP GABA GmbH||||||||||1 l|<5% Kationische Tenside. Duftstoffe, Lactic Acid, Citronellol, Hexyl Cinnamal, Linalool.||True||2904942P|||||||||10
2904943|mueller||||||||2024-10-28|-(Subtract) Softpak|||1|Stk.|Home|Multi-Media|Musik|Pop|-(Subtract) Softpak|||5,99 €|5,99 €||||||||||||||EUR|Home> Multi-Media> Musik> Pop> -(Subtract) Softpak|https://www.mueller.at/p/subtract-softpak-IPN2904943/|1 Stk.|||||||||||||||||||||||Non-Organic||||{'medium': 'CD', 'Künstler': 'Sheeran,Ed', 'Inhalt': '1 Stk.', 'Anzahl Medien im Artikel': '1', 'genre': 'Pop international', 'Label': 'WMI'}||||||||||||||0|0|2904943_1.png|https://static.mueller.de/pdzoom/phononet_5054197163395_pv_5054197163395-0600px-001.webp|2904943_2.png|https://static.mueller.de/pdzoom/phononet_5054197163395_pr_5054197163395-0600px-002.webp||||||||||||||||||||||||||||||1 Stk.|||True||2904943P|||||||||5
3013697|mueller||||||||2024-10-28|Schipper Malen nach Zahlen - Motiv Gruppe Premium Vier Jahreszeiten (Quattro)|SCHIPPER||1|Stk.|Home|Spielwaren|Kreativ & Basteln|Malen & Zeichnen|Schipper Malen nach Zahlen - Motiv Gruppe Premium Vier Jahreszeiten (Quattro)|||39,99 €|39,99 €|39,99 €|34,99 €||||13%|Sie sparen 13%|||||||EUR|Home> Spielwaren> Kreativ & Basteln> Malen & Zeichnen> Schipper Malen nach Zahlen - Motiv Gruppe Premium Vier Jahreszeiten (Quattro)|https://www.mueller.at/p/schipper-malen-nach-zahlen-motiv-gruppe-premium-vier-jahreszeiten-quattro-IPN3013697/|1 Stk.|"MNZ - Vier Jahreszeiten
Schipper - Meisterklasse Quattro; MNZ - 4 Bilder im Format 18 x 24 cm mit Leinenstruktur. Malfertig vorgemischte Acrylfarben und Malpinsel mit Kontrollblatt und ausführlicher Anleitung. Sprachen: D/GB/F/I/NL/RUS
Mit dem Meisterklasse Quattro „Vier Jahreszeiten"" von Schipper erhältst du die Möglichkeit, die einzigartige Schönheit der Jahreszeiten in einem vierfachen Kunstwerk zu verewigen. Dieses Motiv lädt dich ein, die stetige Verwandlung eines Baumes durch Frühling, Sommer, Herbst und Winter zu verfolgen und festzuhalten. Jedes der vier Bilder verkörpert die einzigartige Atmosphäre und Farbpalette seiner Saison und fügt sich zu einer harmonischen Gesamtkomposition zusammen. Besonderheiten: Fühl- und sichtbare Leinenstruktur. Sie bewirkt nicht nur eine wesentlich verbesserte Optik des fertigen Gemäldes, sondern unterstreicht auch den malerischen Charakter des Bildes und unterstützt den gewünschten ""Öl-auf-Leinwand-Effekt"". Altersempfehlung: ab 14 Jahren Genre: Landschaften/Quattro Größe: Jede der vier Maltafeln misst 18 x 24 cm Artikelnummer: 609340902 Lieferumfang: • 36 Acrylfarben (wasserlöslich, schnelltrocknend und lichtecht) • vierteilige Malvorlage • 1 Pinsel (Synthetikhaar) • 1 Malanleitung • 1 Kontrollblatt"||||||||14 Jahre||||||||||||||Non-Organic||||"{'target_group': 'Jugendliche|Erwachsene', 'Artikelnummer des Herstellers': '609340902', 'Altersempfehlung ab': '14 Jahre', 'Inhalt': '1 Stk.', 'Produkttyp': 'Malen & Malen nach Zahlen'}"||||||||||||||0|0|3013697_1.png|https://static.mueller.de/pdzoom/4000887939024_1.webp|3013697_2.png|https://static.mueller.de/pdzoom/4000887939024.webp|3013697_3.png|https://static.mueller.de/pdzoom/4000887939024_2.webp|3013697_4.png|https://static.mueller.de/pdzoom/4000887939024_3.webp|3013697_5.png|https://static.mueller.de/pdzoom/4000887939024_4.webp||||||||||||||609340902||||||||||1 Stk.|||True||3013697P|||||||||4
3013698|mueller||||||||2024-10-28|Shape Republic Slim Shake Wildbeere|SHAPE REPUBLIC||300|g|Home|Drogerie|Lebensmittel|Nahrung|Sportlernahrung|Shape Republic Slim Shake Wildbeere||14,99 €|14,99 €|||||||||||49,97 € / 1 kg|||EUR|Home> Drogerie> Lebensmittel> Nahrung> Sportlernahrung> Shape Republic Slim Shake Wildbeere|https://www.mueller.at/p/shape-republic-slim-shake-wildbeere-IPN3013698/|300 g|Shape Republic Slim Shake Wildbeere 300g||Bei Raumtemperatur von 18 bis 22°C, trocken, vor Wärme und Licht geschützt lagern.|||Deutschland|Spuren von Ei und Senf können nicht ausgeschlossen werden.|||||{'Nährwerte je': '100g', 'Brennwert': '1479 kj / 350 kcal', 'Fett in g': '3,6', '- davon gesättigte Fettsäuren in g': '2,4', 'Kohlenhydrate in g': '24,8', '- davon Zucker in g': '5,2', 'Ballaststoffe in g': '11,4', 'Eiweiß in g': '48,8', 'Salz in g': '1,4'}|||||||||||Organic||||"{'Lagerhinweis': 'Bei Raumtemperatur von 18 bis 22°C, trocken, vor Wärme und Licht geschützt lagern.', 'target_group': 'Damen|Herren|Unisex', 'manufacturer': 'Shape Republic GmbH', 'Herstelleradresse': 'Ritterstraße 12, 10969 Berlin', 'Kontaktmöglichkeit': 'service@shape-republic.com', 'Herkunftsland': 'Deutschland', 'Allergenhinweis': 'Spuren von Ei und Senf können nicht ausgeschlossen werden.', 'Inhalt': '300 g', 'Eigenschaften': 'Ohne Zuckerzusatz', 'Zutaten': 'MOLKENEIWEIß-Konzentrat, modifizierte Kartoffelstärke, SOJAEIWEIß-Isolat, Inulin, resistentes Mais-Dextrin (Ballaststoff Nutriose®), Flohsamenschalen (1,7 %), Kaliumphosphat, Aroma, Schwarze Johannisbeere-Fruchtpulver (Schwarze Johannisbeere Saftkonzentrat (60 %), Maisstärke) (1,0 %), Magnesiumhydroxid, färbendes Lebensmittel (Rote Bete Pulver), Speisesalz, Himbeerpulver (0,4 %), Säuerungsmittel (L(+)-Weinsäure), Cholin, Eisendiphosphat, Cranberry-Fruchtpulver (Cranberrysaft-Konzentrat (90 %), Magnesiumhydroxid, TrennmittelTricalciumphosphat) (0,1 %), Süßungsmittel (Sucralose), L-Ascorbinsäure, Verdickungsmittel(Natriumcarboxymethylcellulose), Zinkoxid, Nicotinamid, Mangan(II)-sulfat, D-alpha-Tocopherylacetat, Calcium-D-pantothenat, Antioxidationsmittel (DL-alpha-Tocopherol), Kupfercarbonat, Pyridoxinhydrochlorid, Thiaminmononitrat, Retinylacetat, Riboflavin, Pteroylmonoglutaminsäure, Trennmittel (Siliciumdioxid), Phyllochinon, Kaliumjodid, Natriumselenit, D-Biotin, Cholecalciferol, Methylcobalamin', 'Produkttyp': 'Pulver & Shakes', 'warning_notice': 'Die angegebene empfohlene tägliche Verzehrsmenge darf nicht überschritten werden. Nahrungsergänzungsmittel sollten nicht als Ersatz für eine ausgewogene und abwechslungsreiche Ernährung dienen. Achten Sie auf eine gesunde Lebensweise. Außerhalb der Reichweite von kleinen Kindern aufbewahren.', 'Zubereitungshinweis': 'Zum Abnehmen: ersetze täglich 2 Mahlzeiten. Zum Gewichtserhalt: ersetze täglich 1 Mahlzeit'}"||||||||||||||0|0|3013698_1.png|https://static.mueller.de/pdzoom/4251362171365.webp||||||||||||||||||||||Shape Republic GmbH||||||||||300 g|||True||3013698P|||||||||10
2904944|mueller||||||||2024-10-28|Softlan Weichspüler Vanille & Orchidee|SOFTLAN||1|l|Home|Drogerie|Haushalt|Waschen|Weichspüler|Softlan Weichspüler Vanille & Orchidee||2,45 €|2,45 €|||||||||||2,45 € / 1 l|||EUR|Home> Drogerie> Haushalt> Waschen> Weichspüler> Softlan Weichspüler Vanille & Orchidee|https://www.mueller.at/p/softlan-weichspueler-vanille-orchidee-IPN2904944/|1 l|Softlan Weichspüler Vanille & Orchidee macht Ihre Wäsche super weich und wohlriechend.||||||||||||||||||||||Non-Organic||||{'manufacturer': 'CP GABA GmbH', 'Herstelleradresse': 'Alsterufer 1-3 Hamburg - 20354', 'Kontaktmöglichkeit': '+49 (0) 40-7319- 0', 'package_contents': '<5% Kationische Tenside. Duftstoffe, Lactic Acid, Hexyl Cinnamal, Benzyl Salicylate, Benzyl Alcohol, Benzyl Benzoate, Coumarin.', 'Inhalt': '1 l', 'Produkttyp': 'Weichspüler'}||||||||||||||4.7094|203|2904944_1.png|https://static.mueller.de/markant_08718951580329_pv_4854420/pdzoom/softlan-weichspueler-vanille-orchidee.webp|2904944_2.png|https://static.mueller.de/markant_08718951580329_pr_4854421/pdzoom/softlan-weichspueler-vanille-orchidee.webp|2904944_3.png|https://static.mueller.de/markant_08718951580329_pd_4992967/pdzoom/softlan-weichspueler-vanille-orchidee.webp|2904944_4.png|https://static.mueller.de/markant_08718951580329_pd_4992970/pdzoom/softlan-weichspueler-vanille-orchidee.webp|2904944_5.png|https://static.mueller.de/markant_08718951580329_pd_4992971/pdzoom/softlan-weichspueler-vanille-orchidee.webp|2904944_6.png|https://static.mueller.de/markant_08718951580329_pd_4992973/pdzoom/softlan-weichspueler-vanille-orchidee.webp||||||||||||CP GABA GmbH||||||||||1 l|<5% Kationische Tenside. Duftstoffe, Lactic Acid, Hexyl Cinnamal, Benzyl Salicylate, Benzyl Alcohol, Benzyl Benzoate, Coumarin.||True||2904944P|||||||||5
3013699|mueller||||||||2024-10-28|Marini Marienkäfer. Ich kann das schon!|||1|Stk.|Home|Spielwaren|Buch & Schulbedarf|Kinder- & Jugendbücher|Marini Marienkäfer. Ich kann das schon!|||12,40 €|12,40 €||||||||||||||EUR|Home> Spielwaren> Buch & Schulbedarf> Kinder- & Jugendbücher> Marini Marienkäfer. Ich kann das schon!|https://www.mueller.at/p/marini-marienkaefer-ich-kann-das-schon-IPN3013699/|1 Stk.|In dieser neuen Pappbilderbuchreihe für Kinder ab 2 Jahren von Bestsellerautorin und -Illustratorin Stefanie Dahle, erlebt das Marienkäfermädchen Marini allererste Abenteuer. Im Fokus steht die Lebenswelt kleiner Kinder mit allen dazugehörigen Emotionen und Erfahrungen. Die Geschichten aus dem Familienalltag begleiten die Kinder beim Großwerden, ermutigen sie, an sich zu glauben und unterstützen sie und ihre Familien im Umgang mit starken Gefühlen. Marini Marienkäfer und ihre Freundin Kaja machen einen Ausflug. Zu gerne würden sie um die Wette fliegen, aber Marini traut sich nicht. Zum Glück ist sie nicht alleine. Gemeinsam mit Kaja und ihrem Kuscheltier Lausi schafft sie es, all ihren Mut zusammen zu nehmen und ihre Angst zu überwinden. Denn eins ist klar: Marini kann das schon! Eine kleine Geschichte über den Glauben an sich selbst für kleine und große Marienkäferchen. Mitreißende Bilderwelten von Erfolgsgarantin Stefanie Dahle! Prachtvoll ausgestattet mit Lack und Prägung auf dem Cover, sowie einer großen Ausklappseite Erste wichtige Themen wie „wütend sein“ und „etwas-schon-können“||||||||||||||||||||||Non-Organic||||{'target_group': 'Kleinkinder', 'license': '0', 'genre': 'Bilderbücher', 'author': 'Dahle, Stefanie', 'Einband': 'Pappbilderbuch', 'publishing_year': '2024', 'Inhalt': '1 Stk.', 'ISBN Ausgangsbuch': '9783401721170', 'Produkttyp': 'Kinder- & Jugendbücher', 'page_number': '18'}||||||||||||||0|0|3013699_1.png|https://static.mueller.de/pdzoom/9783401721170.webp|3013699_2.png|https://static.mueller.de/pdzoom/9783401721170_innenansicht_02.webp|3013699_3.png|https://static.mueller.de/pdzoom/9783401721170_innenansicht_01.webp||||||||||||||||||||||||||||1 Stk.|||True||3013699P|||||||||10
2904935|mueller||||||||2024-10-28|URTEKRAM Dare to Dream Tagescreme|URTEKRAM||50|ml|Home|Parfümerie|Pflege|Gesichtspflege|Tagespflege|URTEKRAM Dare to Dream Tagescreme||12,99 €|12,99 €|||||||||||259,80 € / 1 l|||EUR|Home> Parfümerie> Pflege> Gesichtspflege> Tagespflege> URTEKRAM Dare to Dream Tagescreme|https://www.mueller.at/p/urtekram-dare-to-dream-tagescreme-IPN2904935/|50 ml|"Die feuchtigkeitsspendende Dare to Dream Ageless Tagescreme für alle Hauttypen pflegt die Haut seidig-weich. Der Power-Inhaltsstoff Vitamin C hilft, Anzeichen vorzeitiger Hautalterung, feinen Linien und Fältchen vorzubeugen. Bio-Hagebuttenöl und Ingwerlilienextrakt schützen vor Umwelteinflüssen, während Hyaluronsäure wertvolle Feuchtigkeit spendet. Für einen strahlenden Teint mit einem jugendlichen Glow. Wir empfehlen die Verwendung dieser intensiv feuchtigkeitsspendenden Pflegelinie bei den ersten Zeichen der Zeit ab einem Alter von ca. 30 Jahren. - feuchtigkeitsspendende Tagescreme für alle Hauttypen - mit Vitamin C, Hyaluronsäure und Ingwerlilienextrakt - mit Inhaltsstoffen zu 100 % natürlichen Ursprungs - 100 % vegan und tierversuchsfrei (Veganblume) - mit dem zarten Duft der Hagebuttenrose Entdecke weitere Pflegeprodukte der Mindful Beauty Kollektion Dare to Dream | Soft Wild Rose: Lass deine Sinne in ein Blütenmeer eintauchen und traue dich zu träumen mit dem verwöhnenden, zarten Duft der Hagebuttenrose. Das macht Produkte von Urtekram besonders: - dänische, zertifizierte Natur- und Biokosmetik nach Ecocert Cosmos Organic Standard - 100 % vegan und tierversuchsfrei (Veganblume) - ohne Mikroplastik, Parabene und synthetische Konservierungsstoffe - mit 100 % biologisch abbaubaren Inhaltsstoffen."||||||||||||||||||||||Non-Organic||||"{'target_group': 'Damen|Herren|Unisex', 'manufacturer': 'Midsona Denmark A/S', 'Herstelleradresse': 'DK-9550 Mariager', 'Kontaktmöglichkeit': 'info@davert.de', 'package_contents': 'Aloe Barbadensis Leaf Extract*, Prunus Amygdalus Dulcis Oil*, Coco-Caprylate, Propanediol, Zea Mays Starch*, Cetearyl Alcohol, C15-19 Alkane, Polyglyceryl-3 Dicitrate/Stearate, Glyceryl Stearate SE, Glyceryl Caprylate, Rosa Canina Fruit Oil*, Rosa Damascena Flower Extract*, Simmondsia Chinensis Seed Oil*, Hedychium Coronarium Root Extract, Magnolia Officinalis Bark Extract, Ascorbyl Glucoside, Bidens Pilosa Extract, Sodium Hyaluronate, Astrocaryum Murumuru Seed Butter, Gossypium Herbaceum Seed Oil, Linum Usitatissimum Seed Oil, Glycerin, Xanthan Gum, CI 77491, Mica, Sodium Gluconate, Tocopherol, Lactic Acid, Sodium Hydroxide, Aqua, Parfum, Citral, Geraniol, Limonene, Linalool (* = ingredient from organic farming).', 'skin_type': 'alle Hauttypen', 'product_property': 'pflegend|feuchtigkeitsspendend', 'Inhalt': '50 ml', 'scope_of_application': 'Tagespflege', 'Produkttyp': 'Creme'}"||||||||||||||0|0|2904935_1.png|https://static.mueller.de/pdzoom/5701058012773_e.webp|2904935_2.png|https://static.mueller.de/pdzoom/5701058012773_1_e.webp||||||||||||||||||||Midsona Denmark A/S||||||||||50 ml|Aloe Barbadensis Leaf Extract*, Prunus Amygdalus Dulcis Oil*, Coco-Caprylate, Propanediol, Zea Mays Starch*, Cetearyl Alcohol, C15-19 Alkane, Polyglyceryl-3 Dicitrate/Stearate, Glyceryl Stearate SE, Glyceryl Caprylate, Rosa Canina Fruit Oil*, Rosa Damascena Flower Extract*, Simmondsia Chinensis Seed Oil*, Hedychium Coronarium Root Extract, Magnolia Officinalis Bark Extract, Ascorbyl Glucoside, Bidens Pilosa Extract, Sodium Hyaluronate, Astrocaryum Murumuru Seed Butter, Gossypium Herbaceum Seed Oil, Linum Usitatissimum Seed Oil, Glycerin, Xanthan Gum, CI 77491, Mica, Sodium Gluconate, Tocopherol, Lactic Acid, Sodium Hydroxide, Aqua, Parfum, Citral, Geraniol, Limonene, Linalool (* = ingredient from organic farming).||True||2904935P|||||||||10
2747840|mueller||||||||2024-10-28|Käfer Servietten Mustermix|KÄFER||20|Stk.|Home|Drogerie|Haushalt|Papierartikel|Servietten|Käfer Servietten Mustermix||2,95 €|2,95 €|||||||||||1,48 € / 10 Stk.|||EUR|Home> Drogerie> Haushalt> Papierartikel> Servietten> Käfer Servietten Mustermix|https://www.mueller.at/p/kaefer-servietten-mustermix-2747840/|20 Stk.|Diese Cocktailservietten werden exklusiv für Käfer hergestellt. Mit unserem Käfer Mustermix Design passen sie hervorragend zu den Produkten der Käfer Linien. Maße: ca. 25cm x 25cm||||||||||||||||||||||Non-Organic||||{'manufacturer': 'Feinkost Käfer GmbH', 'Herstelleradresse': 'Heimstettener Str. 1, 85599 Parsdorf', 'Inhalt': '20 Stk.'}||||||||||||||0|0|2747840_1.png|https://static.mueller.de/6958435868-PV-0/pdzoom/kaefer-servietten-mustermix.webp||||||||||||||||||||||Feinkost Käfer GmbH||||||||||20 Stk.|||True||2747840P|||||||||5
2904930|mueller||||||||2024-10-28|Bella Casa ECO Servietten 33x33cm Retro Leaves|BELLA CASA||20|Stk.|Home|Drogerie|Haushalt|Papierartikel|Servietten|Bella Casa ECO Servietten 33x33cm Retro Leaves||1,99 €|1,99 €|||||||||||1,00 € / 10 Stk.|||EUR|Home> Drogerie> Haushalt> Papierartikel> Servietten> Bella Casa ECO Servietten 33x33cm Retro Leaves|https://www.mueller.at/p/bella-casa-eco-servietten-33x33cm-retro-leaves-IPN2904930/|20 Stk.|Serviette Recyclingtissue 2lg. 33x33 cm||||||||||||||||||||||Non-Organic||||{'manufacturer': 'Paper+Design GmbH tabletop', 'Herstelleradresse': 'An der Heinzebank 15, 09429 Wolkenstein', 'Kontaktmöglichkeit': 'www.mueller.eu', 'Materialdetails': 'Tissue', 'Höhe': '33 cm', 'Breite': '33 cm', 'Inhalt': '20 Stk.'}||||||||Tissue||||||0|0|2904930_1.png|https://static.mueller.de/pdzoom/2200290493010_PV.webp||||||||||||||||||||||Paper+Design GmbH tabletop||||||||||20 Stk.|||True||2904930P|||||||||5
667608|mueller||||||||2024-10-28|Mit Pfefferminz Bin Ich Dein Prinz|||1|Stk.|Home|Multi-Media|Musik|Pop|Mit Pfefferminz Bin Ich Dein Prinz|||9,99 €|9,99 €||||||||||||||EUR|Home> Multi-Media> Musik> Pop> Mit Pfefferminz Bin Ich Dein Prinz|https://www.mueller.at/p/mit-pfefferminz-bin-ich-dein-prinz-IPN667608/|1 Stk.|||||||||||||||||||||||Non-Organic||||{'medium': 'CD', 'Künstler': 'Westernhagen', 'Inhalt': '1 Stk.', 'Anzahl Medien im Artikel': '1', 'genre': 'Pop deutschsprachig', 'Label': 'WEA'}||||||||||||||0|0|667608_1.png|https://static.mueller.de/pdzoom/phononet_0685738551026_pv_0685738551026-0600px-001.webp|667608_2.png|https://static.mueller.de/pdzoom/phononet_0685738551026_pr_0685738551026-0600px-002.webp||||||||||||||||||||||||||||||1 Stk.|||False||667608P|||||||||1
2708279|mueller||||||||2024-10-28|WILKINSON SWORD Hydro 5 Rasierapparat|WILKINSON||1|Stk.|Home|Drogerie|Pflege|Herrenpflege & Rasur|Rasur|Rasierapparate|WILKINSON SWORD Hydro 5 Rasierapparat|8,95 €|8,95 €||||||||||||||EUR|Home> Drogerie> Pflege> Herrenpflege & Rasur> Rasur> Rasierapparate> WILKINSON SWORD Hydro 5 Rasierapparat|https://www.mueller.at/p/wilkinson-sword-hydro-5-rasierapparat-2708279/|1 Stk.|Erlebe eine meisterhaft gründliche Rasur mit den Hydro 5 Rasierer von Wilkinson Sword. Mit den feinsten karbon-beschichteten Klingen von Wilkinson Sword sind die Hydro-Rasierklingen unsere schärfsten Klingen - für eine unglaublich glatte und gründliche Rasur. Die Hydro 5 Rasierklingen wurden speziell entwickelt, um die Haut vor Irritationen zu schützen. Das einzigartige feuchtigkeitsspendende Gel ist für empfindliche Haut geeignet und mit Pro Vitamin B5 angereichert. Integrierte Hautschutzbügel bieten zusätzlichen Schutz vor Schnittverletzungen und Irritationen. Dank der umklappbaren Gel-Pools kannst du auch schwer erreichbare Stellen mühelos rasieren. Dermatologisch getestet und für empfindliche Haut geeignet. Entdecke mit Hydro 5 eine neue Dimension von gründlicher Rasur nur von Wilkinson Sword: The Blade Masters since 1772. FEUCHTIGKEITS SPENDENDES GEL* - Das wasseraktivierte Gel ist mit Pro Vitamin B5 angereichert und dermatologisch getestet, dadurch reduziert es Irritationen und sorgt ab der ersten Rasur für Feuchtigkeit. * Spendet bis zuStunden Feuchtigkeit.HAUTSCHUTZBÜGEL - Entwickelt für zusätzlichen Hautschutz werden die Kontaktpunkte verdoppelt, um die Haut zu glätten und die Gleitfähigkeit beim Rasieren zu verbessern.UMKLAPPBARER TRIMMER - Einfach die Gel-Pools oben am Klingenkopf zurückklappen für präzise Konturen beim Gesichtsstyling oder an schwer zugänglichen Stellen.VERPACKUNG - Unsere Verpackung besteht zu mehr als 90% aus recyceltem Papier (Mischung aus PCR & PIR). Die Verpackung ist recycelbar, bitte beachte die lokalen Anweisungen.5 KARBON-BESCHICHTETE KLINGEN - Unsere Präzisionsklingen sind mit einer speziellen Karbon-beschichtung versehen, die den idealen Schärfegrad für eine gründliche Rasur aufweisen.||Produkt sauber und trocken lagern.||||||||||||||||||||Non-Organic||||{'scope_of_delivery': '1 Stück', 'Lagerhinweis': 'Produkt sauber und trocken lagern.', 'target_group': 'Herren', 'manufacturer': 'Wilkinson Sword GmbH', 'Herstelleradresse': 'Schützenstraße 110 , 42659 Solingen', 'Kontaktmöglichkeit': 'info@wilkinson.de', 'dermatologically_tested': 'Ja', 'Anwendungshinweis': 'Tipp 1: Warmes Wasser macht dickes und widerspenstiges Haar weicher, so dass mehr Haare sichtbar werden. Wasche dein Gesicht vor der Rasur zwei bis drei Minuten gründlich, um ein optimales Rasurergebnis zu erzielen. Tipp 2: Für eine besonders gründliche Rasur solltest du Rasiergel oder Rasierseife verwenden. Das sorgt dafür, dass die Klingen deines Rasierers leicht über die Haut gleiten und schützt vor Rasurirritationen. Rasiere ohne Druck. Tipp 3: Kaltes Wasser nach der Rasur entfernt nicht nur Haarreste und überschüssiges Rasiergel, sondern schließt auch die Poren deiner Haut für ein glattes Ergebnis. Tipp 4: Wechsle die Klingen deines Wilkinson Sword Rasierers regelmäßig (abhängig von deiner Rasierroutine). Wenn du feststellst, dass die Klinge nicht mehr leicht über die Haut gleitet, ist es Zeit für einen Wechsel. Stumpfe Klingen können nicht so gründlich rasieren und neigen dazu Hautirritationen zu verursachen, wenn mehr Druck auf die Haut ausgeübt wird.', 'package_contents': 'PEG-115M, POLYQUATERNIUM-10, AQUA, SODIUM ACETATE, SODIUM CHLORIDE, ZINC STEARATE, ISOPROPYLALCOHOL, CYCLODEXTRIN, ALOE BARBADENSIS LEAF JUICE, CALENDULA OFFICINALIS FLOWER, CAMELLIA SINENSIS LEAF, CERAMIDE NG, HYDROGENATED JOJOBA OIL, MALTODEXTRIN, PANTHENOL, SODIUM HYALURONATE, TOCOPHEROL', 'Inhalt': '1 Stk.', 'scope_of_application': 'Rasur', 'Produkttyp': 'Rasierapparate'}||||||||||||||4.5979|189|2708279_1.png|https://static.mueller.de/markant_04027800439935_pv_4966803/pdzoom/wilkinson-sword-hydro-5-rasierapparat.webp|2708279_2.png|https://static.mueller.de/markant_04027800439935_pr_4966791/pdzoom/wilkinson-sword-hydro-5-rasierapparat.webp|2708279_3.png|https://static.mueller.de/markant_04027800439935_pr_4819157/pdzoom/wilkinson-sword-hydro-5-rasierapparat.webp|2708279_4.png|https://static.mueller.de/markant_04027800439935_pd_4819155/pdzoom/wilkinson-sword-hydro-5-rasierapparat.webp|2708279_5.png|https://static.mueller.de/markant_04027800439935_pd_4966779/pdzoom/wilkinson-sword-hydro-5-rasierapparat.webp|2708279_6.png|https://static.mueller.de/markant_04027800439935_pd_4819156/pdzoom/wilkinson-sword-hydro-5-rasierapparat.webp||||||||||||Wilkinson Sword GmbH||||||||||1 Stk.|PEG-115M, POLYQUATERNIUM-10, AQUA, SODIUM ACETATE, SODIUM CHLORIDE, ZINC STEARATE, ISOPROPYLALCOHOL, CYCLODEXTRIN, ALOE BARBADENSIS LEAF JUICE, CALENDULA OFFICINALIS FLOWER, CAMELLIA SINENSIS LEAF, CERAMIDE NG, HYDROGENATED JOJOBA OIL, MALTODEXTRIN, PANTHENOL, SODIUM HYALURONATE, TOCOPHEROL||True||2708279P||||Außerhalb der Reichweite von Kindern aufbewahren. Die Klingen nicht berühren oder abwischen, da dies die Leistung beeinträchtigen oder zu Verletzungen führen kann.|||||10
2747845|mueller||||||||2024-10-28|Gourmet Berner Granatapfel Balsamessig Sprühflasche|GOURMET BERNER||110|ml|Home|Drogerie|Lebensmittel|Nahrung|Essig & Öl|Gourmet Berner Granatapfel Balsamessig Sprühflasche||9,00 €|9,00 €|||||||||||81,82 € / 1 l|||EUR|Home> Drogerie> Lebensmittel> Nahrung> Essig & Öl> Gourmet Berner Granatapfel Balsamessig Sprühflasche|https://www.mueller.at/p/gourmet-berner-granatapfel-balsamessig-spruehflasche-2747845/|110 ml|Eine kräftig dunkelrote Kombination aus Obstessig und dem herb-frischen Granatapfelaroma (Grenadine), die prima zu grünen Salaten, zu Wild- und Geflügelgerichten, aber auch zu Vanilleeis passt.|||||Deutschland|SULFITE||||||||||||||||Non-Organic||||{'manufacturer': 'Gourmet Berner GmbH & Co. KG', 'Herstelleradresse': 'Boschstr.7 ,71384 Weinstadt', 'Herkunftsland': 'Deutschland', 'Allergenhinweis': 'SULFITE', 'Inhalt': '110 ml', 'Zutaten': 'Apfelessig, Granatapfelessig, Karamellsirup, Granatapfeldicksaft, Granatapfelaroma, Antioxidationsmittel: KALIUMMETABISULFIT. 5% Säure.', 'Produkttyp': 'Essig & Öl'}||||||||||||||0|0|2747845_1.png|https://static.mueller.de/6958437841-PV-0/pdzoom/gourmet-berner-granatapfel-balsamessig-spruehflasche.webp||||||||||||||||||||||Gourmet Berner GmbH & Co. KG||||||||||110 ml|||True||2747845P|||||||||1
2747847|mueller||||||||2024-10-28|sardinha leicht geräucherte Sardine in Olivenöl|SARDINHA||120|g|Home|Drogerie|Lebensmittel|Nahrung|Fertiggerichte & Konserven|Schnelle Küche|sardinha leicht geräucherte Sardine in Olivenöl|3,95 €|3,95 €|||||||||||32,92 € / 1 kg|||EUR|Home> Drogerie> Lebensmittel> Nahrung> Fertiggerichte & Konserven> Schnelle Küche> sardinha leicht geräucherte Sardine in Olivenöl|https://www.mueller.at/p/sardinha-leicht-geraeucherte-sardine-in-olivenoel-2747847/|120 g|Sardine in der Dose, kann so verzehrt werden und braucht keine gesonderte Zubereitung. Dose öffnen und geniessen!|||||Portugal||||||{'Nährwerte je': '100g', 'Brennwert': '1403 kj / 339 kcal', 'Fett in g': '29', '- davon gesättigte Fettsäuren in g': '5.6', 'Kohlenhydrate in g': '<0,5', '- davon Zucker in g': '<0,5', 'Eiweiß in g': '20', 'Salz in g': '0.8'}|||||||||||Non-Organic||||{'manufacturer': 'Feinkost Käfer GmbH', 'Herstelleradresse': 'Heimstettener Str. 1, 85599 Parsdorf', 'Herkunftsland': 'Portugal', 'Inhalt': '120 g', 'Zutaten': 'Sardine (SardinaPilchardus)– min 70%, Olivenöl – 29%, Raucharoma – 0.3%, Salz', 'Produkttyp': 'Schnelle Küche'}||||||||||||||0|0|2747847_1.png|https://static.mueller.de/6958128954-PV-0/pdzoom/sardinha-leicht-geraeucherte-sardine-in-olivenoel.webp||||||||||||||||||||||Feinkost Käfer GmbH||||||||||120 g|||False||2747847P|||||||||1
2879514|mueller||||||||2024-10-28|Catrice Magic Perfectors Duo Eyeshadow Brush|CATRICE||1|Stk.|Home|Parfümerie|Accessoires|Make-up-Zubehör|Pinsel & Applikatoren|Catrice Magic Perfectors Duo Eyeshadow Brush||2,75 €|2,75 €||||||||||||||EUR|Home> Parfümerie> Accessoires> Make-up-Zubehör> Pinsel & Applikatoren> Catrice Magic Perfectors Duo Eyeshadow Brush|https://www.mueller.at/p/catrice-magic-perfectors-duo-eyeshadow-brush-IPN2879514/|1 Stk.|Ein echter Allrounder: Der Magic Perfectors Duo Eyeshadow Brush vereint in einem Pinsel auf einer Seite eine Schaumstoffspitze und auf der anderen Seite einen Pinselkopf mit Synthetikhärchen. Dadurch sind sowohl präzise Highlights, als auch das Verblenden von Farben möglich. Dabei kommt der Duo Pinsel in einer wiederverwendbaren Hülle. Duo Lidschattenpinsel mit Schaumstoffspitze und abgerundeten SynthetikborstenElegantes Tool mit Ombré-Härchen für unterwegsKommt in wiederverwendbarer Hülle||||||||||||||||||||||Non-Organic||||{'target_group': 'Damen', 'manufacturer': 'cosnova GmbH', 'Herstelleradresse': 'Am Limespark 2, D-65843 Sulzbach am Taunus', 'Kontaktmöglichkeit': 'service@cosnova.eu', 'Anwendungshinweis': 'Der Pinsel mit der Schaumstoffspitze ist für präzise Styles und das Setzen von Highlights geeignet. Die Pinselhaare des Eyeshadow Brushs nehmen zudem die Texturen und Pigmente von Lidschatten optimal auf. Dank der speziellen Pinselform lassen sich Eyeshadows gleichmäßig und präzise auf das Augenlid auftragen.', 'Inhalt': '1 Stk.', 'Produkttyp': 'Augenbrauenpinsel'}||||||||||||||0|0|2879514_1.png|https://static.mueller.de/markant_04059729393593_pv_4528504/pdzoom/catrice-magic-perfectors-duo-eyeshadow-brush.webp|2879514_2.png|https://static.mueller.de/markant_04059729393593_pd_4528503/pdzoom/catrice-magic-perfectors-duo-eyeshadow-brush.webp||||||||||||||||||||cosnova GmbH||||||||||1 Stk.|||True||2879514P|||||||||10
3013636|mueller||||||||2024-10-28|ZADIG&VOLTAIRE THIS IS HER! Unchained Eau de Parfum|ZADIG&VOLTAIRE||30|ml|Home|Parfümerie|Düfte für Sie|Düfte|ZADIG&VOLTAIRE THIS IS HER! Unchained Eau de Parfum|||60,95 €|60,95 €|||||||||||2 031,67 € / 1 l|||EUR|Home> Parfümerie> Düfte für Sie> Düfte> ZADIG&VOLTAIRE THIS IS HER! Unchained Eau de Parfum|https://www.mueller.at/p/zadig-voltaire-this-is-her-unchained-eau-de-parfum-IPN3013636/|30 ml|"This Is Her! Unchained — der neue limitierte Damenduft von ZADIG&VOLTAIRE
Entdecken Sie den persönlichsten Damenduft von ZADIG&VOLTAIRE — This Is Her! Unchained. Hinter den Türen ihrer Pariser Wohnung entfaltet die Zadig-Frau ihr wahres Selbst, völlig frei von allen Zwängen. Dieses feminine Eau de Parfum löst alle Ketten und lädt Sie zu einer Reise der Selbstbefreiung ein.#UnchainZadig Ein floraler und moschusartiger Duft
Dieses neue florale und moschusartige Eau de Parfum in limitierter Auflage enthüllt die sinnlichen und intimen Facetten der Zadig-Frau. Der Duft öffnet mit der Kopfnote aus fruchtiger Mandarine und einem Kirsch-Akkord, während lebhafter rosa Pfeffer ein gewagtes blumiges Bouquet aus Veilchen und Neroli vorstellt. Die ikonische Kastaniennote, die charakteristische Zadig-Signatur, verleiht dem Duft eine charismatische Note. In der Basisnote vereinen sich Sandelholz, Benzoe und Moschus zu einem geschmeidigen Lippenstiftakkord. 
Ein bewussterer Duft
This Is Her! Unchained verfolgt einen umweltbewussteren Ansatz mit einem Flakon aus 15% recyceltem Glas und einem um 15% reduzierten Flakongewicht*.* Vergleich zwischen 50 ml THIS IS HER! EDP POUR ELLE und 50 ml THIS IS HER! UNCHAINED EDP.
Ein von der Mode inspirierter Flakon
Ein Design aus metallischen Ketten windet sich um den transparenten Flakon, gekrönt von einem metallisch pinken Verschluss. Die rosafarbene Tönung des Duftes wird sichtbar und spiegelt die femininen Moschusnoten des Duftes wider."||||||||||||||||||||||Non-Organic||||"{'target_group': 'Damen', 'manufacturer': 'BEAUTE PRESTIGE INTERNATIONAL', 'Herstelleradresse': '56/A rue du Faubourg St-Honoré,  75008 PARIS', 'Kontaktmöglichkeit': 'serviceclients@zadigetvoltaire.com', 'fragrance_concentration': 'Eau de Parfum', 'fragrance_note': 'Blumen|blumig', 'top_note': 'Mandarine, Rosa Pfeffer, Kirsche', 'heart_note': 'Pudriges Veilchen, Neroli, Kastanie', 'base_note': 'Sandelholz, Benzoe, Moschus', 'Anwendungshinweis': 'So tragen Sie Ihren Duft auf   Tragen Sie This Is Her! Unchained auf Ihre Pulspunkte (Dekolleté, Handgelenke und die Innenseite der Ellenbogen) auf, um eine sinnliche Duftspur zu erzeugen, die Sie den ganzen Tag mit ihrem angenehmen Aroma umhüllt.', 'application_type': 'Pumpzerstäuber', 'package_contents': 'ALCOHOL, PARFUM (FRAGRANCE), AQUA (WATER), BUTYL METHOXYDIBENZOYLMETHANE, ALPHA-ISOMETHYL IONONE, COUMARIN, LIMONENE, CITRONELLOL, LINALOOL, GERANIOL, BENZYL BENZOATE, ISOEUGENOL, METHYL 2-OCTYNOATE, CI 14700 (RED 4), CI 60730 (EXT. VIOLET 2)', 'Inhalt': '30 ml', 'Produkttyp': 'Eau de Parfum'}"||||||||||||||0|0|3013636_1.png|https://static.mueller.de/pdzoom/3423222106751_0.webp|3013636_2.png|https://static.mueller.de/pdzoom/3423222106751_1.webp|3013636_3.png|https://static.mueller.de/pdzoom/3423222106751_3.webp|3013636_4.png|https://static.mueller.de/pdzoom/3423222106751_2.webp||||||||||||||||BEAUTE PRESTIGE INTERNATIONAL||||||||||30 ml|ALCOHOL, PARFUM (FRAGRANCE), AQUA (WATER), BUTYL METHOXYDIBENZOYLMETHANE, ALPHA-ISOMETHYL IONONE, COUMARIN, LIMONENE, CITRONELLOL, LINALOOL, GERANIOL, BENZYL BENZOATE, ISOEUGENOL, METHYL 2-OCTYNOATE, CI 14700 (RED 4), CI 60730 (EXT. VIOLET 2)||False||3013636P|||||||||1
2879516|mueller||||||||2024-10-28|Catrice Nail Salon in a Box Click on Nails|CATRICE||24|Stk.|Home|Parfümerie|Make-up|Nägel|Nageldesign|Catrice Nail Salon in a Box Click on Nails||4,95 €|4,95 €|||||||||||2,06 € / 10 Stk.|||EUR|Home> Parfümerie> Make-up> Nägel> Nageldesign> Catrice Nail Salon in a Box Click on Nails|https://www.mueller.at/p/catrice-nail-salon-in-a-box-click-on-nails-IPN2879516/|24 Stk.|Nails like a pro: Die Nail Salon in a Box Click on Nails machen's möglich. Die 24 Kunstnägel in Nude kommen in einer Mandelform, die auf jeden Nagel passt - dank der enthaltenen Ultra-Klebepads lassen sie sich zudem easy anbringen. Ein Look wie frisch aus dem Nagelstudio! 24 mandelförmige Kunstnägel in NudeLeicht, flexibel & stabilEinfache Anwendung inklusive 24 Ultra-Klebepads||||||||||||||||||||||Non-Organic||||{'target_group': 'Damen', 'manufacturer': 'cosnova GmbH', 'Herstelleradresse': 'Am Limespark 2, D-65843 Sulzbach am Taunus', 'Kontaktmöglichkeit': 'service@cosnova.eu', 'Anwendungshinweis': 'Die Kunstnägel sollten so platziert werden, dass sie an der Nagelhaut anschließen. Je nach Nagelgröße wird ein entsprechender Kunstnagel verwendet - mit den Klebepads können die Kunstnägel dann vorsichtig auf den sauberen Naturnagel für einige Sekunden gepresst werden.', 'package_contents': 'Die verbindliche Angabe der Inhaltsstoffe entnehmen Sie bitte der Verpackung des gelieferten Produkts.', 'Inhalt': '24 Stk.', 'scope_of_application': 'Nägel', 'Produkttyp': 'Nageldesign'}||||||||||||||0|0|2879516_1.png|https://static.mueller.de/markant_04059729394101_pv_4533625/pdzoom/catrice-nail-salon-in-a-box-click-on-nails.webp|2879516_2.png|https://static.mueller.de/markant_04059729394101_pd_3926270/pdzoom/catrice-nail-salon-in-a-box-click-on-nails.webp|2879516_3.png|https://static.mueller.de/markant_04059729394101_pd_4527787/pdzoom/catrice-nail-salon-in-a-box-click-on-nails.webp|2879516_4.png|https://static.mueller.de/markant_04059729394101_pd_3999109/pdzoom/catrice-nail-salon-in-a-box-click-on-nails.webp|2879516_5.png|https://static.mueller.de/markant_04059729394101_pd_3926271/pdzoom/catrice-nail-salon-in-a-box-click-on-nails.webp||||||||||||||cosnova GmbH||||||||||24 Stk.|Die verbindliche Angabe der Inhaltsstoffe entnehmen Sie bitte der Verpackung des gelieferten Produkts.||True||2879516P|||||||||10
2873368|mueller||||||||2024-10-28|Catrice Nude Drop Tinted Serum Foundation|CATRICE||30|ml|Home|Parfümerie|Make-up|Teint|Korrektur & Concealer|Catrice Nude Drop Tinted Serum Foundation||8,45 €|8,45 €|||||||||||281,67 € / 1 l|||EUR|Home> Parfümerie> Make-up> Teint> Korrektur & Concealer> Catrice Nude Drop Tinted Serum Foundation|https://www.mueller.at/p/catrice-nude-drop-tinted-serum-foundation-IPN2879518/|30 ml|Federleichte Textur wie ein Serum, Performance wie ein Make-up: Die Nude Drop Tinted Serum Foundation überzeugt mit ihrer sehr flüssigen, schwerelosen und atmungsaktiven Formulierung. Sie enthält Hyaluronsäure und Vitamin E und sorgt insgesamt für einen 24h feuchtigkeitsspendenden Pflege-Effekt. Dank speziell beschichteter Pigmente hält die Foundation außerdem besonders lange und verleiht mit ihrer aufbaubaren, leichten bis mittleren Deckkraft einen strahlenden Teint mit natürlich-mattem Finish. Die Formulierung ist dabei parfümfrei und für sensible Haut geeignet. Für das perfekte Ergebnis die Kombination aus Serum und Foundation vor dem Auftragen gut schütteln. Foundation mit flüssiger Serum-TexturMit Hyaluronsäure & Vitamin E24h feuchtigkeitsspendender Pflege-Effekt||||||||||||||||||||||Non-Organic||||{'target_group': 'Damen', 'manufacturer': 'cosnova', 'Herstelleradresse': 'Frankfurt (D-65843) - New York (NY 10003) – London (EC4A 4AB)', 'Kontaktmöglichkeit': 'service@cosnova.eu', 'Anwendungshinweis': 'Vor der Anwendung die Serum Foundation kurz schütteln und danach mit einem Make-up-Schwämmchen, einem Pinsel oder mit den Fingern auftragen und verblenden. Am besten wird zunächst etwas Foundation auf den Nasenrücken und die Wangen aufgetragen und von dort aus in kreisenden Bewegungen nach außen verblendet. Anschließend nur noch die Textur einklopfen und gut einarbeiten - schon ist der Teint perfekt grundiert.', 'package_contents': 'AQUA (WATER), ISODODECANE, DIMETHICONE, HYDROGENATED POLYDECENE, GLYCERIN, C12-15 ALKYL BENZOATE, PEG-10 DIMETHICONE, DIMETHICONE CROSSPOLYMER, BUTYLENE GLYCOL, CETYL PEG/PPG-10/1 DIMETHICONE, SILICA, TRIMETHYLSILOXYSILICATE, SODIUM HYALURONATE, TOCOPHEROL, SODIUM CHLORIDE, MAGNESIUM SULFATE, TOCOPHERYL ACETATE, TRIETHOXYCAPRYLYLSILANE, DISTEARDIMONIUM HECTORITE, METHICONE, PROPYLENE CARBONATE, ETHYLHEXYLGLYCERIN, ALUMINUM HYDROXIDE, PHENOXYETHANOL, SODIUM BENZOATE, SODIUM DEHYDROACETATE, BENZOIC ACID, DEHYDROACETIC ACID, CI 77491 (IRON OXIDES), CI 77492 (IRON OXIDES), CI 77499 (IRON OXIDES), CI 77891 (TITANIUM DIOXIDE).', 'Farbe': '010N', 'skin_type': 'sensible Haut', 'Inhalt': '30 ml', 'scope_of_application': 'Gesicht', 'Produktart': 'Grundierung', 'Produkttyp': 'Fixing'}||||||010N||||||||4.5455|33|2873368_1.png|https://static.mueller.de/markant_04059729399861_pv_4528222/pdzoom/catrice-nude-drop-tinted-serum-foundation.webp|2873368_2.png|https://static.mueller.de/markant_04059729399861_pd_4032184/pdzoom/catrice-nude-drop-tinted-serum-foundation.webp|2873368_3.png|https://static.mueller.de/markant_04059729399861_pd_4528223/pdzoom/catrice-nude-drop-tinted-serum-foundation.webp|2873368_4.png|https://static.mueller.de/markant_04059729399861_pd_4861579/pdzoom/catrice-nude-drop-tinted-serum-foundation.webp|2873368_5.png|https://static.mueller.de/markant_04059729399861_pd_4032182/pdzoom/catrice-nude-drop-tinted-serum-foundation.webp|2873368_6.png|https://static.mueller.de/markant_04059729399861_pd_4034601/pdzoom/catrice-nude-drop-tinted-serum-foundation.webp||||||||||||cosnova||||||||||30 ml|AQUA (WATER), ISODODECANE, DIMETHICONE, HYDROGENATED POLYDECENE, GLYCERIN, C12-15 ALKYL BENZOATE, PEG-10 DIMETHICONE, DIMETHICONE CROSSPOLYMER, BUTYLENE GLYCOL, CETYL PEG/PPG-10/1 DIMETHICONE, SILICA, TRIMETHYLSILOXYSILICATE, SODIUM HYALURONATE, TOCOPHEROL, SODIUM CHLORIDE, MAGNESIUM SULFATE, TOCOPHERYL ACETATE, TRIETHOXYCAPRYLYLSILANE, DISTEARDIMONIUM HECTORITE, METHICONE, PROPYLENE CARBONATE, ETHYLHEXYLGLYCERIN, ALUMINUM HYDROXIDE, PHENOXYETHANOL, SODIUM BENZOATE, SODIUM DEHYDROACETATE, BENZOIC ACID, DEHYDROACETIC ACID, CI 77491 (IRON OXIDES), CI 77492 (IRON OXIDES), CI 77499 (IRON OXIDES), CI 77891 (TITANIUM DIOXIDE).||True||2873368P|||||||||10
2747932|mueller||||||||2024-10-28|Gourmet Berner Kräuter Oase Früchte-Kräutertee-Mischung|GOURMET BERNER||70|g|Home|Drogerie|Lebensmittel|Tee & Kaffee|Tee|Gourmet Berner Kräuter Oase Früchte-Kräutertee-Mischung||5,95 €|5,95 €|||||||||||85,00 € / 1 kg|||EUR|Home> Drogerie> Lebensmittel> Tee & Kaffee> Tee> Gourmet Berner Kräuter Oase Früchte-Kräutertee-Mischung|https://www.mueller.at/p/gourmet-berner-kraeuter-oase-fruechte-kraeutertee-mischung-2747932/|70 g|Früchte-Kräutertee-Mischung, aromatisiert – Lemon||Dunkel, kühl und trocken lagern.|||Deutschland|||||||||||||||||Non-Organic||||{'Lagerhinweis': 'Dunkel, kühl und trocken lagern.', 'manufacturer': 'Gourmet Berner GmbH & Co. KG', 'Herstelleradresse': 'Boschstr.7 ,71384 Weinstadt', 'Herkunftsland': 'Deutschland', 'Inhalt': '70 g', 'Zutaten': 'Apfelstücke, Hagebuttenschalen, Kamillenblüten, Zichorienwurzel, Zitronengras, Himbeerblätter, Zimtstücke, Fenchel, Ingwer, Nelken, Zitronenschalen, Kardamom, Aroma.', 'Produkttyp': 'Früchtetee'}||||||||||||||0|0|2747932_1.png|https://static.mueller.de/6958129517-PV-0/pdzoom/gourmet-berner-kraeuter-oase-fruechte-kraeutertee-mischung.webp||||||||||||||||||||||Gourmet Berner GmbH & Co. KG||||||||||70 g|||True||2747932P|||||||||6
2576061|mueller||||||||2024-10-28|Cry (LP+MP3)|||1|Stk.|Home|Multi-Media|Musik|Pop|Cry (LP+MP3)|||24,99 €|24,99 €||||||||||||||EUR|Home> Multi-Media> Musik> Pop> Cry (LP+MP3)|https://www.mueller.at/p/cry-lp-mp3-IPN2576061/|1 Stk.|Cigarettes After Sex - Cry (Vinyl + MP3)||||||||||||||||||||||Non-Organic||||{'medium': 'LP (analog)', 'Künstler': 'Cigarettes After Sex', 'Inhalt': '1 Stk.', 'Anzahl Tracks im Medium': '9', 'genre': 'Pop international', 'Label': 'PIAS/PARTISAN RECORDS'}||||||||||||||0|0|2576061_1.png|https://static.mueller.de/pdzoom/0720841217312-pv.webp||||||||||||||||||||||||||||||||1 Stk.|||True||2576061P|||||||||5
2708329|mueller||||||||2024-10-28|Norman Fucking Rockwell!|||1|Stk.|Home|Multi-Media|Musik|Pop|Norman Fucking Rockwell!|||39,99 €|39,99 €||||||||||||||EUR|Home> Multi-Media> Musik> Pop> Norman Fucking Rockwell!|https://www.mueller.at/p/norman-fucking-rockwell-2708329/|1 Stk.|||||||||||||||||||||||Non-Organic||||{'medium': 'LP (analog)', 'Künstler': 'Lana Del Rey', 'Inhalt': '1 Stk.', 'Anzahl Medien im Artikel': '2', 'genre': 'Pop international', 'Label': 'Urban'}||||||||||||||0|0|2708329_1.png|https://static.mueller.de/pdzoom/phononet_0602508409400_pv_0602508409400-0600px-001.webp||||||||||||||||||||||||||||||||1 Stk.|||True||2708329P|||||||||5
2747938|mueller||||||||2024-10-28|Gourmet Berner Freundschaftstee|GOURMET BERNER||100|g|Home|Drogerie|Lebensmittel|Tee & Kaffee|Tee|Gourmet Berner Freundschaftstee||5,95 €|5,95 €|||||||||||59,50 € / 1 kg|||EUR|Home> Drogerie> Lebensmittel> Tee & Kaffee> Tee> Gourmet Berner Freundschaftstee|https://www.mueller.at/p/gourmet-berner-freundschaftstee-2747938/|100 g|Kräuter-Früchtetee Mischung, aromatisiert – mit Cranberry-Himbeer-Geschmack.||Dunkel, kühl und trocken lagern.|||Deutschland|||||||||||||||||Non-Organic||||{'Lagerhinweis': 'Dunkel, kühl und trocken lagern.', 'manufacturer': 'Gourmet Berner GmbH & Co. KG', 'Herstelleradresse': 'Boschstr.7 ,71384 Weinstadt', 'Herkunftsland': 'Deutschland', 'Inhalt': '100 g', 'Zutaten': 'Rooibusch, Cranberries gezuckert (Cranberries, Zucker), Honigbusch, Aromen, Himbeeren, Rosenknospen, Streudekor Zuckerherzen (Zucker, Reismehl, Reisöl, Kartoffelstärke, Aroma, Farbstoffe: E101, E120), Rosen-blütenblätter.', 'Produkttyp': 'Früchtetee'}||||||||||||||0|0|2747938_1.png|https://static.mueller.de/6958439937-PV-0/pdzoom/gourmet-berner-freundschaftstee.webp||||||||||||||||||||||Gourmet Berner GmbH & Co. KG||||||||||100 g|||True||2747938P|||||||||10
2879512|mueller||||||||2024-10-28|Catrice Invisible Matte Loose Powder|CATRICE||11.5|g|Home|Parfümerie|Make-up|Teint|Grundierung|Catrice Invisible Matte Loose Powder||5,45 €|5,45 €|||||||||||473,91 € / 1 kg|||EUR|Home> Parfümerie> Make-up> Teint> Grundierung> Catrice Invisible Matte Loose Powder|https://www.mueller.at/p/catrice-invisible-matte-loose-powder-IPN2879512/|11.5 g|Der Invisible Matte Loose Powder von CATRICE hat eine extrem leichte, seidige Textur, die optisch nahtlos mit der Haut verschmilzt. Sie verleiht der Haut einen sofortigen Weichzeichnereffekt und lässt die Poren kleiner erscheinen. Hautglanz wird reduziert und die Haltbarkeit des Make-ups verlängert. Außerdem ist der transparente Puder für alle Hauttöne geeignet. Die Formulierung ist frei von Mikroplastikpartikeln, Parabenen, Silikonen, Duftstoffen, Mineralölzusatz und Öl. Transparenter loser PuderOhne Mikroplastikpartikel, Parabene, Mineralölzusatz, Silikone, Duftstoffe & ölfreiExtrem leichte, seidige Textur||||||||||||||||||||||Non-Organic||||{'consistency': 'Puder', 'target_group': 'Damen', 'manufacturer': 'cosnova', 'Herstelleradresse': 'Frankfurt (D-65843) - New York (NY 10003) – London (EC4A 4AB)', 'Kontaktmöglichkeit': 'service@cosnova.eu', 'Anwendungshinweis': 'Mit dem Puder lassen sich glänzende Hautpartien mattieren und das Make-up wird fixiert. Der Puder lässt sich am besten mit einem Powder Brush auftragen. Für einen besonders natürlichen Effekt, den Pinsel vorher auf dem Handrücken abklopfen, um überschüssigen Puder zu entfernen.', 'package_contents': 'ALUMINUM STARCH OCTENYLSUCCINATE, SILICA, ZEA MAYS (CORN) STARCH, AQUA (WATER), CI 77891 (TITANIUM DIOXIDE).', 'Farbnummer': '001', 'Farbe': 'Universal', 'skin_type': 'alle Hauttypen', 'Inhalt': '11.5 g', 'scope_of_application': 'Gesicht', 'Produktart': 'Grundierung', 'Produkttyp': 'Puder'}||||||Universal||||||||4.5161|62|2879512_1.png|https://static.mueller.de/markant_04059729399748_pv_4541529/pdzoom/catrice-invisible-matte-loose-powder.webp|2879512_2.png|https://static.mueller.de/markant_04059729399748_pd_4032843/pdzoom/catrice-invisible-matte-loose-powder.webp|2879512_3.png|https://static.mueller.de/markant_04059729399748_pd_4541466/pdzoom/catrice-invisible-matte-loose-powder.webp|2879512_4.png|https://static.mueller.de/markant_04059729399748_pd_4032172/pdzoom/catrice-invisible-matte-loose-powder.webp|2879512_5.png|https://static.mueller.de/markant_04059729399748_pd_4034599/pdzoom/catrice-invisible-matte-loose-powder.webp|2879512_6.png|https://static.mueller.de/markant_04059729399748_pd_4032171/pdzoom/catrice-invisible-matte-loose-powder.webp||||||||||||cosnova||||||||||11.5 g|ALUMINUM STARCH OCTENYLSUCCINATE, SILICA, ZEA MAYS (CORN) STARCH, AQUA (WATER), CI 77891 (TITANIUM DIOXIDE).||True||2879512P|||||||||10
2747942|mueller||||||||2024-10-28|Gourmet Berner Fruchtige Seidenkissen|GOURMET BERNER||100|g|Home|Drogerie|Lebensmittel|Süßigkeiten|Bonbons & Lutscher|Gourmet Berner Fruchtige Seidenkissen||4,95 €|4,95 €|||||||||||49,50 € / 1 kg|||EUR|Home> Drogerie> Lebensmittel> Süßigkeiten> Bonbons & Lutscher> Gourmet Berner Fruchtige Seidenkissen|https://www.mueller.at/p/gourmet-berner-fruchtige-seidenkissen-2747942/|100 g|Fruchtig und Süß. Die feinen Bonbons für Zwischendurch.|||||Deutschland||||||{'Nährwerte je': '100g', 'Brennwert': '1815 kj / 429 kcal', 'Fett in g': '7.6', '- davon gesättigte Fettsäuren in g': '7', 'Kohlenhydrate in g': '90', '- davon Zucker in g': '53.5', 'Eiweiß in g': '0.2', 'Salz in g': '0'}|||||||||||Non-Organic||||{'manufacturer': 'Gourmet Berner GmbH & Co. KG', 'Herstelleradresse': 'Boschstr.7 ,71384 Weinstadt', 'Herkunftsland': 'Deutschland', 'Inhalt': '100 g', 'Zutaten': 'Zucker, Glukosesirup, Kokosfett, Säuerungsmittel: Citronensäure, Aromen, färbende Pflanzenextrakte (Brennnessel, Kurkuma, Karotte, Rote Bete).', 'Produkttyp': 'Bonbons & Kaubonbons'}||||||||||||||0|0|2747942_1.png|https://static.mueller.de/6956727568-PV-0/pdzoom/gourmet-berner-fruchtige-seidenkissen.webp||||||||||||||||||||||Gourmet Berner GmbH & Co. KG||||||||||100 g|||True||2747942P|||||||||5
3013649|mueller||||||||2024-10-28|Ritter Sport Schokowürfel Schoko Crisp & Mousse au Chocolat|RITTER SPORT||995|g|Home|Drogerie|Lebensmittel|Süßigkeiten|Schokolade|Ritter Sport Schokowürfel Schoko Crisp & Mousse au Chocolat||22,99 €|22,99 €|||||||||||23,11 € / 1 kg|||EUR|Home> Drogerie> Lebensmittel> Süßigkeiten> Schokolade> Ritter Sport Schokowürfel Schoko Crisp & Mousse au Chocolat|https://www.mueller.at/p/ritter-sport-schokowuerfel-schoko-crisp-mousse-au-chocolat-IPN3013649/|995 g|"Die beiden beliebten Sorten Schoko Crisp und Mousse au Chocolat sind die perfekte Beigabe zum Kaffee oder Tee. Kleine Motive auf den Verpackungen der einzelnen Schokowürfel erwecken Freude und laden zu einem Moment des Genusses ein.

Schokowürfel in den Sorten Schoko Crisp und Mousse au Chocolat
Perfekte Beigabe zum Kaffee oder Tee
Emotionale Motive auf den einzelnen Verpackungen
100% zertifiziert nachhaltiger Kakaobezug
"||Vor Wärme und Feuchtigkeit schützen.|||||||||{'Nährwerte je': '100g', 'Brennwert': '2360 kj / 566 kcal', 'Fett in g': '37', '- davon gesättigte Fettsäuren in g': '22', 'Kohlenhydrate in g': '50', '- davon Zucker in g': '49', 'Eiweiß in g': '6,5', 'Salz in g': '0,3'}|||||||||||Non-Organic||||{'Lagerhinweis': 'Vor Wärme und Feuchtigkeit schützen.', 'manufacturer': 'Alfred Ritter GmbH & Co. KG', 'Herstelleradresse': 'D-71111 Waldenbuch Deutschland', 'Kontaktmöglichkeit': 'ritter-sport@office-direkt.de', 'Inhalt': '995 g', 'Zutaten': 'Zucker, Palmfett*, VollMILCHpulver, Kakaobutter¹, Kakaomasse¹, MagerMILCHpulver, magerer Kakao, BUTTERreinfett, LAKTOSE, WEIZENmehl, HASELNUSSmasse, Emulgator: Lecithine (SOJA); WEIZENmalz, WEIZENstärke, Salz. *zertifiziert nachhaltig. Kann Spuren von Erdnüssen, anderen Schalenfrüchten und Ei enthalten. ¹Rainforest Alliance Certified', 'Produkttyp': 'Schokoladenartikel'}||||||||||||||0|0|3013649_1.png|https://static.mueller.de/pdzoom/4000417676108-VS.webp||||||||||||||||||||||Alfred Ritter GmbH & Co. KG||||||||||995 g|||False||3013649P|||||||||1
36597|mueller||||||||2024-10-28|Müller - Toy Place - Hund mit Halstuch, liegend ca. 30 cm|TOY PLACE||1|Stk.|Home|Spielwaren|Kuscheltiere & Puppen|Kuscheltiere|Stofftiere|Müller - Toy Place - Hund mit Halstuch, liegend ca. 30 cm||12,99 €|12,99 €||||||||||||||EUR|Home> Spielwaren> Kuscheltiere & Puppen> Kuscheltiere> Stofftiere> Müller - Toy Place - Hund mit Halstuch, liegend ca. 30 cm|https://www.mueller.at/p/mueller-toy-place-hund-mit-halstuch-liegend-ca-30-cm-36597/|1 Stk.|"Toy Place - Hund mit Halstuch
Liegend ca. 30 cm"||||||||0 Jahre||||||||||||||Non-Organic||||"{'target_group': 'Kindergartenkinder', 'Artikelnummer des Herstellers': '36597', 'license': 'Toy Place Plüsch', 'Altersempfehlung ab': '0 Jahre', 'Altersempfehlung bis': '12 Jahre', 'Tierart': 'Hund', 'Materialdetails': 'Plüsch, Plüsch/Stoff (Hauptsächlich)', 'Material': 'Plüsch|Plüsch/Stoff (Hauptsächlich)', 'Inhalt': '1 Stk.', 'Genre | Spielmotivation': 'Spielen|Sammeln', 'Produkttyp': 'Kuschelartikel'}"||||||||Plüsch, Plüsch/Stoff (Hauptsächlich)||||||5.0|1|36597_1.png|https://static.mueller.de/pdzoom/36597_0a.webp|36597_2.png|https://static.mueller.de/pdzoom/36597_03.webp|36597_3.png|https://static.mueller.de/pdzoom/36597_02.webp|36597_4.png|https://static.mueller.de/pdzoom/36597_01.webp||||||||||||||||36597||||||||||1 Stk.|||False||36597P|||||||||1
2879520|mueller||||||||2024-10-28|Catrice Plump It Up Lip Booster|CATRICE||3.5|ml|Home|Parfümerie|Make-up|Lippen|Lippenstift|Catrice Plump It Up Lip Booster||3,75 €|3,75 €||||||||||||||EUR|Home> Parfümerie> Make-up> Lippen> Lippenstift> Catrice Plump It Up Lip Booster|https://www.mueller.at/p/catrice-plump-it-up-lip-booster-IPN2879520/|3.5 ml|Der Plump It Up Lip Booster von CATRICE ist DER Gamechanger für voluminös aussehende Lippen mit hochglänzendem Finish. Die Formel mit Menthol, Vitamin E und Jojoba-Öl pflegt die Lippen und hinterlässt ein prickelndes, kühlendes Gefühl. Gleichzeitig fühlt sich die nicht klebende, weiche Textur sehr angenehm auf den Lippen an. Dank integriertem Applikator mit dicker, softer Spitze lässt sich der Lipgloss einfach und gleichmäßig auftragen. Lipgloss mit aufpolsterndem Effekt & hochglänzendem FinishMit Menthol, Vitamin E & Jojoba-ÖlWeiche, nicht klebende Textur||||||||||||||||||||||Non-Organic||||"{'target_group': 'Damen', 'manufacturer': 'cosnova GmbH', 'Herstelleradresse': 'Frankfurt (D-65843)', 'Kontaktmöglichkeit': 'service@cosnova.eu', 'Anwendungshinweis': 'Der Lip Booster verleiht den Lippen ein außergewöhnliches shiny Finish und lässt sie voller erscheinen. Für ein besonders intensives Farbergebnis können die Lippen vorher mit einem Lipliner konturiert und ausgemalt werden.', 'package_contents': 'PENTAERYTHRITYL TETRAISOSTEARATE, POLYBUTENE, OCTYLDODECANOL, RICINUS COMMUNIS (CASTOR) SEED OIL, SILICA DIMETHYL SILYLATE, SHOREA ROBUSTA RESIN, HELIANTHUS ANNUUS (SUNFLOWER) SEED OIL, MENTHOL, SIMMONDSIA CHINENSIS (JOJOBA) SEED OIL, PRUNUS AMYGDALUS DULCIS (SWEET ALMOND) OIL, TOCOPHERYL ACETATE, TOCOPHEROL, SODIUM HYALURONATE, BENZYL NICOTINATE, SYNTHETIC FLUORPHLOGOPITE, OCTYLDODECYL STEAROYL STEARATE, VP/HEXADECENE COPOLYMER, AROMA (FLAVOR), TIN OXIDE, BARIUM SULFATE, CI 15850 (RED 6), CI 15850 (RED 7 LAKE), CI 42090 (BLUE 1 LAKE), CI 77491 (IRON OXIDES), CI 77891 (TITANIUM DIOXIDE).', 'Farbnummer': '010', 'Farbe': ""Poppin' Champagne"", 'Inhalt': '3.5 ml', 'scope_of_application': 'Lippen', 'Produkttyp': 'Lippenfarbe'}"||||||Poppin' Champagne||||||||4.0|3|2879520_1.png|https://static.mueller.de/markant_04059729401427_pv_4545612/pdzoom/catrice-plump-it-up-lip-booster.webp|2879520_2.png|https://static.mueller.de/markant_04059729401427_pd_4032193/pdzoom/catrice-plump-it-up-lip-booster.webp|2879520_3.png|https://static.mueller.de/markant_04059729401427_pd_4032200/pdzoom/catrice-plump-it-up-lip-booster.webp|2879520_4.png|https://static.mueller.de/markant_04059729401427_pd_4034603/pdzoom/catrice-plump-it-up-lip-booster.webp|2879520_5.png|https://static.mueller.de/markant_04059729401427_pd_4545436/pdzoom/catrice-plump-it-up-lip-booster.webp|2879520_6.png|https://static.mueller.de/markant_04059729401427_pd_4032198/pdzoom/catrice-plump-it-up-lip-booster.webp||||||||||||cosnova GmbH||||||||||3.5 ml|PENTAERYTHRITYL TETRAISOSTEARATE, POLYBUTENE, OCTYLDODECANOL, RICINUS COMMUNIS (CASTOR) SEED OIL, SILICA DIMETHYL SILYLATE, SHOREA ROBUSTA RESIN, HELIANTHUS ANNUUS (SUNFLOWER) SEED OIL, MENTHOL, SIMMONDSIA CHINENSIS (JOJOBA) SEED OIL, PRUNUS AMYGDALUS DULCIS (SWEET ALMOND) OIL, TOCOPHERYL ACETATE, TOCOPHEROL, SODIUM HYALURONATE, BENZYL NICOTINATE, SYNTHETIC FLUORPHLOGOPITE, OCTYLDODECYL STEAROYL STEARATE, VP/HEXADECENE COPOLYMER, AROMA (FLAVOR), TIN OXIDE, BARIUM SULFATE, CI 15850 (RED 6), CI 15850 (RED 7 LAKE), CI 42090 (BLUE 1 LAKE), CI 77491 (IRON OXIDES), CI 77891 (TITANIUM DIOXIDE).||True||2879520P||||Enthält Menthol. Nicht auf empfindliche oder gereizte Haut auftragen.|||||10
2458789|mueller||||||||2024-10-28|umbra Garderobenhaken BUDDY|UMBRA||1|Stk.|Home|Haushalt|Wohnen & Dekorieren|Badausstattung|Badaccessoires|umbra Garderobenhaken BUDDY||19,99 €|19,99 €||||||||||||||EUR|Home> Haushalt> Wohnen & Dekorieren> Badausstattung> Badaccessoires> umbra Garderobenhaken BUDDY|https://www.mueller.at/p/umbra-garderobenhaken-buddy-2458789/|1 Stk.|||||||||||||||||||||||Non-Organic||||{'manufacturer': 'UMBRA B.V.', 'Herstelleradresse': 'Monitorweg 1, NL-1322 BJ Almere', 'Kontaktmöglichkeit': 'EU.CustomerService@umbra.com', 'Farbe': 'Grau', 'Höhe': '7.5 cm', 'Breite': '16.5 cm', 'Tiefe': '7.5 cm', 'Inhalt': '1 Stk.'}||||||Grau||||||||0|0|2458789_1.png|https://static.mueller.de/6627486776-PV-0/pdzoom/umbra-garderobenhaken-buddy.webp||||||||||||||||||||||UMBRA B.V.||||||||||1 Stk.|||False||2458789P|||||||||1
3015112|mueller||||||||2024-10-28|MAYBELLINE NEW YORK Sunkisser Blush|MAYBELLINE NEW YORK||4.7|ml|Home|Parfümerie|Make-up|Teint|Rouge|MAYBELLINE NEW YORK Sunkisser Blush||9,99 €|9,99 €||||||||||||||EUR|Home> Parfümerie> Make-up> Teint> Rouge> MAYBELLINE NEW YORK Sunkisser Blush|https://www.mueller.at/p/maybelline-new-york-sunkisser-blush-IPN3013654/|4.7 ml|Der Maybelline Sunkisser Blush in der Farbe Shades On sorgt für sonnengeküsste Wangen, wie aus dem Urlaub. Die zartschmelzende Formel ist vegan, wurde mit Vitamin E angereichert, enthält mit der Haut verschmelzende Pigmente und lässt sich mit dem XL-Plüsch Applikator leicht auftragen und verblenden. Dank lichtreflektierender Perlen verleiht der flüssige, bronzefarbene Blush einen natürlichen Glow, der bis zu 10 Stunden hält. Perfekter Sommer-Glow: Sunkisser Blush in der Farbe 02 Shades OnSonnengeküsster Glow: lichtreflektierende Perlen und Pigmente, die mit der Haut verschmelzenZartschmelzende Formel mit Vitamin E für natürlichen Glow, der bis zu 10 Stunden hältFlüssiges Blush mit XL-Plüsch Applikator für einfaches Auftragen in SekundenBlush mit veganer Formel ohne Inhaltsstoffe tierischen Ursprungs für sonnengeküsste Looks||Kühl und trocken lagern.||||||||||||||||||||Non-Organic||||"{'Effekt': 'schimmernd', 'consistency': 'Fluid', 'Lagerhinweis': 'Kühl und trocken lagern.', 'target_group': 'Damen', 'manufacturer': ""L'Oréal Deutschland GmbH"", 'Herstelleradresse': 'TSA 75000 93684 ST OUEN CEDEX FR', 'Kontaktmöglichkeit': '0211 544 77968', 'Anwendungshinweis': 'Den Sunkisser Blush mithilfe des XL-Plüsch Applikators auf die Wangen auftragen und anschließend mit den Fingern, einem Pinsel oder Beauty-Schwämmchen verblenden. Für eine höhere Deckkraft kann der flüssige Blush auch in mehreren Schichten aufgetragen werden.', 'package_contents': 'AQUA / WATER • DIMETHICONE • ISODODECANE • ALCOHOL DENAT. • BUTYLENE GLYCOL • TRIMETHYLSILOXYSILICATE • PEG-10 DIMETHICONE • PERLITE • DISTEARDIMONIUM HECTORITE • NYLON-12 • ISOPROPYL LAUROYL SARCOSINATE • DIISOPROPYL SEBACATE • HDI/TRIMETHYLOL HEXYLLACTONE CROSSPOLYMER • BIS-PEG/PPG-14/14 DIMETHICONE • MAGNESIUM SULFATE • SYNTHETIC FLUORPHLOGOPITE • PHENOXYETHANOL • SILICA SILYLATE • CALCIUM SODIUM BOROSILICATE • DIPENTAERYTHRITYL TETRAHYDROXYSTEARATE/TETRAISOSTEARATE • TOCOPHEROL • TRIETHOXYSILYLETHYL POLYDIMETHYLSILOXYETHYL DIMETHICONE • ISOPROPYL TITANIUM TRIISOSTEARATE • GLYCERIN • EMPETRUM NIGRUM FRUIT JUICE • SILICA • TIN OXIDE • POTASSIUM SORBATE ● [+/- MAY CONTAIN: MICA • CI 77891 / TITANIUM DIOXIDE • CI 77491, CI 77492, CI 77499 / IRON OXIDES • CI 19140 / YELLOW 5 LAKE • CI 15850 / RED 7 • CI 77007 / ULTRAMARINES]. (F.I.L. Z70024302/2).', 'Farbnummer': '08', 'Farbe': 'Shades On', 'skin_type': 'reife Haut', 'Inhalt': '4.7 ml', 'scope_of_application': 'Wangen', 'Batterien erforderlich': 'Nein', 'Produktart': 'Rouge', 'Produkttyp': 'Rouge'}"||||||Shades On||||||||4.5731|171|3015112_1.png|https://static.mueller.de/markant_03600531668464_pv_4670886/pdzoom/maybelline-new-york-sunkisser-blush.webp|3015112_2.png|https://static.mueller.de/markant_03600531668464_pr_4670884/pdzoom/maybelline-new-york-sunkisser-blush.webp|3015112_3.png|https://static.mueller.de/markant_03600531668464_pd_4670844/pdzoom/maybelline-new-york-sunkisser-blush.webp|3015112_4.png|https://static.mueller.de/markant_03600531668464_pd_4692268/pdzoom/maybelline-new-york-sunkisser-blush.webp|3015112_5.png|https://static.mueller.de/markant_03600531668464_pd_4692267/pdzoom/maybelline-new-york-sunkisser-blush.webp|3015112_6.png|https://static.mueller.de/markant_03600531668464_pd_4692271/pdzoom/maybelline-new-york-sunkisser-blush.webp||||||||||||L'Oréal Deutschland GmbH||||||||||4.7 ml|AQUA / WATER • DIMETHICONE • ISODODECANE • ALCOHOL DENAT. • BUTYLENE GLYCOL • TRIMETHYLSILOXYSILICATE • PEG-10 DIMETHICONE • PERLITE • DISTEARDIMONIUM HECTORITE • NYLON-12 • ISOPROPYL LAUROYL SARCOSINATE • DIISOPROPYL SEBACATE • HDI/TRIMETHYLOL HEXYLLACTONE CROSSPOLYMER • BIS-PEG/PPG-14/14 DIMETHICONE • MAGNESIUM SULFATE • SYNTHETIC FLUORPHLOGOPITE • PHENOXYETHANOL • SILICA SILYLATE • CALCIUM SODIUM BOROSILICATE • DIPENTAERYTHRITYL TETRAHYDROXYSTEARATE/TETRAISOSTEARATE • TOCOPHEROL • TRIETHOXYSILYLETHYL POLYDIMETHYLSILOXYETHYL DIMETHICONE • ISOPROPYL TITANIUM TRIISOSTEARATE • GLYCERIN • EMPETRUM NIGRUM FRUIT JUICE • SILICA • TIN OXIDE • POTASSIUM SORBATE ● [+/- MAY CONTAIN: MICA • CI 77891 / TITANIUM DIOXIDE • CI 77491, CI 77492, CI 77499 / IRON OXIDES • CI 19140 / YELLOW 5 LAKE • CI 15850 / RED 7 • CI 77007 / ULTRAMARINES]. (F.I.L. Z70024302/2).||True||3015112P|||||||||10
2708341|mueller||||||||2024-10-28|Legends Never Die (2LP)|||1|Stk.|Home|Multi-Media|Musik|Hip-Hop|Legends Never Die (2LP)|||32,99 €|32,99 €||||||||||||||EUR|Home> Multi-Media> Musik> Hip-Hop> Legends Never Die (2LP)|https://www.mueller.at/p/legends-never-die-2lp-2708341/|1 Stk.|||||||||||||||||||||||Non-Organic||||{'medium': 'LP (analog)', 'Künstler': 'Juice WRLD', 'Inhalt': '1 Stk.', 'Anzahl Medien im Artikel': '2', 'genre': 'HipHop / Rap international', 'Label': 'Interscope'}||||||||||||||0|0|2708341_1.png|https://static.mueller.de/pdzoom/phononet_0602507496074_pv_0602507496074-0600px-001.webp||||||||||||||||||||||||||||||||1 Stk.|||True||2708341P|||||||||5
521225|mueller||||||||2024-10-28|bolsius Rustikkerze Shine Naturwax 10/5cm|BOLSIUS||1|Stk.|Home|Drogerie|Haushalt|Haushaltsartikel|Kerzen|Stumpenkerzen|bolsius Rustikkerze Shine Naturwax 10/5cm|2,09 €|2,09 €||||||||||||||EUR|Home> Drogerie> Haushalt> Haushaltsartikel> Kerzen> Stumpenkerzen> bolsius Rustikkerze Shine Naturwax 10/5cm|https://www.mueller.at/p/bolsius-rustikkerze-shine-naturwax-10-5cm-IPN521225/|1 Stk.|Bolsius Rustik Qualitätskerzen gibt es in unterschiedlichen Größen und 21 verschiedenen Farben. Unsere Kollektion Rustik Kerzen sind von Farben und Texturen aus der Natur inspiriert. Hergestellt mit Respekt für Mensch und Natur, ohne Palmöl, dafür mit Pflanzlichem Wachs aus Oliven-, Sonnenblumen- oder Rapsöl. Die Rustik Kerzen Kollektion wird in jeder Saison um ausgewählte neue Trendfarben erweitert. Dein Interieur ist mit den Rustik Kerzen also immer Up-to-date!||||||||||||||||||||||Non-Organic||||{'Gewicht': '178', 'special_function': '• Einsatzbereich: innen\n• Problemlos mehrfach anzündbar\n• Ruhige und gleichmäßige Flamme\n• Minimale Rußentwicklung\n• RAL-zertifiziert', 'manufacturer': 'bolsius', 'Herstelleradresse': 'Martin-Kremmer-Straße 14, 45327 Essen', 'Kontaktmöglichkeit': 'assistenz_nonfood@de.bolsius.com', 'Materialdetails': 'Wachs', 'Material': 'Wachs', 'Farbe': 'Samtrot', 'Höhe': '10 cm', 'Breite': '5 cm', 'Tiefe': '5 cm', 'Inhalt': '1 Stk.'}||||||Samtrot||Wachs||||||0|0|521225_1.png|https://static.mueller.de/pdzoom/8717847142825_PV.webp|521225_2.png|https://static.mueller.de/pdzoom/8717847142825_PD.webp||||||||||||||||||||bolsius||||||||||1 Stk.|||True||521225P|||||||||10
2747912|mueller||||||||2024-10-28|Gourmet Berner Balsamico Honig Senf|GOURMET BERNER||190|ml|Home|Drogerie|Lebensmittel|Nahrung|Essig & Öl|Gourmet Berner Balsamico Honig Senf||5,95 €|5,95 €|||||||||||31,32 € / 1 l|||EUR|Home> Drogerie> Lebensmittel> Nahrung> Essig & Öl> Gourmet Berner Balsamico Honig Senf|https://www.mueller.at/p/gourmet-berner-balsamico-honig-senf-2747912/|190 ml|Balsamico Honig Senf nach Hausmacher Rezeptur.|||||Deutschland|SENF, SCHWEFELDIOXID|||||{'Nährwerte je': '100g', 'Brennwert': '824 kj / 197 kcal', 'Fett in g': '9.2', '- davon gesättigte Fettsäuren in g': '0.5', 'Kohlenhydrate in g': '19.5', '- davon Zucker in g': '14.4', 'Eiweiß in g': '8', 'Salz in g': '3.5'}|||||||||||Non-Organic||||{'manufacturer': 'Gourmet Berner GmbH & Co. KG', 'Herstelleradresse': 'Boschstr.7 ,71384 Weinstadt', 'Herkunftsland': 'Deutschland', 'Allergenhinweis': 'SENF, SCHWEFELDIOXID', 'Inhalt': '190 ml', 'Zutaten': 'Wasser, SENFSAAT, Balsamessig (18%) (Weinessig, konzentrierter Traubenmost, Farbstoff: Ammonsulfit-Zuckerkulör, Antioxidationsmittel: SCHWEFELDIOXID), Blütenhonig (9%), Salz, Gewürze.', 'Produkttyp': 'Essig & Öl'}||||||||||||||0|0|2747912_1.png|https://static.mueller.de/6958129382-PV-0/pdzoom/gourmet-berner-balsamico-honig-senf.webp||||||||||||||||||||||Gourmet Berner GmbH & Co. KG||||||||||190 ml|||True||2747912P|||||||||10
2879531|mueller||||||||2024-10-28|Catrice Pore Ultra Minimizing Serum|CATRICE||30|ml|Home|Parfümerie|Pflege|Gesichtspflege|Spezialpflege|Seren & Ampullen|Catrice Pore Ultra Minimizing Serum|5,95 €|5,95 €|||||||||||198,33 € / 1 l|||EUR|Home> Parfümerie> Pflege> Gesichtspflege> Spezialpflege> Seren & Ampullen> Catrice Pore Ultra Minimizing Serum|https://www.mueller.at/p/catrice-pore-ultra-minimizing-serum-IPN2879531/|30 ml|Tropfen für Tropfen zu einem feineren Hautbild: Das Pore Ultra Minimizing Serum hat eine hochwirksame, pflegende Formulierung, die für ein ebenmäßigeres Hautbild sorgt und Hautglanz mindert. Die Wirksamkeit wurde durch ein externes Institut bestätigt: Nach nur 7 Tagen bestätigten jeweils 83,3%, dass sich die Haut glatter anfühlt, ihr Hautbild gleichmäßiger ist und dass das Produkt einen Unterschied in Ihrer Hautpflegeroutine macht.* Dank des Serums lässt sich überschüssiger Talg reduzieren und vergrößerte Poren werden sichtbar verkleinert. Die Inhaltsstoffe können sich sehen lassen: 10% Niacinamid, 3% Evermat™ von Sederma, Meeresalge und Allantoin. Außerdem ist die Formulierung ohne Duftstoffe.  *Studie mit 30 Frauen Pflegendes Gesichtsserum mit porenminimierendem EffektMit 10% Niacinamid, 3% Evermat™ von Sederma, Meeresalge & AllantoinFür einen verfeinerten & mattierten Teint||||||||||||||||||||||Non-Organic||||{'target_group': 'Damen', 'manufacturer': 'cosnova', 'Herstelleradresse': 'Am Limespark 2, D-65843 Sulzbach am Taunus', 'Kontaktmöglichkeit': 'service@cosnova.eu', 'Anwendungshinweis': 'Das pflegende Gesichtsserum lässt sich ganz einfach in die tägliche Beauty-Routine integrieren: einfach nach der Gesichtsreinigung ein paar Tropfen Serum auf Gesicht, Hals und Dekolleté auftragen, sanft einmassieren und einziehen lassen. Anschließend kann die normale Tagespflege aufgetragen werden.', 'package_contents': 'AQUA (WATER), NIACINAMIDE, SACCHARINA LATISSIMA EXTRACT, GLYCERIN, BUTYLENE GLYCOL, PANTHENOL, ENANTIA CHLORANTHA BARK EXTRACT, TOCOPHEROL, XANTHAN GUM, PROPYLENE GLYCOL, ALLANTOIN, ETHYLHEXYLGLYCERIN, OLEANOLIC ACID, LACTIC ACID, CITRIC ACID, PHENOXYETHANOL, POTASSIUM SORBATE, SODIUM BENZOATE.', 'skin_type': 'ölige Haut', 'Inhalt': '30 ml', 'scope_of_application': 'Pflege', 'Produkttyp': 'Fixing'}||||||||||||||4.8261|23|2879531_1.png|https://static.mueller.de/markant_04059729400185_pv_4540644/pdzoom/catrice-pore-ultra-minimizing-serum.webp|2879531_2.png|https://static.mueller.de/markant_04059729400185_pd_4055530/pdzoom/catrice-pore-ultra-minimizing-serum.webp|2879531_3.png|https://static.mueller.de/markant_04059729400185_pd_4055529/pdzoom/catrice-pore-ultra-minimizing-serum.webp|2879531_4.png|https://static.mueller.de/markant_04059729400185_pd_4540645/pdzoom/catrice-pore-ultra-minimizing-serum.webp|2879531_5.png|https://static.mueller.de/markant_04059729400185_pd_4046430/pdzoom/catrice-pore-ultra-minimizing-serum.webp|2879531_6.png|https://static.mueller.de/markant_04059729400185_pd_4046432/pdzoom/catrice-pore-ultra-minimizing-serum.webp||||||||||||cosnova||||||||||30 ml|AQUA (WATER), NIACINAMIDE, SACCHARINA LATISSIMA EXTRACT, GLYCERIN, BUTYLENE GLYCOL, PANTHENOL, ENANTIA CHLORANTHA BARK EXTRACT, TOCOPHEROL, XANTHAN GUM, PROPYLENE GLYCOL, ALLANTOIN, ETHYLHEXYLGLYCERIN, OLEANOLIC ACID, LACTIC ACID, CITRIC ACID, PHENOXYETHANOL, POTASSIUM SORBATE, SODIUM BENZOATE.||True||2879531P||||Augen- und Lippenpartie aussparen.|||||10
114290|mueller||||||||2024-10-28|NOCH 07065 H0 - Start-Set Schneeflocken|NOCH||1|Stk.|Home|Spielwaren|Modellbau & Modelleisenbahn|Modelleisenbahn|Landschaftsbau|NOCH 07065 H0 - Start-Set Schneeflocken||14,49 €|14,49 €|14,49 €|10,99 €||||24%|Sie sparen 24%|||||||EUR|Home> Spielwaren> Modellbau & Modelleisenbahn> Modelleisenbahn> Landschaftsbau> NOCH 07065 H0 - Start-Set Schneeflocken|https://www.mueller.at/p/noch-07065-h0-start-set-schneeflocken-114290/|1 Stk.|Start-Set Schneeflocken      Spurweiten: ALLE||||||||8 Jahre||||||||||||||Non-Organic||||{'target_group': 'Erwachsene', 'manufacturer': 'Noch GmbH & Co. KG', 'Herstelleradresse': 'Lindauer Str. 49 88239 Wangen im Allgäu', 'Kontaktmöglichkeit': 'https://www.noch.de/', 'Artikelnummer des Herstellers': '07065', 'license': 'NOCH Winter', 'Altersempfehlung ab': '8 Jahre', 'Altersempfehlung bis': '99 Jahre', 'Materialdetails': 'Kunststoff (Hauptsächlich)', 'Material': 'Kunststoff (Hauptsächlich)', 'Inhalt': '1 Stk.', 'Produkttyp': 'Streumaterial'}||||||||Kunststoff (Hauptsächlich)||||||0|0|114290_1.png|https://static.mueller.de/62776681-PV-0/pdzoom/noch-07065-h0-start-set-schneeflocken.webp|114290_2.png|https://static.mueller.de/62776681-PB-1/pdzoom/noch-07065-h0-start-set-schneeflocken.webp|114290_3.png|https://static.mueller.de/62776681-PB-2/pdzoom/noch-07065-h0-start-set-schneeflocken.webp||||||||||||||||||Noch GmbH & Co. KG||||||||||1 Stk.|||True||114290P|||||||||3
2879533|mueller||||||||2024-10-28|Catrice Pure False Lash Mascara|CATRICE||10|ml|Home|Parfümerie|Make-up|Augen|Mascara|Catrice Pure False Lash Mascara||4,45 €|4,45 €|||||||||||445,00 € / 1 l|||EUR|Home> Parfümerie> Make-up> Augen> Mascara> Catrice Pure False Lash Mascara|https://www.mueller.at/p/catrice-pure-false-lash-mascara-IPN2879533/|10 ml|Keine Zeit für große Make-up-Sessions? No problem - die Pure False Lash Mascara kreiert in Sekundenschnelle einen Falsche-Wimpern-Effekt und sorgt somit für große Augenblicke! Dabei kommt die Wimperntusche mit einer gebogenen Faserbürste. Damit lässt sich jede einzelne Wimper mit der Textur umhüllen - sofort wirken die Wimpern länger und dichter. Das Besondere? Die parfümfreie Formel hat eine aufbaubare Deckkraft: Von klassischen bis auffälligen Eye-Looks ist alles möglich! Langanhaltende Mascara mit gebogener Faserbürste für falsche-Wimpern EffektMit veganem KollagenWischfeste Textur||||||||||||||||||||||Non-Organic||||"{'Effekt': 'Volumen|verdichtend|verlängernd', 'target_group': 'Damen', 'manufacturer': 'cosnova', 'Herstelleradresse': 'Frankfurt (D-65843) - New York (NY 10003) – London (EC4A 4AB)', 'Kontaktmöglichkeit': 'service@cosnova.eu', 'Anwendungshinweis': ""Mascara betont die Wimpern und verleiht einen ausdrucksstarken Augenaufschlag. Und so geht's: Den Applikator mit einer leichten Drehbewegung herausziehen und die Mascara von der Wurzel bis zur Spitze in Zickzack-Bewegungen auf die Wimpern auftragen - gern auch mehrere Schichten nacheinander für noch intensivere Augenblicke."", 'package_contents': 'AQUA (WATER), HYDROGENATED OLIVE OIL, BIS-DIGLYCERYL POLYACYLADIPATE-2, MYRICA PUBESCENS FRUIT WAX, OLEA EUROPAEA (OLIVE) FRUIT OIL, GLYCERIN, ORYZA SATIVA (RICE) BRAN WAX, COPERNICIA CERIFERA CERA (COPERNICIA CERIFERA (CARNAUBA) WAX), STEARIC ACID, PALMITIC ACID, GLYCERYL STEARATE, RICINUS COMMUNIS (CASTOR) SEED OIL, OLEA EUROPAEA (OLIVE) OIL UNSAPONIFIABLES, HELIANTHUS ANNUUS (SUNFLOWER) SEED OIL, COCOYL HYDROLYZED COLLAGEN, TOCOPHEROL, VP/EICOSENE COPOLYMER, SHOREA ROBUSTA RESIN, POLYURETHANE-34, CAPRYLYL GLYCOL, HYDROXYETHYLCELLULOSE, XANTHAN GUM, HEXYLENE GLYCOL, METHYLPROPANEDIOL, PHENYLPROPANOL, AMINOMETHYL PROPANOL, PHENOXYETHANOL, CI 77499 (IRON OXIDES).', 'Farbnummer': '010', 'Farbe': 'Truly Black', 'Inhalt': '10 ml', 'scope_of_application': 'Augen', 'Produkttyp': 'Wimperntusche'}"||||||Truly Black||||||||4.5625|32|2879533_1.png|https://static.mueller.de/markant_04059729398598_pv_4541394/pdzoom/catrice-pure-false-lash-mascara.webp|2879533_2.png|https://static.mueller.de/markant_04059729398598_pd_3932843/pdzoom/catrice-pure-false-lash-mascara.webp|2879533_3.png|https://static.mueller.de/markant_04059729398598_pd_3932842/pdzoom/catrice-pure-false-lash-mascara.webp|2879533_4.png|https://static.mueller.de/markant_04059729398598_pd_3999188/pdzoom/catrice-pure-false-lash-mascara.webp|2879533_5.png|https://static.mueller.de/markant_04059729398598_pd_3999187/pdzoom/catrice-pure-false-lash-mascara.webp|2879533_6.png|https://static.mueller.de/markant_04059729398598_pd_3999186/pdzoom/catrice-pure-false-lash-mascara.webp||||||||||||cosnova||||||||||10 ml|AQUA (WATER), HYDROGENATED OLIVE OIL, BIS-DIGLYCERYL POLYACYLADIPATE-2, MYRICA PUBESCENS FRUIT WAX, OLEA EUROPAEA (OLIVE) FRUIT OIL, GLYCERIN, ORYZA SATIVA (RICE) BRAN WAX, COPERNICIA CERIFERA CERA (COPERNICIA CERIFERA (CARNAUBA) WAX), STEARIC ACID, PALMITIC ACID, GLYCERYL STEARATE, RICINUS COMMUNIS (CASTOR) SEED OIL, OLEA EUROPAEA (OLIVE) OIL UNSAPONIFIABLES, HELIANTHUS ANNUUS (SUNFLOWER) SEED OIL, COCOYL HYDROLYZED COLLAGEN, TOCOPHEROL, VP/EICOSENE COPOLYMER, SHOREA ROBUSTA RESIN, POLYURETHANE-34, CAPRYLYL GLYCOL, HYDROXYETHYLCELLULOSE, XANTHAN GUM, HEXYLENE GLYCOL, METHYLPROPANEDIOL, PHENYLPROPANOL, AMINOMETHYL PROPANOL, PHENOXYETHANOL, CI 77499 (IRON OXIDES).||True||2879533P|||||||||10
3013667|mueller||||||||2024-10-28|WENZEL Retro Glas|WENZEL||1|Stk.|Home|Drogerie|Haushalt|Haushaltsartikel|Kerzen|Kerzen im Glas|WENZEL Retro Glas|7,99 €|7,99 €||||||||||||||EUR|Home> Drogerie> Haushalt> Haushaltsartikel> Kerzen> Kerzen im Glas> WENZEL Retro Glas|https://www.mueller.at/p/wenzel-retro-glas-IPN3013665/|1 Stk.|Hochwertiges Glas mit Wachs befüllt||||||||||||||||||||||Non-Organic||||{'manufacturer': 'Richard Wenzel GmbH & Co. KG', 'Herstelleradresse': 'Benzstraße 5, DE-63741 Aschaffenburg', 'Kontaktmöglichkeit': 'sales@wenzel-kerzen.de', 'Materialdetails': 'Paraffin, Glas', 'Farbe': 'anthrazit', 'Höhe': '7 cm', 'Durchmesser': '7.5 cm', 'Inhalt': '1 Stk.'}||||||anthrazit||Paraffin, Glas||||||0|0|3013667_1.png|https://static.mueller.de/pdzoom/4062829024144.webp||||||||||||||||||||||Richard Wenzel GmbH & Co. KG||||||||||1 Stk.|||True||3013667P|||||||||10
2879547|mueller||||||||2024-10-28|Orphan: First Kill|||1|Stk.|Home|Multi-Media|Filme & TV|Horror|Orphan: First Kill|||7,99 €|7,99 €||||||||||||||EUR|Home> Multi-Media> Filme & TV> Horror> Orphan: First Kill|https://www.mueller.at/p/orphan-first-kill-IPN2879547/|1 Stk.|"Tricia (Julia Stiles) und Allen (Rossif Sutherland) können ihr Glück kaum fassen, als ihnen mitgeteilt wird, dass ihre vermisste Tochter Esther (Isabelle Fuhrman) wieder aufgetaucht ist. Behutsam versuchen die beiden, das Mädchen in ihre Familie einzugewöhnen. Doch seltsame Ereignisse und kleinere Ungereimtheiten lassen sie schon bald stutzen. Als sich mysteriöse Todesfälle im Umfeld der Familie ereignen, zweifelt Tricia, ob Esther wirklich ihre Tochter ist. Und schon bald werden ihren schlimmsten Befürchtungen bestätigt: Ihre Familie ist in akuter Gefahr, und Tricia muss sie um jeden Preis vor dem mörderischen Kind beschützen.

Genre-Spezialist Willam Brent Bell, der schon mit ""The Boy"" sein Faible für Evil-Child-Horrorfilme eindrucksvoll unter Beweis stellte, inszeniert mit ORPHAN: FIRST KILL nun erneut einen nervenaufreibenden Horrorschocker in dem Sub-Genre: Im Prequel zum Fanhit ""Orphan - Das Waisenkind"" (2009) bringt der Filmemacher die psychopathische Esther zurück auf die Kinoleinwand und mit ihr auch Schauspielerin Isabelle Fuhrman, die erneut in die Rolle des mörderischen Mädchens schlüpft. An ihrer Seite sind Julia Stiles (""The Hustler"") und Rossif Sutherland (""The Possessor"") als das Ehepaar zu sehen, dessen Leben dramatisch bedroht ist - fulminantes Finale garantiert!


Presse:
""Finster und verstörend."" (BILD)
""Erfrischend clever, unvorhersehbar und blutig."" (TV Movie)
""[Esther] - entwickelt sich schnell zu den kuriosesten und reizvollsten Schurkinnen des zeitgenössischen Horrors."" (Deadline Magazin)
""Auf Augenhöhe mit dem kultigen Vorgänger."" (Frankfurter Neue Presse)"||||||||||||||||||||||Non-Organic||||"{'medium': 'DVD', 'Untertitel': 'Deutsch', 'manufacturer': 'PLAION PICTURES', 'Bildformat': '16:9', 'Zusatzinfos / Bonusmaterial beim Film dabei': 'Behind the Scenes; \nKinotrailer;\nWendecover;', 'Inhalt': '1 Stk.', 'Laufzeit in min (gesamt)': '95', 'Produktionsjahr': '2022', 'Produktionsland': 'USA', 'Regisseur': 'William Brent Bell', 'Schauspieler': 'Isabelle Fuhrman,Julia Stiles,Rossif Sutherland', 'Special Edition': 'Nein', 'Tonformat-Sprache': 'Deutsch,Englisch', 'packaging_type': 'Softbox', 'Hauptgenre': 'Horror|Thriller & Krimi|Mystery'}"||||||||||||||0|0|2879547_1.png|https://static.mueller.de/videojakob_4006680100135_pv_642529/pdzoom/orphan-first-kill.webp|2879547_2.png|https://static.mueller.de/pdzoom/videojakob_4006680100135_pr_642529-back.webp|2879547_3.png|https://static.mueller.de/videojakob_4006680100135_pd_66605536/pdzoom/orphan-first-kill.webp|2879547_4.png|https://static.mueller.de/videojakob_4006680100135_pd_66609967/pdzoom/orphan-first-kill.webp|2879547_5.png|https://static.mueller.de/videojakob_4006680100135_pd_66614773/pdzoom/orphan-first-kill.webp|2879547_6.png|https://static.mueller.de/videojakob_4006680100135_pd_66617372/pdzoom/orphan-first-kill.webp||||||||||||PLAION PICTURES||||||||||1 Stk.|||True||2879547P|||||||||5
3013684|mueller||||||||2024-10-28|WENZEL Porzellanlicht|WENZEL||1|Stk.|Home|Drogerie|Haushalt|Haushaltsartikel|Kerzen|Kerzen im Glas|WENZEL Porzellanlicht|5,99 €|5,99 €||||||||||||||EUR|Home> Drogerie> Haushalt> Haushaltsartikel> Kerzen> Kerzen im Glas> WENZEL Porzellanlicht|https://www.mueller.at/p/wenzel-porzellanlicht-IPN3013668/|1 Stk.|Durchschimmerndes Porzellan, mit Wachs befüllt||||||||||||||||||||||Non-Organic||||{'manufacturer': 'Richard Wenzel GmbH & Co. KG', 'Herstelleradresse': 'Benzstraße 5, DE-63741 Aschaffenburg', 'Kontaktmöglichkeit': 'sales@wenzel-kerzen.de', 'package_contents': 'Paraffin', 'Farbe': 'weiß abstract', 'Höhe': '10 cm', 'Durchmesser': '7 cm', 'Inhalt': '1 Stk.'}||||||weiß abstract||||||||0|0|3013684_1.png|https://static.mueller.de/pdzoom/4062829024021.webp||||||||||||||||||||||Richard Wenzel GmbH & Co. KG||||||||||1 Stk.|Paraffin||True||3013684P|||||||||10
3013669|mueller||||||||2024-10-28|YuMe Toys Disney Lillo & Stitch - Hero Box Fun Series, 1 Stück, sortiert|DISNEY||1|Stk.|Home|Spielwaren|Kostüme & Partyartikel|Trends|YuMe Toys Disney Lillo & Stitch - Hero Box Fun Series, 1 Stück, sortiert|||14,99 €|14,99 €|14,99 €|11,99 €||||20%|Sie sparen 20%|||||||EUR|Home> Spielwaren> Kostüme & Partyartikel> Trends> YuMe Toys Disney Lillo & Stitch - Hero Box Fun Series, 1 Stück, sortiert|https://www.mueller.at/p/yume-toys-disney-lillo-stitch-hero-box-fun-series-1-stueck-sortiert-IPN3013669/|1 Stk.|"Mach dich bereit für einen Sommer voller Spaß mit der Disney's Lilo and Stitch Hero Box Fun Series! Tauchen Sie ein in die wunderbare Welt von Lilo und Stitch mit dieser Sammlung von niedlichen 3-Zoll-Mini-Ei-Attack-Action-Figuren, die das Wesen von jedermanns Lieblings außerirdischen Unfugmacher, Stitch, einfangen.Jede Minifigur ist eine entzückende Darstellung von Stitch in verschiedenen lustigen und schrulligen Persönlichkeiten. Von Unterwasserabenteuern über musikalische Einlagen bis hin zu epischen Superheldenmomenten - diese Kollektion erweckt die Magie von Lilo und Stitch im handtellergroßen Format zum Leben.
Surfer StitchDie Wellen der Aufregung schlagen hoch, wenn Stitch mit seinem Surfer-Stil den Strand erreicht.Elvis StitchErlebe die Rock 'n' Roll-Vibes, wenn Stitch seinen inneren Elvis Presley verkörpert.Superheld StitchErlebe, wie Stitch sich in einen kleinen Superhelden verwandelt, der bereit ist, den Tag zu retten.Superheld StitchErlebe, wie Stitch sich in einen winzigen Superhelden verwandelt, der bereit ist, den Tag zu retten.Gitarrist StitchBegleite Stitch, wenn er auf seiner Gitarre eine Melodie spielt, und bringe musikalischen Charme in deine Sammlung.Vielfraß StitchErfreue dich an der verspielten Seite von Stitch, wenn er in seiner gefräßigen Pracht eine Leckerei genießt.Meerjungfrau StitchTauche ein in den Ozean der Niedlichkeit mit Stitch in seinem bezaubernden Meerjungfrauen-Kostüm."||||||||8 Jahre||||||||||||||Non-Organic||||"{'target_group': 'Grundschüler|Jugendliche', 'Artikelnummer des Herstellers': '19992', 'Altersempfehlung ab': '8 Jahre', 'Inhalt': '1 Stk.', 'Produkttyp': 'Kleinspielzeug'}"||||||||||||||5.0|1|3013669_1.png|https://static.mueller.de/pdzoom/4895217501466.webp|3013669_2.png|https://static.mueller.de/pdzoom/4895217501466_4.webp|3013669_3.png|https://static.mueller.de/pdzoom/4895217501466_3.webp|3013669_4.png|https://static.mueller.de/pdzoom/4895217501466_7.webp|3013669_5.png|https://static.mueller.de/pdzoom/4895217501466_8.webp|3013669_6.png|https://static.mueller.de/pdzoom/4895217501466_6.webp||||||||||||19992||||||||||1 Stk.|||True||3013669P|||||||||10
442602|mueller||||||||2024-10-28|KORRES Almond & Linseed Shampoo|KORRES||250|ml|Home|Parfümerie|Pflege|Haarpflege|Haarwäsche|KORRES Almond & Linseed Shampoo||12,90 €|12,90 €|||||||||||51,60 € / 1 l|||EUR|Home> Parfümerie> Pflege> Haarpflege> Haarwäsche> KORRES Almond & Linseed Shampoo|https://www.mueller.at/p/korres-almond-linseed-shampoo-442602/|250 ml|Das Shampoo baut trockenes, strapaziertes Haar auf und beugt Haarbruch und Spliss vor. Feuchtigkeitsspendende Mandel und Leinsamen reparieren die Struktur des trockenen Haares und sorgen für eine leichte Kämmbarkeit.||||||||||||||||||||||Non-Organic||||"{'PH-Hautneutral': 'Ja', 'hair_type': 'strapaziertes Haar', 'Effekt': 'pflegend', 'target_group': 'Damen|Herren|Unisex', 'manufacturer': 'KORRES D-A-CH GmbH', 'Herstelleradresse': 'Max-Planck-Straße 6, DE-85609 Aschheim-Dornach', 'Kontaktmöglichkeit': 'kontakt@korres-dach.de', 'Anwendungshinweis': 'In das feuchte Haar einmassieren und gut ausspülen. Bei Bedarf wiederholen.', 'package_contents': 'AQUA/WATER/EAU, SODIUM LAURETH SULFATE, COCAMIDOPROPYL BETAINE, GLYCERIN, LAURETH-7 CITRATE, ACRYLATES COPOLYMER, SODIUM COCOAMPHOACETATE, GLYCOL DISTEARATE, ALTHAEA OFFICINALIS ROOT EXTRACT, BUTYLENE GLYCOL, CITRIC ACID, COCO-GLUCOSIDE, DECYL GLUCOSIDE, DICAPRYLYL ETHER, GLYCERYL OLEATE, GLYCERYL STEARATE, GUAR HYDROXYPROPYLTRIMONIUM CHLORIDE, HYDROGENATED PALM GLYCERIDES CITRATE, HYDROLYZED WHEAT PROTEIN, HYDROLYZED WHEAT STARCH, LACTIC ACID, LACTITOL, LEVULINIC ACID, LIMONIUM GERBERI EXTRACT, LINUM USITATISSIMUM (LINSEED) SEED EXTRACT, NIACINAMIDE, ORIGANUM DICTAMNUS FLOWER/LEAF/STEM EXTRACT, ORIGANUM MAJORANA LEAF EXTRACT, PANTHENOL, POLYQUATERNIUM-10, PRUNUS AMYGDALUS DULCIS (SWEET ALMOND) FRUIT EXTRACT, SIDERITIS SYRIACA EXTRACT, SODIUM ACETATE, SODIUM CHLORIDE, SODIUM HYDROXIDE, SODIUM LEVULINATE, TETRASODIUM GLUTAMATE DIACETATE, TOCOPHEROL, XANTHAN GUM, XYLITOL, BENZOIC ACID, BENZYL ALCOHOL, DEHYDROACETIC ACID, PHENOXYETHANOL, POTASSIUM SORBATE, SALICYLIC ACID, SODIUM BENZOATE, SORBIC ACID, COUMARIN, LINALOOL, PARFUM/FRAGRANCE.', 'product_property': 'feuchtigkeitsspendend|regenerierend|aufbauend', 'Inhalt': '250 ml', 'Produkttyp': 'Haarshampoo'}"||||||||||||||0|0|442602_1.png|https://static.mueller.de/250571038-PV-0/pdzoom/korres-almond-linseed-shampoo.webp|442602_2.png|https://static.mueller.de/250571038-PR-1/pdzoom/korres-almond-linseed-shampoo.webp||||||||||||||||||||KORRES D-A-CH GmbH||||||||||250 ml|AQUA/WATER/EAU, SODIUM LAURETH SULFATE, COCAMIDOPROPYL BETAINE, GLYCERIN, LAURETH-7 CITRATE, ACRYLATES COPOLYMER, SODIUM COCOAMPHOACETATE, GLYCOL DISTEARATE, ALTHAEA OFFICINALIS ROOT EXTRACT, BUTYLENE GLYCOL, CITRIC ACID, COCO-GLUCOSIDE, DECYL GLUCOSIDE, DICAPRYLYL ETHER, GLYCERYL OLEATE, GLYCERYL STEARATE, GUAR HYDROXYPROPYLTRIMONIUM CHLORIDE, HYDROGENATED PALM GLYCERIDES CITRATE, HYDROLYZED WHEAT PROTEIN, HYDROLYZED WHEAT STARCH, LACTIC ACID, LACTITOL, LEVULINIC ACID, LIMONIUM GERBERI EXTRACT, LINUM USITATISSIMUM (LINSEED) SEED EXTRACT, NIACINAMIDE, ORIGANUM DICTAMNUS FLOWER/LEAF/STEM EXTRACT, ORIGANUM MAJORANA LEAF EXTRACT, PANTHENOL, POLYQUATERNIUM-10, PRUNUS AMYGDALUS DULCIS (SWEET ALMOND) FRUIT EXTRACT, SIDERITIS SYRIACA EXTRACT, SODIUM ACETATE, SODIUM CHLORIDE, SODIUM HYDROXIDE, SODIUM LEVULINATE, TETRASODIUM GLUTAMATE DIACETATE, TOCOPHEROL, XANTHAN GUM, XYLITOL, BENZOIC ACID, BENZYL ALCOHOL, DEHYDROACETIC ACID, PHENOXYETHANOL, POTASSIUM SORBATE, SALICYLIC ACID, SODIUM BENZOATE, SORBIC ACID, COUMARIN, LINALOOL, PARFUM/FRAGRANCE.||True||442602P|||||||||10
2747922|mueller||||||||2024-10-28|Gourmet Berner Krümelkandis braun|GOURMET BERNER||125|g|Home|Drogerie|Lebensmittel|Nahrung|Backzutaten & Süßungsmittel|Gourmet Berner Krümelkandis braun||4,95 €|4,95 €|||||||||||39,60 € / 1 kg|||EUR|Home> Drogerie> Lebensmittel> Nahrung> Backzutaten & Süßungsmittel> Gourmet Berner Krümelkandis braun|https://www.mueller.at/p/gourmet-berner-kruemelkandis-braun-2747922/|125 g|Brauner Krümelkandis für den gemütlichen Teegenuss.|||||Deutschland||||||{'Nährwerte je': '100g', 'Brennwert': '1683 kj / 396 kcal', 'Fett in g': '0', '- davon gesättigte Fettsäuren in g': '0', 'Kohlenhydrate in g': '99', '- davon Zucker in g': '99', 'Eiweiß in g': '0', 'Salz in g': '0'}|||||||||||Non-Organic||||{'manufacturer': 'Gourmet Berner GmbH & Co. KG', 'Herstelleradresse': 'Boschstr.7 ,71384 Weinstadt', 'Herkunftsland': 'Deutschland', 'Inhalt': '125 g', 'Zutaten': 'Brauner Kandiszucker', 'Produkttyp': 'Backzutaten & Süßungsmittel'}||||||||||||||5.0|1|2747922_1.png|https://static.mueller.de/6956726503-PV-0/pdzoom/gourmet-berner-kruemelkandis-braun.webp||||||||||||||||||||||Gourmet Berner GmbH & Co. KG||||||||||125 g|||True||2747922P|||||||||10
2879551|mueller||||||||2024-10-28|Catrice Scandalous Matte Lipstick|CATRICE||3.5|g|Home|Parfümerie|Make-up|Lippen|Lippenstift|Catrice Scandalous Matte Lipstick||4,45 €|4,45 €||||||||||||||EUR|Home> Parfümerie> Make-up> Lippen> Lippenstift> Catrice Scandalous Matte Lipstick|https://www.mueller.at/p/catrice-scandalous-matte-lipstick-IPN2879542/|3.5 g|All that matters ... ist der Scandalous Matte Lipstick von CATRICE. Der Lippenstift mit mattem Finish hat eine seidenweiche, leichte Textur und überzeugt mit einer hochpigmentierten Farbabgabe. Gleichzeitig ist die Formel mit Hyaluronsäure, Sheabutter und Maracuja-Öl angereichert, spendet Feuchtigkeit und sorgt für ein langanhaltendes, angenehmes Gefühl auf den Lippen. Matter LippenstiftMit Sheabutter, Hyaluronsäure & Maracuja-ÖlLanganhaltendes, angenehmes Gefühl auf den Lippen||||||||||||||||||||||Non-Organic||||{'target_group': 'Damen', 'manufacturer': 'cosnova', 'Herstelleradresse': 'Frankfurt (D-65843) - New York (NY 10003) – London (EC4A 4AB)', 'Kontaktmöglichkeit': 'service@cosnova.eu', 'Anwendungshinweis': 'Lippenstift lässt sich direkt oder - noch präziser - mit einem Lip Brush auftragen. Ein paar Tricks helfen hinterher, damit der Lippenstift länger hält: Am besten die Lippen vorher mit Lipliner konturieren und ausmalen sowie den Lippenstift in mehreren, dünnen Schichten auftragen und zwischendurch abtupfen. Außerdem entfernt ein Lippenpeeling vor dem Lippen-Make-up abgestorbene Hautschüppchen und sorgt für eine glattere Oberfläche.', 'package_contents': 'DIMETHICONE, HYDROGENATED POLYDECENE, HYDROGENATED POLYISOBUTENE, POLYGLYCERYL-2 TRIISOSTEARATE, SYNTHETIC WAX, ALUMINUM STARCH OCTENYLSUCCINATE, SILICA, DICALCIUM PHOSPHATE, ETHYLENE/PROPYLENE COPOLYMER, EUPHORBIA CERIFERA CERA (EUPHORBIA CERIFERA (CANDELILLA) WAX), BUTYROSPERMUM PARKII (SHEA) BUTTER, RICINUS COMMUNIS (CASTOR) SEED OIL, PASSIFLORA EDULIS SEED OIL, SODIUM HYALURONATE, DISTEARDIMONIUM HECTORITE, PENTAERYTHRITYL TETRA-DI-T-BUTYL HYDROXYHYDROCINNAMATE, HYDROGENATED CASTOR OIL, POLYHYDROXYSTEARIC ACID, BENZYL ALCOHOL, AROMA (FLAVOR), CI 15850 (RED 6), CI 15850 (RED 7 LAKE), CI 42090 (BLUE 1 LAKE), CI 45410 (RED 28 LAKE), CI 77491 (IRON OXIDES), CI 77492 (IRON OXIDES), CI 77499 (IRON OXIDES), CI 77891 (TITANIUM DIOXIDE).', 'Farbnummer': '100', 'Farbe': 'Muse Of Inspiration', 'Inhalt': '3.5 g', 'scope_of_application': 'Lippen', 'Produkttyp': 'Lippenfarbe'}||||||Muse Of Inspiration||||||||5.0|2|2879551_1.png|https://static.mueller.de/markant_04059729402462_pv_4545379/pdzoom/catrice-scandalous-matte-lipstick.webp|2879551_2.png|https://static.mueller.de/markant_04059729402462_pd_4545526/pdzoom/catrice-scandalous-matte-lipstick.webp|2879551_3.png|https://static.mueller.de/markant_04059729402462_pd_4032848/pdzoom/catrice-scandalous-matte-lipstick.webp|2879551_4.png|https://static.mueller.de/markant_04059729402462_pd_4449656/pdzoom/catrice-scandalous-matte-lipstick.webp|2879551_5.png|https://static.mueller.de/markant_04059729402462_pd_4032612/pdzoom/catrice-scandalous-matte-lipstick.webp|2879551_6.png|https://static.mueller.de/markant_04059729402462_pd_4449655/pdzoom/catrice-scandalous-matte-lipstick.webp||||||||||||cosnova||||||||||3.5 g|DIMETHICONE, HYDROGENATED POLYDECENE, HYDROGENATED POLYISOBUTENE, POLYGLYCERYL-2 TRIISOSTEARATE, SYNTHETIC WAX, ALUMINUM STARCH OCTENYLSUCCINATE, SILICA, DICALCIUM PHOSPHATE, ETHYLENE/PROPYLENE COPOLYMER, EUPHORBIA CERIFERA CERA (EUPHORBIA CERIFERA (CANDELILLA) WAX), BUTYROSPERMUM PARKII (SHEA) BUTTER, RICINUS COMMUNIS (CASTOR) SEED OIL, PASSIFLORA EDULIS SEED OIL, SODIUM HYALURONATE, DISTEARDIMONIUM HECTORITE, PENTAERYTHRITYL TETRA-DI-T-BUTYL HYDROXYHYDROCINNAMATE, HYDROGENATED CASTOR OIL, POLYHYDROXYSTEARIC ACID, BENZYL ALCOHOL, AROMA (FLAVOR), CI 15850 (RED 6), CI 15850 (RED 7 LAKE), CI 42090 (BLUE 1 LAKE), CI 45410 (RED 28 LAKE), CI 77491 (IRON OXIDES), CI 77492 (IRON OXIDES), CI 77499 (IRON OXIDES), CI 77891 (TITANIUM DIOXIDE).||True||2879551P|||||||||10
2747928|mueller||||||||2024-10-28|Gourmet Berner Geburtstagstee|GOURMET BERNER||100|g|Home|Drogerie|Lebensmittel|Tee & Kaffee|Tee|Gourmet Berner Geburtstagstee||5,95 €|5,95 €|||||||||||59,50 € / 1 kg|||EUR|Home> Drogerie> Lebensmittel> Tee & Kaffee> Tee> Gourmet Berner Geburtstagstee|https://www.mueller.at/p/gourmet-berner-geburtstagstee-2747928/|100 g|Früchtetee, aromatisiert – Orange-Ingwer.||Dunkel, kühl und trocken lagern.|||Deutschland|||||||||||||||||Non-Organic||||{'Lagerhinweis': 'Dunkel, kühl und trocken lagern.', 'manufacturer': 'Gourmet Berner GmbH', 'Herstelleradresse': 'Boschstr.7 ,71384 Weinstadt', 'Herkunftsland': 'Deutschland', 'Inhalt': '100 g', 'Zutaten': 'Apfelstücke, Korinthen geölt (pflanzl. Öl), Sultana Rosinen geölt (pflanzl. Öl), Karottenwürfel, Rote Beete, Orangenscheiben, Ingwer, Ingwer kandiert (Ingwer, Zucker), Hibiskusblüten, Aromen, Zitronensäure Grieß, Rosenblütenblätter.', 'Produkttyp': 'Früchtetee'}||||||||||||||0|0|2747928_1.png|https://static.mueller.de/6958439731-PV-0/pdzoom/gourmet-berner-geburtstagstee.webp||||||||||||||||||||||Gourmet Berner GmbH||||||||||100 g|||True||2747928P|||||||||10
2879545|mueller||||||||2024-10-28|Orphan: First Kill|||1|Stk.|Home|Multi-Media|Filme & TV|Horror|Orphan: First Kill|||9,99 €|9,99 €||||||||||||||EUR|Home> Multi-Media> Filme & TV> Horror> Orphan: First Kill|https://www.mueller.at/p/orphan-first-kill-IPN2879545/|1 Stk.|"Tricia (Julia Stiles) und Allen (Rossif Sutherland) können ihr Glück kaum fassen, als ihnen mitgeteilt wird, dass ihre vermisste Tochter Esther (Isabelle Fuhrman) wieder aufgetaucht ist. Behutsam versuchen die beiden, das Mädchen in ihre Familie einzugewöhnen. Doch seltsame Ereignisse und kleinere Ungereimtheiten lassen sie schon bald stutzen. Als sich mysteriöse Todesfälle im Umfeld der Familie ereignen, zweifelt Tricia, ob Esther wirklich ihre Tochter ist. Und schon bald werden ihren schlimmsten Befürchtungen bestätigt: Ihre Familie ist in akuter Gefahr, und Tricia muss sie um jeden Preis vor dem mörderischen Kind beschützen.

Genre-Spezialist Willam Brent Bell, der schon mit ""The Boy"" sein Faible für Evil-Child-Horrorfilme eindrucksvoll unter Beweis stellte, inszeniert mit ORPHAN: FIRST KILL nun erneut einen nervenaufreibenden Horrorschocker in dem Sub-Genre: Im Prequel zum Fanhit ""Orphan - Das Waisenkind"" (2009) bringt der Filmemacher die psychopathische Esther zurück auf die Kinoleinwand und mit ihr auch Schauspielerin Isabelle Fuhrman, die erneut in die Rolle des mörderischen Mädchens schlüpft. An ihrer Seite sind Julia Stiles (""The Hustler"") und Rossif Sutherland (""The Possessor"") als das Ehepaar zu sehen, dessen Leben dramatisch bedroht ist - fulminantes Finale garantiert!


Presse:
""Finster und verstörend."" (BILD)
""Erfrischend clever, unvorhersehbar und blutig."" (TV Movie)
""[Esther] - entwickelt sich schnell zu den kuriosesten und reizvollsten Schurkinnen des zeitgenössischen Horrors."" (Deadline Magazin)
""Auf Augenhöhe mit dem kultigen Vorgänger."" (Frankfurter Neue Presse)"|||||||||||||||Europa, Vorderasien, Afrika, Australien|||||||Non-Organic||||"{'medium': 'Blu-ray Disc', 'Untertitel': 'Deutsch', 'manufacturer': 'PLAION PICTURES', 'Bildformat': '16:9|HD', 'Zusatzinfos / Bonusmaterial beim Film dabei': 'Behind the Scenes;\nKinotrailer;\nWendecover;', 'Inhalt': '1 Stk.', 'Laufzeit in min (gesamt)': '99', 'Produktionsjahr': '2022', 'Produktionsland': 'USA', 'Regionalcode': 'Europa, Vorderasien, Afrika, Australien', 'Regisseur': 'William Brent Bell', 'Schauspieler': 'Isabelle Fuhrman,Julia Stiles,Rossif Sutherland', 'Special Edition': 'Nein', 'Tonformat-Sprache': 'Englisch,Deutsch', 'packaging_type': 'Softbox', 'Hauptgenre': 'Horror|Thriller & Krimi|Mystery'}"||||||||||||||4.0|2|2879545_1.png|https://static.mueller.de/videojakob_4006680100593_pv_642528/pdzoom/orphan-first-kill.webp|2879545_2.png|https://static.mueller.de/pdzoom/videojakob_4006680100593_pr_642528-back.webp|2879545_3.png|https://static.mueller.de/videojakob_4006680100593_pd_66605536/pdzoom/orphan-first-kill.webp|2879545_4.png|https://static.mueller.de/videojakob_4006680100593_pd_66609967/pdzoom/orphan-first-kill.webp|2879545_5.png|https://static.mueller.de/videojakob_4006680100593_pd_66614773/pdzoom/orphan-first-kill.webp|2879545_6.png|https://static.mueller.de/videojakob_4006680100593_pd_66617372/pdzoom/orphan-first-kill.webp||||||||||||PLAION PICTURES||||||||||1 Stk.|||True||2879545P|||||||||5
2598105|mueller||||||||2024-10-28|Baldessarini Ambre Fraiche Eau de Toilette Natural Spray|BALDESSARINI||50|ml|Home|Parfümerie|Düfte für Ihn|Düfte|Baldessarini Ambre Fraiche Eau de Toilette Natural Spray|||58,45 €|58,45 €|||||||||||1 169,00 € / 1 l|||EUR|Home> Parfümerie> Düfte für Ihn> Düfte> Baldessarini Ambre Fraiche Eau de Toilette Natural Spray|https://www.mueller.at/p/baldessarini-ambre-fraiche-eau-de-toilette-natural-spray-6714037055/|50 ml|Der neue Duft BALDESSARINI AMBRE EAU FRAICHE entführt den Träger in ein luxuriöses mediterranes Ambiente. Inspiriert durch das Meeresblau und die Frische einer leichten Brise, verleiht der Duft seinem Träger eine lässige Eleganz –unwiderstehlich und verführerisch.,BALDISSARINI AMBRE EAU FRAICHE whisks the wearer away to a luxurious Mediterranean ambience. The fragrance takes inspiration from the deep blue of the sea and the freshness of a light breeze, giving the wearer a casual elegance – irresistible and seductive.,De nieuwe geur BALDESSARINI AMBRE EAU FRAICHE brengt de drager in een luxueuze, mediterrane stemming. Geïnspireerd door het zeeblauw en de frisheid van een licht briesje, geeft de geur de drager een casual elegantie - onweerstaanbaar en verleidelijk.,Le nouveau parfum BALDESSARINI AMBRE EAU FRAICHE évoque une escale luxueuse en Méditerranée. Inspiré du bleu de la mer et de la fraîcheur d'une brise, ce parfum incarne une élégance désinvolte, résolument irrésistible et enivrante. männlich-markant,aromatisch,holzig,masculine,sporty,woody,résolument masculin,aromatique,boisé,Opvallend mannelijk,Aromatisch,Houtig||Wenn Sie Ihr Eau de Toilette trocken, kühl und dunkel lagern, hält der Duft mindestens zwei Jahre.,If you store the eau de toilette in a dry, cool, dark place the fragrance will keep for at least two years.,Als u uw eau de toilette droog, koel en donker bewaart, gaat de geur minstens twee jaar mee.,Si vous conservez votre eau de toilette dans un endroit sec, frais et à l’abri de la lumière, la durée de vie du parfum est d’au moins deux ans.||||||||||||||||||||Non-Organic||||{'Lagerhinweis': 'Wenn Sie Ihr Eau de Toilette trocken, kühl und dunkel lagern, hält der Duft mindestens zwei Jahre.,If you store the eau de toilette in a dry, cool, dark place the fragrance will keep for at least two years.,Als u uw eau de toilette droog, koel en donker bewaart, gaat de geur minstens twee jaar mee.,Si vous conservez votre eau de toilette dans un endroit sec, frais et à l’abri de la lumière, la durée de vie du parfum est d’au moins deux ans.', 'target_group': 'Herren', 'manufacturer': 'MÄURER & WIRTZ Prestige', 'Herstelleradresse': 'Stolberg / Rhld. - Germany', 'fragrance_concentration': 'Eau de Toilette', 'top_note': 'Bergamotte, Aromatischer Akkord, Wassermelone', 'heart_note': 'Apfel, Muskat, Salbei, Veilchen, Zypresse', 'base_note': 'Sandelholz, Leder, Amber, Eiche', 'Anwendungshinweis': 'Sprühen Sie das Eau de Toilette großzügig auf die Pulsstellen, also auf Hals und Arme.,Generously spray the eau de toilette on your pulse sites, i.e. your neck and arms.,Sproei de eau de toilette royaal op de pulspunten, dus op de nek en armen.,Vaporisez généreusement l’eau de toilette sur les zones pulsatiles, à savoir le cou et les bras.', 'application_type': 'Pumpzerstäuber', 'package_contents': 'ALCOHOL,FRAGRANCE (PARFUM),WATER (AQUA),LINALOOL,LIMONENE,HYDROXYCITRONELLAL,COUMARIN,ETHYLHEXYL METHOXYCINNAMATE,DIETHYLAMINO HYDROXYBENZOYL HEXYL BENZOATE,CITRAL,GERANIOL,CITRONELLOL,EXT. VIOLET 2 (CI 60730),BLUE 1 (CI 42090),BHT', 'Inhalt': '50 ml'}||||||||||||||0|0|2598105_1.png|https://static.mueller.de/pdzoom/4011700907007_4.webp|2598105_2.png|https://static.mueller.de/markant_04011700907007_pd_2320003/pdzoom/baldessarini-ambre-fraiche-eau-de-toilette-natural-spray.webp|2598105_3.png|https://static.mueller.de/pdzoom/4011700907007_5.webp|2598105_4.png|https://static.mueller.de/pdzoom/4011700907007.webp|2598105_5.png|https://static.mueller.de/pdzoom/4011700907007_1.webp|2598105_6.png|https://static.mueller.de/pdzoom/4011700907007_2.webp||||||||||||MÄURER & WIRTZ Prestige||||||||||50 ml|ALCOHOL,FRAGRANCE (PARFUM),WATER (AQUA),LINALOOL,LIMONENE,HYDROXYCITRONELLAL,COUMARIN,ETHYLHEXYL METHOXYCINNAMATE,DIETHYLAMINO HYDROXYBENZOYL HEXYL BENZOATE,CITRAL,GERANIOL,CITRONELLOL,EXT. VIOLET 2 (CI 60730),BLUE 1 (CI 42090),BHT||True||2598105P|||||||||5
403039|mueller||||||||2024-10-28|WMF Kaffeelöffel Palermo|WMF||1|Stk.|Home|Haushalt|Essen & Trinken|Besteck|Einzelbesteck|WMF Kaffeelöffel Palermo||4,49 €|4,49 €||||||||||||||EUR|Home> Haushalt> Essen & Trinken> Besteck> Einzelbesteck> WMF Kaffeelöffel Palermo|https://www.mueller.at/p/wmf-kaffeeloeffel-palermo-403039/|1 Stk.|Der Kaffeelöffel, auch Teelöffel genannt, ist kaffeetassengerecht und passt in seiner kleinen, handlichen Größe sowohl zur Tasse selbst als auch daneben zum Ablegen auf die Untertasse. Zum Einsatz kommt er beim Umrühren von Getränken in der Tasse oder im Glas, aber ebenso beim Verzehr von Desserts. Darüber hinaus fungiert er als Maßeinheit: Zwei Teelöffel, gestrichen oder gehäuft – als Mengenangabe ist dieses Maß international bekannt.||||||||||||||||||||||Non-Organic||||{'Geeignet für': 'Spuelmaschinen', 'scope_of_delivery': '1x Kaffeelöffel', 'Pflegehinweis': 'spülmaschinengeeignet', 'manufacturer': 'WMF GmbH', 'Herstelleradresse': 'WMF Platz 1 ,73309 Geislingen', 'Höhe': '13.2 cm', 'Inhalt': '1 Stk.', 'Produktlinie': 'Palermo'}||||||||||||||0|0|403039_1.png|https://static.mueller.de/5543569917-PV-0/pdzoom/wmf-kaffeeloeffel-palermo.webp||||||||||||||||spülmaschinengeeignet||||||WMF GmbH||||||||||1 Stk.|||True||403039P|||||Spuelmaschinen||||10
417602|mueller||||||||2024-10-28|COLLISTAR Anti-Wrinkle Day Cream|COLLISTAR||50|ml|Home|Parfümerie|Pflege|Gesichtspflege|Tagespflege|COLLISTAR Anti-Wrinkle Day Cream||67,95 €|67,95 €|||||||||||1 359,00 € / 1 l|||EUR|Home> Parfümerie> Pflege> Gesichtspflege> Tagespflege> COLLISTAR Anti-Wrinkle Day Cream|https://www.mueller.at/p/collistar-anti-wrinkle-day-cream-417602/|50 ml|Diese pflegende Gesichtscreme wirkt regenerierend auf das Hautgewebe und sorgt für einen intensiven Anti-Falten-Effekt. Mit Antarktis-Alge für eine stärkere Anti-Aging-Wirkung, einem hautglättenden Wirkstoffkomplex, Vitamin E, Betaglukan und UV-Filtern mit Breitbandspektrum. Ideal auch als Make-up-Basis.||||||||||||||||||||||Non-Organic||||"{'target_group': 'Damen', 'manufacturer': 'Collistar Milano s.p.a.', 'Herstelleradresse': 'Via Giovanni Battista Pirelli, 19, 20124 Milano MI, Italien', 'Anwendungshinweis': 'Morgens auf die gereinigte und tonifizierte Haut von Gesicht und Hals auftragen.', 'package_contents': 'AQUA, CYCLOPENTASILOXANE, DICAPRYLYL ETHER, GLYCERYL STEARATE, ETHYLHEXYL METHOXYCINNAMATE, BUTYROSPERMUM PARKII BUTTER, C12-15 ALKYL BENZOATE, GLYCERIN, CETEARYL ALCOHOL, CETEARYL ISONONANOATE, PALMITOYL HYDROLYZED WHEAT PROTEIN, POLYMETHYL METHACRYLATE, PEG-100 STEARATE, HEXYLDECANOL, HEXYLDECYL LAURATE, TOCOPHERYL ACETATE, MACROCYSTIS PYRIFERA EXTRACT, VACCINIUM MYRTILLUS FRUIT/LEAF EXTRACT, SACCHARUM OFFICINARUM EXTRACT, ACER SACCHARUM EXTRACT, CITRUS MEDICA LIMONUM FRUIT EXTRACT, CITRUS AURANTIUM DULCIS FLOWER EXTRACT, BIOSACCHARIDE GUM-1, RETINYL PALMITATE, BUTYL METHOXYDIBENZOYLMETHANE, SODIUM HYALURONATE, SODIUM CARBOXYMETHYL BETAGLUCAN, DIMETHICONE/VINYL DIMETHICONE CROSSPOLYMER, GUANOSINE, INOSINE, ADENOSINE, CYTIDINE, URIDINE, C13-14 ISOPARAFFIN, LAURETH-7, POLYACRYLAMIDE, PEG-12, LAUROYL LYSINE, POLYSORBATE 20, PPG-25-LAURETH-25, TETRASODIUM EDTA, METHYLPARABEN, PROPYLPARABEN, PHENOXYETHANOL, DMDM HYDANTOIN, CI 16035, CI 19140, CITRIC ACID, SODIUM HYDROXIDE, PARFUM, ALPHA-I', 'skin_type': 'alle Hauttypen', 'product_property': 'feuchtigkeitsspendend|glättend|straffend|revitalisierend', 'Inhalt': '50 ml', 'scope_of_application': 'Tagespflege', 'Produkttyp': 'Creme'}"||||||||||||||0|0|417602_1.png|https://static.mueller.de/5284510449-PV-0/pdzoom/collistar-anti-wrinkle-day-cream.webp||||||||||||||||||||||Collistar Milano s.p.a.||||||||||50 ml|AQUA, CYCLOPENTASILOXANE, DICAPRYLYL ETHER, GLYCERYL STEARATE, ETHYLHEXYL METHOXYCINNAMATE, BUTYROSPERMUM PARKII BUTTER, C12-15 ALKYL BENZOATE, GLYCERIN, CETEARYL ALCOHOL, CETEARYL ISONONANOATE, PALMITOYL HYDROLYZED WHEAT PROTEIN, POLYMETHYL METHACRYLATE, PEG-100 STEARATE, HEXYLDECANOL, HEXYLDECYL LAURATE, TOCOPHERYL ACETATE, MACROCYSTIS PYRIFERA EXTRACT, VACCINIUM MYRTILLUS FRUIT/LEAF EXTRACT, SACCHARUM OFFICINARUM EXTRACT, ACER SACCHARUM EXTRACT, CITRUS MEDICA LIMONUM FRUIT EXTRACT, CITRUS AURANTIUM DULCIS FLOWER EXTRACT, BIOSACCHARIDE GUM-1, RETINYL PALMITATE, BUTYL METHOXYDIBENZOYLMETHANE, SODIUM HYALURONATE, SODIUM CARBOXYMETHYL BETAGLUCAN, DIMETHICONE/VINYL DIMETHICONE CROSSPOLYMER, GUANOSINE, INOSINE, ADENOSINE, CYTIDINE, URIDINE, C13-14 ISOPARAFFIN, LAURETH-7, POLYACRYLAMIDE, PEG-12, LAUROYL LYSINE, POLYSORBATE 20, PPG-25-LAURETH-25, TETRASODIUM EDTA, METHYLPARABEN, PROPYLPARABEN, PHENOXYETHANOL, DMDM HYDANTOIN, CI 16035, CI 19140, CITRIC ACID, SODIUM HYDROXIDE, PARFUM, ALPHA-I||True||417602P|||||||||5
417603|mueller||||||||2024-10-28|COLLISTAR Anti-Wrinkle Night Cream|COLLISTAR||50|ml|Home|Parfümerie|Pflege|Gesichtspflege|Nachtpflege|COLLISTAR Anti-Wrinkle Night Cream||67,95 €|67,95 €|||||||||||1 359,00 € / 1 l|||EUR|Home> Parfümerie> Pflege> Gesichtspflege> Nachtpflege> COLLISTAR Anti-Wrinkle Night Cream|https://www.mueller.at/p/collistar-anti-wrinkle-night-cream-417603/|50 ml|Diese pflegende Gesichtscreme nutzt die Stunden der Nachtruhe für den Zellstoffwechsel, die besonders wichtig für den Regenerationsprozess der Zellen sind. Sie enthält dieselben wertvollen Wirkstoffe der Tagespflege, jedoch in erhöhter Konzentration. Darüber hinaus enthält die Creme spezielle Wirkstoffe gegen Wasseransammlungen im Gewebe. Eine optimale Ergänzung zu jeder Tagespflege.||||||||||||||||||||||Non-Organic||||"{'target_group': 'Damen', 'manufacturer': 'Collistar Milano s.p.a.', 'Herstelleradresse': 'Via Giovanni Battista Pirelli, 19, 20124 Milano MI, Italien', 'Anwendungshinweis': 'Abends auf die gereinigte und tonifizierte Haut von Gesicht und Hals auftragen.', 'package_contents': 'TALC, MICA, ALUMINUM STARCH OCTENYLSUCCINATE, OCTYLDODECYL STEAROYL STEARATE, DIMETHICONE, SYNTHETIC FLUORPHLOGOPITE, ZINC STEARATE, SILICA, POLYBUTENE, CAPRYLYL GLYCOL, OCTYLDODECANOL, PHENOXYETHANOL, HEXYLENE GLYCOL, DEHYDROACETIC ACID, TIN OXIDE, DISODIUM EDTA, LECITHIN, TOCOPHEROL, ASCORBYL PALMITATE, GLYCERYL OLEATE, GLYCERYL STEARATE, CITRIC ACID (+/-) CI 77891, CI 77491, CI 77492, CI 77163, CI 15850, CI 77007 - INGREDIENTS/COCTAB (OVERCOAT): TALC, CALCIUM SODIUM BOROSILICATE, DIMETHICONE, ZINC STEARATE, CETYL DIMETHICONE, ETHYLHEXYL PALMITATE, SYNTHETIC FLUORPHLOGOPITE, CI 77891, OCTYLDODECYL STEAROYL STEARATE, CI 77742, CI 77491, CAPRYLYL GLYCOL, PHENOXYETHANOL, TIN OXIDE, HEXYLENE GLYCOL, DEHYDROACETIC ACID, DISODIUM EDTA, CI 77499, CI 77492', 'skin_type': 'alle Hauttypen', 'product_property': 'regenerierend|straffend|festigend', 'Inhalt': '50 ml', 'scope_of_application': 'Nachtpflege', 'Produkttyp': 'Creme'}"||||||||||||||0|0|417603_1.png|https://static.mueller.de/5284510478-PV-0/pdzoom/collistar-anti-wrinkle-night-cream.webp||||||||||||||||||||||Collistar Milano s.p.a.||||||||||50 ml|TALC, MICA, ALUMINUM STARCH OCTENYLSUCCINATE, OCTYLDODECYL STEAROYL STEARATE, DIMETHICONE, SYNTHETIC FLUORPHLOGOPITE, ZINC STEARATE, SILICA, POLYBUTENE, CAPRYLYL GLYCOL, OCTYLDODECANOL, PHENOXYETHANOL, HEXYLENE GLYCOL, DEHYDROACETIC ACID, TIN OXIDE, DISODIUM EDTA, LECITHIN, TOCOPHEROL, ASCORBYL PALMITATE, GLYCERYL OLEATE, GLYCERYL STEARATE, CITRIC ACID (+/-) CI 77891, CI 77491, CI 77492, CI 77163, CI 15850, CI 77007 - INGREDIENTS/COCTAB (OVERCOAT): TALC, CALCIUM SODIUM BOROSILICATE, DIMETHICONE, ZINC STEARATE, CETYL DIMETHICONE, ETHYLHEXYL PALMITATE, SYNTHETIC FLUORPHLOGOPITE, CI 77891, OCTYLDODECYL STEAROYL STEARATE, CI 77742, CI 77491, CAPRYLYL GLYCOL, PHENOXYETHANOL, TIN OXIDE, HEXYLENE GLYCOL, DEHYDROACETIC ACID, DISODIUM EDTA, CI 77499, CI 77492||True||417603P|||||||||7
403022|mueller||||||||2024-10-28|WMF Menuemesser Palermo|WMF||1|Stk.|Home|Haushalt|Essen & Trinken|Besteck|Einzelbesteck|WMF Menuemesser Palermo||7,49 €|7,49 €||||||||||||||EUR|Home> Haushalt> Essen & Trinken> Besteck> Einzelbesteck> WMF Menuemesser Palermo|https://www.mueller.at/p/wmf-menuemesser-palermo-403022/|1 Stk.|Ob beim kleinen Frühstück, beim ausgiebigen Mittagessen, beim Gartenfest oder beim Brunch: Dieses Trio kommt – wenn auch nicht immer vollzählig – bei jeder Mahlzeit zum Einsatz. Dabei findet der Menülöffel meist Verwendung bei Suppen und Pastagerichten, während das Messer das Essen auf dem Teller in mundgerechte Stücke schneidet. Die Menügabel wiederum dient zur Stabilisierung beim Zerkleinern von Fisch, Fleisch oder Gemüse mit dem Messer und spießt die Speisehappen auf ihre Zacken auf.||||||||||||||||||||||Non-Organic||||{'Geeignet für': 'Spuelmaschinen', 'scope_of_delivery': '1x Menümesser', 'Pflegehinweis': 'spülmaschinengeeignet', 'manufacturer': 'WMF GmbH', 'Herstelleradresse': 'WMF Platz 1 ,73309 Geislingen', 'Höhe': '23.2 cm', 'Inhalt': '1 Stk.', 'Produktlinie': 'Palermo'}||||||||||||||0|0|403022_1.png|https://static.mueller.de/5514515956-PV-0/pdzoom/wmf-menuemesser-palermo.webp||||||||||||||||spülmaschinengeeignet||||||WMF GmbH||||||||||1 Stk.|||True||403022P|||||Spuelmaschinen||||10
2747907|mueller||||||||2024-10-28|Gourmet Berner Berner´s Mango-Senf|GOURMET BERNER||190|ml|Home|Drogerie|Lebensmittel|Nahrung|Saucen|Gourmet Berner Berner´s Mango-Senf||6,95 €|6,95 €|||||||||||36,58 € / 1 l|||EUR|Home> Drogerie> Lebensmittel> Nahrung> Saucen> Gourmet Berner Berner´s Mango-Senf|https://www.mueller.at/p/gourmet-berner-berner-s-mango-senf-2747907/|190 ml|Süß-saurer, pikanter Senf.|||||Deutschland|SENF|||||{'Nährwerte je': '100g', 'Brennwert': '457 kj / 109 kcal', 'Fett in g': '1.6', '- davon gesättigte Fettsäuren in g': '0.2', 'Kohlenhydrate in g': '21.2', '- davon Zucker in g': '12.4', 'Eiweiß in g': '1.8', 'Salz in g': '1.8'}|||||||||||Non-Organic||||{'manufacturer': 'Gourmet Berner GmbH', 'Herstelleradresse': 'Bruckwiesenstraße 1, 71384 Weinstadt', 'Herkunftsland': 'Deutschland', 'Allergenhinweis': 'SENF', 'Inhalt': '190 ml', 'Zutaten': 'Wasser, Mangos (Mango, Zucker) (21,5%), Weinessig, SENFSAAT, Gewürze, Branntweinessig, Salz.', 'Produkttyp': 'Ketchup, Saucen & Pesto'}||||||||||||||0|0|2747907_1.png|https://static.mueller.de/6958439169-PV-0/pdzoom/gourmet-berner-berner-s-mango-senf.webp||||||||||||||||||||||Gourmet Berner GmbH||||||||||190 ml|||True||2747907P|||||||||10
3013601|mueller||||||||2024-10-28|Hydraid Hydration Helper Lemon|HYDRAID||77.4|g|Home|Drogerie|Lebensmittel|Nahrungsergänzung|Hydraid Hydration Helper Lemon|||4,99 €|4,99 €|||||||||||64,47 € / 1 kg|||EUR|Home> Drogerie> Lebensmittel> Nahrungsergänzung> Hydraid Hydration Helper Lemon|https://www.mueller.at/p/hydraid-hydration-helper-lemon-IPN3013601/|77.4 g|Nahrungsergänzung: Ab jetzt geht deine Hydrierung den wissenschaftlichen Weg. Mit dem Hydration Helper® hydrierst du schneller als mit purem Wasser und gibst deinem Körper den perfekten Mix aus Flüssigkeit und Nährstoffen.|||||Deutschland||||||{'Nährwerte je': '100ml', 'Brennwert': '38 kj / 9 kcal', 'Fett in g': '<0,1', '- davon gesättigte Fettsäuren in g': '<0,1', 'Kohlenhydrate in g': '2,0', '- davon Zucker in g': '1,9', 'Eiweiß in g': '<0,1', 'Salz in g': '0,3'}|||||||||||Non-Organic||||{'manufacturer': 'True Tape Sports GmbH', 'Herstelleradresse': 'Fäustlestr. 7, DE-80339 München', 'Kontaktmöglichkeit': 'info@hydraid.com', 'Herkunftsland': 'Deutschland', 'Inhalt': '77.4 g', 'Eigenschaften': 'Ohne künstliche Farbstoffe', 'Zutaten': 'Dextrose, Rübenzucker, Säuerungsmittel: Citronensäure; Natriumcitrat, Kaliumcitrat, Salz, Magnesiumcitrat, Kaliumhydrogenphosphat, natürliches Aroma, Ascorbinsäure (Vitamin C), Süßungsmittel: Sucralose; Nicotinamid (Vitamin B3), Zinkcitrat, Calcium-D-pantothenat (Vitamin B5), Cyanocobalamin (Vitamin B12)', 'Produkttyp': 'Nahrungsergänzung', 'warning_notice': 'Die angegebene empfohlene tägliche Verzehrsmenge darf nicht überschritten werden. Nahrungsergänzungsmittel sollten nicht als Ersatz für eine ausgewogene und abwechslungsreiche Ernährung dienen. Achten Sie auf eine gesunde Lebensweise. Außerhalb der Reichweite von kleinen Kindern aufbewahren.', 'Zubereitungshinweis': 'Den Inhalt eines Sticks (12,9 g) in 400-500 ml kaltes und stilles Wasser geben. Mehrmals gut umrühren oder die Lösung einige Sekunden in einer Flasche schütteln bis sich alles aufgelöst hat. 1 Portion = 1 Stick + 400 ml Wasser'}||||||||||||||0|0|3013601_1.png|https://static.mueller.de/pdzoom/4260473289418_1.webp|3013601_2.png|https://static.mueller.de/pdzoom/4260473289418_2.webp||||||||||||||||||||True Tape Sports GmbH||||||||||77.4 g|||True||3013601P|||||||||10
3013602|mueller||||||||2024-10-28|Hydraid Hydration Helper Berry|HYDRAID||77.4|g|Home|Drogerie|Lebensmittel|Nahrungsergänzung|Hydraid Hydration Helper Berry|||4,99 €|4,99 €|||||||||||64,47 € / 1 kg|||EUR|Home> Drogerie> Lebensmittel> Nahrungsergänzung> Hydraid Hydration Helper Berry|https://www.mueller.at/p/hydraid-hydration-helper-berry-IPN3013602/|77.4 g|Nahrungsergänzung: Ab jetzt geht deine Hydrierung den wissenschaftlichen Weg. Mit dem Hydration Helper® hydrierst du schneller als mit purem Wasser und gibst deinem Körper den perfekten Mix aus Flüssigkeit und Nährstoffen.|||||Deutschland||||||{'Nährwerte je': '100ml', 'Brennwert': '38 kj / 9 kcal', 'Fett in g': '<0,1', '- davon gesättigte Fettsäuren in g': '<0,1', 'Kohlenhydrate in g': '2,0', '- davon Zucker in g': '1,9', 'Eiweiß in g': '<0,1', 'Salz in g': '0,3'}|||||||||||Non-Organic||||{'manufacturer': 'True Tape Sports GmbH', 'Herstelleradresse': 'Fäustlestr. 7, DE-80339 München', 'Kontaktmöglichkeit': 'info@hydraid.com', 'Herkunftsland': 'Deutschland', 'Inhalt': '77.4 g', 'Eigenschaften': 'Ohne künstliche Farbstoffe', 'Zutaten': 'Dextrose, Rübenzucker, Säuerungsmittel: Citronensäure; Natriumcitrat, Kaliumcitrat, Salz, Magnesiumcitrat, Kaliumhydrogenphosphat, natürliche Aromen, Ascorbinsäure (Vitamin C), Rote Bete Pulver, Süßungsmittel: Sucralose; Nicotinamid (Vitamin B3), Zinkcitrat, Calcium-D-pantothenat (Vitamin B5), Cyanocobalamin (Vitamin B12)', 'Produkttyp': 'Nahrungsergänzung', 'warning_notice': 'Die angegebene empfohlene tägliche Verzehrsmenge darf nicht überschritten werden. Nahrungsergänzungsmittel sollten nicht als Ersatz für eine ausgewogene und abwechslungsreiche Ernährung dienen. Achten Sie auf eine gesunde Lebensweise. Außerhalb der Reichweite von kleinen Kindern aufbewahren.', 'Zubereitungshinweis': 'Den Inhalt eines Sticks (12,9 g) in 400-500 ml kaltes und stilles Wasser geben. Mehrmals gut umrühren oder die Lösung einige Sekunden in einer Flasche schütteln bis sich alles aufgelöst hat. 1 Portion = 1 Stick + 400 ml Wasser'}||||||||||||||0|0|3013602_1.png|https://static.mueller.de/pdzoom/4260473289432_1.webp|3013602_2.png|https://static.mueller.de/pdzoom/4260473289432_2.webp||||||||||||||||||||True Tape Sports GmbH||||||||||77.4 g|||True||3013602P|||||||||10
2747900|mueller||||||||2024-10-28|Gourmet Berner Sanddorn in Honig|GOURMET BERNER||250|g|Home|Drogerie|Lebensmittel|Nahrung|Brotaufstriche|Süße Brotaufstriche|Gourmet Berner Sanddorn in Honig|8,95 €|8,95 €|||||||||||35,80 € / 1 kg|||EUR|Home> Drogerie> Lebensmittel> Nahrung> Brotaufstriche> Süße Brotaufstriche> Gourmet Berner Sanddorn in Honig|https://www.mueller.at/p/gourmet-berner-sanddorn-in-honig-2747900/|250 g|Frischer Brotaufstrich mit Sanddornnote.|||||Ungarn, Bulgarien||||||{'Nährwerte je': '100g', 'Brennwert': '1319 kj / 315 kcal', 'Fett in g': '0.1', '- davon gesättigte Fettsäuren in g': '0.1', 'Kohlenhydrate in g': '78', '- davon Zucker in g': '76', 'Eiweiß in g': '0.4', 'Salz in g': '0.1'}|||||||||||Non-Organic||||{'manufacturer': 'Gourmet Berner GmbH & Co. KG', 'Herstelleradresse': 'Boschstr.7 ,71384 Weinstadt', 'Herkunftsland': 'Ungarn, Bulgarien', 'Inhalt': '250 g', 'Zutaten': 'Blütenhonig (97%), konzentrierter Sanddornsaft (2,6%), Sanddornmark, Hagebuttenfruchtpulver, Maltodextrin.', 'Produkttyp': 'Honig'}||||||||||||||0|0|2747900_1.png|https://static.mueller.de/6958439029-PV-0/pdzoom/gourmet-berner-sanddorn-in-honig.webp||||||||||||||||||||||Gourmet Berner GmbH & Co. KG||||||||||250 g|||True||2747900P|||||||||10
2747903|mueller||||||||2024-10-28|Gourmet Berner Holunder in Honig|GOURMET BERNER||250|g|Home|Drogerie|Lebensmittel|Nahrung|Brotaufstriche|Süße Brotaufstriche|Gourmet Berner Holunder in Honig|8,95 €|8,95 €|||||||||||35,80 € / 1 kg|||EUR|Home> Drogerie> Lebensmittel> Nahrung> Brotaufstriche> Süße Brotaufstriche> Gourmet Berner Holunder in Honig|https://www.mueller.at/p/gourmet-berner-holunder-in-honig-2747903/|250 g|Frischer Brotaufstrich mit Holundernote.|||||Ungarn, Bulgarien||||||{'Nährwerte je': '100g', 'Brennwert': '1327 kj / 317 kcal', 'Fett in g': '0.1', '- davon gesättigte Fettsäuren in g': '0.1', 'Kohlenhydrate in g': '80', '- davon Zucker in g': '78', 'Eiweiß in g': '0.1', 'Salz in g': '0.1'}|||||||||||Non-Organic||||{'manufacturer': 'Gourmet Berner GmbH & Co. KG', 'Herstelleradresse': 'Boschstr.7 ,71384 Weinstadt', 'Herkunftsland': 'Ungarn, Bulgarien', 'Inhalt': '250 g', 'Zutaten': 'Blütenhonig (94%), konzentrierter Holundersaft (5,1%), Holunderfruchtpulver, Hagebuttenfruchtpulver.', 'Produkttyp': 'Honig'}||||||||||||||0|0|2747903_1.png|https://static.mueller.de/6958439105-PV-0/pdzoom/gourmet-berner-holunder-in-honig.webp||||||||||||||||||||||Gourmet Berner GmbH & Co. KG||||||||||250 g|||True||2747903P|||||||||10
2575381|mueller||||||||2024-10-28|DSQUARED2 Red Wood Eau de Toilette|DSQUARED2||30|ml|Home|Parfümerie|Düfte für Sie|Düfte|DSQUARED2 Red Wood Eau de Toilette|||51,45 €|51,45 €|||||||||||1 715,00 € / 1 l|||EUR|Home> Parfümerie> Düfte für Sie> Düfte> DSQUARED2 Red Wood Eau de Toilette|https://www.mueller.at/p/dsquared2-red-wood-eau-de-toilette-6714037051/|30 ml|"RED WOOD zaubert in der Kopfnote mit überraschend erfrischenden, stimulierenden Akzenten von Pink Pepper und Cranberry eine nie gekannte, verführerisch knackige und unwiderstehlich fruchtige Duftdimension.

Die raffiniert feminine Herznote ist geprägt von transparenten Litschi-Noten, von ebenso samtiger wie kraftvoller Rose und einem edlen Magnolien-Akkord.

Der magnetisierende Nachhall der Basisnote verbindet die sanfte Sinnlichkeit von Moschus mit der vibrierenden Aura von Zedernholz und Amber-Hölzern."||||||||||||||||||||||Non-Organic||||{'target_group': 'Damen', 'manufacturer': 'Nobilis Group GmbH', 'Herstelleradresse': 'Rheingaustraße 32, DE-65201 Wiesbaden', 'Kontaktmöglichkeit': 'info@nobilis-group.com', 'fragrance_concentration': 'Eau de Toilette', 'fragrance_note': 'fruchtig', 'top_note': 'rosa Pfeffer, Cranberry', 'heart_note': 'Litschi, Rose, Magnolie', 'base_note': 'Moschus, Zedernholz, Amberholz', 'Anwendungshinweis': 'Auf die gesunde Haut sprühen. Kontakt mit den Augen vermeiden.', 'package_contents': 'ALCOHOL DENAT., PARFUM (FRAGRANCE), WATER (AQUA), OCTINOXATE, BUTYL METHOXYDIBENZOYLMETHANE, ETHYLHEXYL SALICYLATE, LIMONENE, HYDROXYCITRONELLAL, LINALOOL, BENZYL SALICYLATE, CITRONELLOL, HEXYL CINNAMAL, GERANIOL, CITRAL, CINNAMYL ALCOHOL', 'Inhalt': '30 ml', 'Produkttyp': 'Eau de Toilette'}||||||||||||||0|0|2575381_1.png|https://static.mueller.de/6680401917-PV-0/pdzoom/dsquared2-red-wood-eau-de-toilette.webp|2575381_2.png|https://static.mueller.de/6680401917-PUV-1/pdzoom/dsquared2-red-wood-eau-de-toilette.webp|2575381_3.png|https://static.mueller.de/6680401917-VV-2/pdzoom/dsquared2-red-wood-eau-de-toilette.webp||||||||||||||||||Nobilis Group GmbH||||||||||30 ml|ALCOHOL DENAT., PARFUM (FRAGRANCE), WATER (AQUA), OCTINOXATE, BUTYL METHOXYDIBENZOYLMETHANE, ETHYLHEXYL SALICYLATE, LIMONENE, HYDROXYCITRONELLAL, LINALOOL, BENZYL SALICYLATE, CITRONELLOL, HEXYL CINNAMAL, GERANIOL, CITRAL, CINNAMYL ALCOHOL||True||2575381P|||||||||5
2575396|mueller||||||||2024-10-28|DSQUARED2 Green Wood Eau de Toilette|DSQUARED2||30|ml|Home|Parfümerie|Düfte für Ihn|Düfte|DSQUARED2 Green Wood Eau de Toilette|||51,45 €|51,45 €|||||||||||1 715,00 € / 1 l|||EUR|Home> Parfümerie> Düfte für Ihn> Düfte> DSQUARED2 Green Wood Eau de Toilette|https://www.mueller.at/p/dsquared2-green-wood-eau-de-toilette-6714037052/|30 ml|"In der Kopfnote von GREEN WOOD treffen die Energie von Zitrone und die aromatische Frische von Santolina auf einen würzigen Hauch von elegant vibrierendem Bourbon Pfeffer aus Madagaskar.

Die raffinierte Herznote kombiniert die Holzaromen von Zeder und Vetiver mit einem exklusiven Harzakkord. Das Ergebnis ist ein fesselnder, ebenso generös wie archaisch wirkender Duftcharakter.

Die prägnante, sinnlich umhüllende und lange nachhallende Basisnote entfaltet mit geheimnisvollem Cypriol, hypnotischem Ambrox und sinnlichem Moschus ihre ultra-maskuline, unvergessliche Magie."||||||||||||||||||||||Non-Organic||||{'target_group': 'Herren', 'manufacturer': 'Nobilis Group GmbH', 'Herstelleradresse': 'Rheingaustraße 32, DE-65201 Wiesbaden', 'Kontaktmöglichkeit': 'info@nobilis-group.com', 'fragrance_concentration': 'Eau de Toilette', 'fragrance_note': 'würzig', 'top_note': 'Zitrone, Santolina, Bourbon Pfeffer', 'heart_note': 'Zeder, Vetiver', 'base_note': 'Cypriol, Amborx, Moschus', 'Anwendungshinweis': 'Auf die gesunde Haut sprühen. Kontakt mit den Augen vermeiden.', 'package_contents': 'ALCOHOL DENAT., PARFUM (FRAGRANCE), WATER (AQUA), OCTINOXATE, BUTYL METHOXYDIBENZOYLMETHANE, ETHYLHEXYL SALICYLATE, LINALOOL, LIMONENE, CITRONELLOL, GERANIOL, CITRAL, ISOEUGENOL.', 'Inhalt': '30 ml', 'Produkttyp': 'Eau de Toilette'}||||||||||||||0|0|2575396_1.png|https://static.mueller.de/6680402531-PV-0/pdzoom/dsquared2-green-wood-eau-de-toilette.webp|2575396_2.png|https://static.mueller.de/6680402531-PUV-1/pdzoom/dsquared2-green-wood-eau-de-toilette.webp|2575396_3.png|https://static.mueller.de/6680402531-VV-2/pdzoom/dsquared2-green-wood-eau-de-toilette.webp||||||||||||||||||Nobilis Group GmbH||||||||||30 ml|ALCOHOL DENAT., PARFUM (FRAGRANCE), WATER (AQUA), OCTINOXATE, BUTYL METHOXYDIBENZOYLMETHANE, ETHYLHEXYL SALICYLATE, LINALOOL, LIMONENE, CITRONELLOL, GERANIOL, CITRAL, ISOEUGENOL.||True||2575396P|||||||||5
2598082|mueller||||||||2024-10-28|COACH Dreams Eau de Parfum|COACH||40|ml|Home|Parfümerie|Düfte für Sie|Düfte|COACH Dreams Eau de Parfum|||44,95 €|44,95 €|||||||||||1 123,75 € / 1 l|||EUR|Home> Parfümerie> Düfte für Sie> Düfte> COACH Dreams Eau de Parfum|https://www.mueller.at/p/coach-dreams-eau-de-parfum-6714037054/|40 ml|Die strahlend-holzige Komposition des Parfümeurs Antoine Maisondieu macht den Auftakt mit erfrischender Bitterorange und saftiger Birne. Die Herznote verströmt den Duft von Gardenie und Kaktusblüte; der Nachhall ist geprägt von sinnlichem Joshua Tree und moschusartigem Ambroxan.||||||||||||||||||||||Non-Organic||||{'target_group': 'Damen', 'manufacturer': 'Nobilis Group GmbH', 'Herstelleradresse': 'Rheingaustraße 32, DE-65201 Wiesbaden', 'Kontaktmöglichkeit': 'info@nobilis-group.com', 'fragrance_concentration': 'Eau de Parfum', 'fragrance_note': 'blumig', 'top_note': 'Bitterorange, Birne', 'heart_note': 'Gardenie, Kaktusblüte', 'base_note': 'Joshua Tree, Ambroxan', 'Anwendungshinweis': 'Auf die gesunde Haut sprühen. Kontakt mit den Augen vermeiden.', 'package_contents': 'ALCOHOL DENAT. (SD ALCOHOL 39-C), PARFUM (FRAGRANCE), AQUA (WATER), ETHYLHEXYL METHOXYCONNAMATE, BUTYL METHOXYDIBENZOYLMETHANE, ETHYLHEXYL SALICYLATE, BHT, CI 147 (RED 4), CI 172 (RED 33), HYDROXYCITRONELLAL, LIMONENE, BENZYL SALICYLATE, LINALOOL, HEXYL CINNAMAL, CITRAL', 'Inhalt': '40 ml', 'Produkttyp': 'Eau de Parfum'}||||||||||||||0|0|2598082_1.png|https://static.mueller.de/6713259867-PV-0/pdzoom/coach-dreams-eau-de-parfum.webp|2598082_2.png|https://static.mueller.de/6713259867-PUV-1/pdzoom/coach-dreams-eau-de-parfum.webp|2598082_3.png|https://static.mueller.de/6713259867-VV-2/pdzoom/coach-dreams-eau-de-parfum.webp||||||||||||||||||Nobilis Group GmbH||||||||||40 ml|ALCOHOL DENAT. (SD ALCOHOL 39-C), PARFUM (FRAGRANCE), AQUA (WATER), ETHYLHEXYL METHOXYCONNAMATE, BUTYL METHOXYDIBENZOYLMETHANE, ETHYLHEXYL SALICYLATE, BHT, CI 147 (RED 4), CI 172 (RED 33), HYDROXYCITRONELLAL, LIMONENE, BENZYL SALICYLATE, LINALOOL, HEXYL CINNAMAL, CITRAL||True||2598082P|||||||||10
153890|mueller||||||||2024-10-28|Donic-Schildkröt - Tischtennisschläger Champs Line 400, 1,5 mm Schwamm, Jade - ITTF Belag|DONIC SCHILDKRÖT||1|Stk.|Home|Spielwaren|Sport & Outdoor|Bälle & Ballspiele|Donic-Schildkröt - Tischtennisschläger Champs Line 400, 1,5 mm Schwamm, Jade - ITTF Belag|||9,99 €|9,99 €||||||||||||||EUR|Home> Spielwaren> Sport & Outdoor> Bälle & Ballspiele> Donic-Schildkröt - Tischtennisschläger Champs Line 400, 1,5 mm Schwamm, Jade - ITTF Belag|https://www.mueller.at/p/donic-schildkroet-tischtennisschlaeger-champs-line-400-1-5-mm-schwamm-jade-ittf-belag-153890/|1 Stk.|"Die neue ""Champs Line"" aus dem Hause Donic-Schildkröt besticht durch ihr cooles und trendiges Griffdesign und wertige konkave Holzgriffe, die optimal in der Hand liegen. Die Serie ist einer Reihe sehr guter jüngerer Nachwuchsspieler gewidmet, die bei Donic unter Vertrag stehen. Der ""Champs 400"" Schläger ist der wertigste Schläger dieser Einsteiger-Serie. Er ist bereits mit einem ITTF zugelassenen Schildkröt-Jade Belag ausgestattet (Noppen innen, glatter Belag), darunter ist eine 1,5 mm starke Schwammschicht zu finden, die dem Schläger Eigenbeschleunigung verleiht.  Der Champs 400 ist für den Anfänger, Gelegenheitsspieler und Freizeitspieler eine gute Wahl. Er ist ideal für den Einsatz in Schulen und sonstigen Einrichtungen - u.a. auch wegen des recht niedrigen Preises. Donic genießt weltweit einen hervorragenden Ruf im Tischtennis Wettkampf-Segment und ist Ausrüster zahlreicher bekannter Spitzenspieler. Die deutsche Traditionsmarke Schildkröt ist weit über 100 Jahre am Markt etabliert und gilt als Erfinder des Tischtennisballs. Donic-Schildkröt ist heute unangefochtener Marktführer im Bereich Freizeit-Tischtennis in Zentraleuropa. Produziert wird in der BSCI zertifizierten Schildkröt-Fabrik in China unter höchsten Sozialstandards."||||||||6 Jahre||||||||||||||Non-Organic||||{'target_group': 'Grundschüler', 'Kontaktmöglichkeit': 'MTS Sportartikel Vertriebs GmbH', 'Artikelnummer des Herstellers': '705142', 'license': 'DONIC SCHILDKRÖT Tischtennis', 'Altersempfehlung ab': '6 Jahre', 'Inhalt': '1 Stk.', 'Produkttyp': 'Tischtennis'}||||||||||||||0|0|153890_1.png|https://static.mueller.de/228266998-PV-0/pdzoom/donic-schildkroet-tischtennisschlaeger-champs-line-400-1-5-mm-schwamm-jade-ittf-belag.webp|153890_2.png|https://static.mueller.de/228266998-PB-1/pdzoom/donic-schildkroet-tischtennisschlaeger-champs-line-400-1-5-mm-schwamm-jade-ittf-belag.webp|153890_3.png|https://static.mueller.de/228266998-PB-2/pdzoom/donic-schildkroet-tischtennisschlaeger-champs-line-400-1-5-mm-schwamm-jade-ittf-belag.webp|153890_4.png|https://static.mueller.de/228266998-PB-3/pdzoom/donic-schildkroet-tischtennisschlaeger-champs-line-400-1-5-mm-schwamm-jade-ittf-belag.webp|153890_5.png|https://static.mueller.de/228266998-PB-4/pdzoom/donic-schildkroet-tischtennisschlaeger-champs-line-400-1-5-mm-schwamm-jade-ittf-belag.webp|153890_6.png|https://static.mueller.de/228266998-PB-5/pdzoom/donic-schildkroet-tischtennisschlaeger-champs-line-400-1-5-mm-schwamm-jade-ittf-belag.webp||||||||||||705142||||||||||1 Stk.|||True||153890P|||||||||10
2708309|mueller||||||||2024-10-28|Hahnenkampf (Vinyl)|||1|Stk.|Home|Multi-Media|Musik|Hip-Hop|Hahnenkampf (Vinyl)|||32,99 €|32,99 €||||||||||||||EUR|Home> Multi-Media> Musik> Hip-Hop> Hahnenkampf (Vinyl)|https://www.mueller.at/p/hahnenkampf-vinyl-2708309/|1 Stk.|||||||||||||||||||||||Non-Organic||||{'medium': 'LP (analog)', 'Künstler': 'K.I.Z.', 'Inhalt': '1 Stk.', 'Anzahl Medien im Artikel': '2', 'genre': 'HipHop / Rap deutschsprachig', 'Label': 'Vertigo Be'}||||||||||||||0|0|2708309_1.png|https://static.mueller.de/pdzoom/602517487833-pv-neu.webp||||||||||||||||||||||||||||||||1 Stk.|||True||2708309P|||||||||1
3013623|mueller||||||||2024-10-28|Ritter Sport Minimeter|RITTER SPORT||1200|g|Home|Drogerie|Lebensmittel|Süßigkeiten|Schokolade|Ritter Sport Minimeter||29,99 €|29,99 €|||||||||||24,99 € / 1 kg|||EUR|Home> Drogerie> Lebensmittel> Süßigkeiten> Schokolade> Ritter Sport Minimeter|https://www.mueller.at/p/ritter-sport-minimeter-IPN3013623/|1200 g|Gefüllte Vollmilchschokolade mit Magermilch-Joghurt-Creme (44%). Vollmilchschokolade mit Haselnuss-Stückchen (15%). Edel-Vollmilchschokolade. Gefüllte Halbbitter-Schokolade mit Edel-Marzipan (40%). Vollmilchschokolade mit Cornflakes (7%). Gefüllte Vollmilchschokolade mit Nugat (42%). Gefüllte Vollmilchschokolade mit einer kakaohaltigen Milch-Creme (23 %) und einem Butterkeks (12 %).||Vor Wärme und Feuchtigkeit schützen.|||||||||{'Nährwerte je': '100  g', 'Brennwert': '2300 kj / 552 kcal', 'Fett in g': '34.0 g', '- davon gesättigte Fettsäuren in g': '19.0 g', 'Kohlenhydrate in g': '53.0 g', '- davon Zucker in g': '50.0 g', 'Eiweiß in g': '6.8 g', 'Salz in g': '0.22 g'}|||||||||||Non-Organic||||{'Lagerhinweis': 'Vor Wärme und Feuchtigkeit schützen.', 'manufacturer': 'Alfred Ritter GmbH & Co. KG', 'Herstelleradresse': 'D-71111 Waldenbuch Deutschland', 'Kontaktmöglichkeit': 'ritter-sport@office-direkt.de', 'Inhalt': '1200 g', 'Zutaten': 'Zucker, Kakaobutter, Kakaomasse, VollMILCHpulver, Palmfett, LAKTOSE, MagerMILCHpulver, MANDELN, HASELNUSSmasse, BUTTERreinfett, WEIZENmehl, MagerMILCHjoghurtpulver, HASELNÜSSE, Mais, SAHNEpulver, Emulgator: Lecithine (SOJA), Invertzuckersirup, BUTTER, WEIZENstärke, Salz, Glukose-Fruktose-Sirup, GERSTEnmalzextrakt, SüßMOLKEnpulver, Feuchthaltemittel: Invertase. Kann Spuren von Erdnüssen, anderen Schalenfrüchten und Ei enthalten.', 'Produkttyp': 'Schokoladenartikel'}||||||||||||||0|0|3013623_1.png|https://static.mueller.de/markant_04000417005007_pv_1152132/pdzoom/ritter-sport-minimeter.webp||||||||||||||||||||||Alfred Ritter GmbH & Co. KG||||||||||1200 g|||False||3013623P||||Kakao: 30% mindestens in der Vollmilchschokolade, 50% mindestens in der Halbbitterschokolade.|||||1
2601397|mueller||||||||2024-10-28|Maleficent - Mächte der Finsternis|||1|Stk.|Home|Multi-Media|Filme & TV|Science Fiction & Fantasy|Maleficent - Mächte der Finsternis|||9,99 €|9,99 €||||||||||||||EUR|Home> Multi-Media> Filme & TV> Science Fiction & Fantasy> Maleficent - Mächte der Finsternis|https://www.mueller.at/p/maleficent-maechte-der-finsternis-2601397/|1 Stk.|Das langerwartete Fantasy-Abenteuer MALEFICENT: MÄCHTE DER FINSTERNIS setzt mehrere Jahre nach den Ereignissen seines erfolgreichen Vorga¨ngerfilms ein: Wa¨hrend eine neue, dunkle Bedrohung finster am Horizont ihrer magischen Reiche aufzieht, sehen sich die gehörnte Fee und die junge Prinzessin schon bald gezwungen, zum Schutz der verzauberten Moore und ihrer liebenswerten Kreaturen neue Allianzen zu schmieden.|||||||||||||||"Nord- und Südamerika, Korea, Hongkong, Taiwan|Europa, Vorderasien, Afrika, Australien|Indien, China, Russland, Zentral- und Südasien"|||||||Non-Organic||||"{'medium': 'Blu-ray Disc', 'Untertitel': 'Italienisch,Deutsch,Polnisch,Griechisch', 'manufacturer': 'LEONINE', 'Bildformat': 'HD|Widescreen', 'Zusatzinfos / Bonusmaterial beim Film dabei': 'Pannen vom Dreh;\nFeaturettes;\nErweiterte Szenen;\nMusikvideo;', 'Inhalt': '1 Stk.', 'Laufzeit in min (gesamt)': '118', 'Produktionsjahr': '2019', 'Produktionsland': 'USA', 'Regionalcode': 'Nord- und Südamerika, Korea, Hongkong, Taiwan|Europa, Vorderasien, Afrika, Australien|Indien, China, Russland, Zentral- und Südasien', 'Regisseur': 'Joachim Ronning', 'Schauspieler': 'Harris Dickinson,Juno Temple,Sam Riley,Chiwetel Ejiofor,Imelda Staunton,Angelina Jolie,Elle Fanning,Michelle Pfeiffer,Ed Skrein', 'Special Edition': 'Nein', 'Tonformat-Sprache': 'Deutsch,Italienisch,Englisch,Polnisch', 'Untertitel für Gehörlose': 'Englisch', 'packaging_type': 'Softbox', 'Hauptgenre': 'Fantasy'}"||||||||||||||0|0|2601397_1.png|https://static.mueller.de/videojakob_8717418559540_pv_584076/pdzoom/maleficent-maechte-der-finsternis.webp|2601397_2.png|https://static.mueller.de/pdzoom/videojakob_8717418559540_pr_584076-back.webp|2601397_3.png|https://static.mueller.de/videojakob_8717418559540_pd_66825659/pdzoom/maleficent-maechte-der-finsternis.webp|2601397_4.png|https://static.mueller.de/videojakob_8717418559540_pd_66825878/pdzoom/maleficent-maechte-der-finsternis.webp|2601397_5.png|https://static.mueller.de/videojakob_8717418559540_pd_66826097/pdzoom/maleficent-maechte-der-finsternis.webp|2601397_6.png|https://static.mueller.de/videojakob_8717418559540_pd_66826300/pdzoom/maleficent-maechte-der-finsternis.webp||||||||||||LEONINE||||||||||1 Stk.|||True||2601397P|||||||||5
2879508|mueller||||||||2024-10-28|Catrice Intense Matte Lip Pen|CATRICE||1.2|g|Home|Parfümerie|Make-up|Lippen|Lippenstift|Catrice Intense Matte Lip Pen||3,75 €|3,75 €||||||||||||||EUR|Home> Parfümerie> Make-up> Lippen> Lippenstift> Catrice Intense Matte Lip Pen|https://www.mueller.at/p/catrice-intense-matte-lip-pen-IPN2879506/|1.2 g|Perfekt für ein präzises, farbintensives Lippenstyling: Der Intense Matte Lip Pen ist ein Lippen- und Lippenkonturenstift in einem Produkt. Dank der spitzen Mine lassen sich die Lippenkonturen exakt betonen und die angenehme, softe Textur lässt sich ganz leicht verteilen. Mit nur einem Strich überzeugt der Lip Pen durch seine hohe Farbabgabe. Die Formel ist mit Rizinusöl, Sheabutter und Vitamin E angereichert und verleiht den Lippen ein mattes Satin-Finish. Weiterer Benefit: Der Stift besteht aus FSC-zertifiziertem Holz. 2in1 Lippen- & LippenkonturenstiftMit Rizinusöl, Sheabutter & Vitamin EMattes Satin-Finish & hohe Farbabgabe||||||||||||||||||||||Non-Organic||||{'consistency': 'Stift', 'target_group': 'Damen', 'manufacturer': 'cosnova', 'Herstelleradresse': 'Frankfurt (D-65843)', 'Kontaktmöglichkeit': 'service@cosnova.eu', 'Anwendungshinweis': 'Mit dem Lip Pen lassen sich die Lippenkonturen präzise nachzeichnen und anschließend die Lippen vollständig ausmalen. Die Lippenkonturen müssen nicht in einem Rutsch nachgezogen werden - kurze Linien entlang der Konturen lassen sich einfacher und genauer auftragen.', 'package_contents': 'RICINUS COMMUNIS (CASTOR) SEED OIL, CAPRYLIC/CAPRIC TRIGLYCERIDE, GLYCERYL RICINOLEATE, EUPHORBIA CERIFERA CERA (EUPHORBIA CERIFERA (CANDELILLA) WAX), MICA, COPERNICIA CERIFERA CERA (COPERNICIA CERIFERA (CARNAUBA) WAX), MYRISTYL MYRISTATE, BUTYROSPERMUM PARKII (SHEA) BUTTER, CETYL ALCOHOL, TOCOPHERYL ACETATE, TOCOPHEROL, CI 42090 (BLUE 1 LAKE), CI 45410 (RED 28 LAKE), CI 77891 (TITANIUM DIOXIDE).', 'Farbnummer': '030', 'Farbe': 'Think Pink', 'Inhalt': '1.2 g', 'scope_of_application': 'Lippen', 'Produkttyp': 'Lippenfarbe'}||||||Think Pink||||||||0|0|2879508_1.png|https://static.mueller.de/markant_04059729401267_pv_4533653/pdzoom/catrice-intense-matte-lip-pen.webp|2879508_2.png|https://static.mueller.de/markant_04059729401267_pd_5026243/pdzoom/catrice-intense-matte-lip-pen.webp|2879508_3.png|https://static.mueller.de/markant_04059729401267_pd_4868093/pdzoom/catrice-intense-matte-lip-pen.webp|2879508_4.png|https://static.mueller.de/markant_04059729401267_pd_4533652/pdzoom/catrice-intense-matte-lip-pen.webp|2879508_5.png|https://static.mueller.de/markant_04059729401267_pd_3999218/pdzoom/catrice-intense-matte-lip-pen.webp|2879508_6.png|https://static.mueller.de/markant_04059729401267_pd_3999221/pdzoom/catrice-intense-matte-lip-pen.webp||||||||||||cosnova||||||||||1.2 g|RICINUS COMMUNIS (CASTOR) SEED OIL, CAPRYLIC/CAPRIC TRIGLYCERIDE, GLYCERYL RICINOLEATE, EUPHORBIA CERIFERA CERA (EUPHORBIA CERIFERA (CANDELILLA) WAX), MICA, COPERNICIA CERIFERA CERA (COPERNICIA CERIFERA (CARNAUBA) WAX), MYRISTYL MYRISTATE, BUTYROSPERMUM PARKII (SHEA) BUTTER, CETYL ALCOHOL, TOCOPHERYL ACETATE, TOCOPHEROL, CI 42090 (BLUE 1 LAKE), CI 45410 (RED 28 LAKE), CI 77891 (TITANIUM DIOXIDE).||True||2879508P|||||||||10
2601390|mueller||||||||2024-10-28|Maleficent - Mächte der Finsternis|||1|Stk.|Home|Multi-Media|Filme & TV|Science Fiction & Fantasy|Maleficent - Mächte der Finsternis|||7,99 €|7,99 €||||||||||||||EUR|Home> Multi-Media> Filme & TV> Science Fiction & Fantasy> Maleficent - Mächte der Finsternis|https://www.mueller.at/p/maleficent-maechte-der-finsternis-2601390/|1 Stk.|Das langerwartete Fantasy-Abenteuer MALEFICENT: MÄCHTE DER FINSTERNIS setzt mehrere Jahre nach den Ereignissen seines erfolgreichen Vorga¨ngerfilms ein: Wa¨hrend eine neue, dunkle Bedrohung finster am Horizont ihrer magischen Reiche aufzieht, sehen sich die gehörnte Fee und die junge Prinzessin schon bald gezwungen, zum Schutz der verzauberten Moore und ihrer liebenswerten Kreaturen neue Allianzen zu schmieden.||||||||||||||||||||||Non-Organic||||"{'medium': 'DVD', 'Untertitel': 'Italienisch,Deutsch', 'manufacturer': 'LEONINE', 'Bildformat': '16:9|Widescreen', 'Inhalt': '1 Stk.', 'Laufzeit in min (gesamt)': '113', 'Produktionsjahr': '2019', 'Produktionsland': 'USA', 'Regisseur': 'Joachim Ronning', 'Schauspieler': 'Angelina Jolie,Elle Fanning,Michelle Pfeiffer,Ed Skrein,Chiwetel Ejiofor,Sam Riley,Harris Dickinson,Imelda Staunton,Juno Temple', 'Special Edition': 'Nein', 'Tonformat-Sprache': 'Deutsch,Englisch,Italienisch', 'Untertitel für Gehörlose': 'Englisch', 'packaging_type': 'Softbox', 'Hauptgenre': 'Fantasy'}"||||||||||||||0|0|2601390_1.png|https://static.mueller.de/videojakob_8717418559625_pv_584075/pdzoom/maleficent-maechte-der-finsternis.webp|2601390_2.png|https://static.mueller.de/pdzoom/videojakob_8717418559625_pr_584075-back.webp|2601390_3.png|https://static.mueller.de/videojakob_8717418559625_pd_66825659/pdzoom/maleficent-maechte-der-finsternis.webp|2601390_4.png|https://static.mueller.de/videojakob_8717418559625_pd_66825878/pdzoom/maleficent-maechte-der-finsternis.webp|2601390_5.png|https://static.mueller.de/videojakob_8717418559625_pd_66826097/pdzoom/maleficent-maechte-der-finsternis.webp|2601390_6.png|https://static.mueller.de/videojakob_8717418559625_pd_66826300/pdzoom/maleficent-maechte-der-finsternis.webp||||||||||||LEONINE||||||||||1 Stk.|||True||2601390P|||||||||5
364246|mueller||||||||2024-10-28|Veet pure Dusch-Haarentfernungs-Creme|VEET||150|ml|Home|Drogerie|Pflege|Körperpflege|Enthaarung|Enthaarungswachs & -creme|Veet pure Dusch-Haarentfernungs-Creme|8,45 €|8,45 €|||||||||||56,33 € / 1 l|||EUR|Home> Drogerie> Pflege> Körperpflege> Enthaarung> Enthaarungswachs & -creme> Veet pure Dusch-Haarentfernungs-Creme|https://www.mueller.at/p/veet-pure-dusch-haarentfernungs-creme-IPN364246/|150 ml|Effektive Haarentfernung in 3-6 Minuten,Entfernt die Haare nahe der Wurzel für langanhaltend glatte Haut (4-10 Tage - je nach Haartyp),Enthält Schwamm für einfaches Auftragen,Dermatologisch getestet,Kein Risiko durch Schnittverletzungen,Du nimmst dir gerne etwas Zeit unter der Dusche - vielleicht übst du dabei sogar deinen Lieblingssong? Die Zeit kannst du effektiv nutzen, um unsere Veet Dusch-Haarentfernungscreme einwirken zu lassen, und der lästigen Körperbehaarung den Kampf anzusagen. Das Set enthält eine Creme und einen Schwamm. Mit der farbigen Seite des Schwammes, kannst du die Creme super einfach unter der Dusche auftragen (besonders effizient für größere Stellen wie deine Arme und Beine). Dann einfach circa 3 bis 6 Minuten einwirken lassen und mit der weißen Seite des Schwammes die Creme entfernen. Damit kannst du unerwünschte Haare auch an schwer zu erreichenden Körperregionen einfach und ohne Schnittverletzungsrisiko entfernen. Die Creme sorgt nicht nur für ein Langanhaltendes Glättegefühl mit einem Minimum an Inhaltsstoffen* *Im Vergleich zu allen frühreren Veet Dusch-Cremes Entfernt die Haare nahe der Wurzel für langanhaltend glatte Haut (4-10 Tage - je nach Haartyp)Enthält Schwamm für einfaches AuftragenDermatologisch getestetKein Risiko durch SchnittverletzungenEffektive Haarentfernung in 3-6 Minuten||Nicht in Reichweite von Kindern aufbewahren.||||||||||||||||||||Non-Organic||||{'Lagerhinweis': 'Nicht in Reichweite von Kindern aufbewahren.', 'manufacturer': 'Reckitt Benckiser Deutschland GmbH', 'Herstelleradresse': 'Darwinstr. 2-4\n\n69115 Heidelberg', 'Kontaktmöglichkeit': 'www.reckitt.com', 'package_contents': 'Aqua, Cetearyl Alcohol, Potassium Thioglycolate, Paraffinum Liquidum, Calcium Hydroxide, Ceteareth-20, Talc, Glycerin, VP/Hexadecene Copolymer, Polyethylene, Parfum, SodiumGluconate, ButyrospermumParkii Butter, Citric Acid', 'skin_type': 'trockene Haut', 'Inhalt': '150 ml', 'scope_of_application': 'Enthaarung', 'Produkttyp': 'Enthaarungscreme'}||||||||||||||4.05|20|364246_1.png|https://static.mueller.de/markant_03059944020640_pv_3993168/pdzoom/veet-pure-dusch-haarentfernungs-creme.webp|364246_2.png|https://static.mueller.de/markant_03059944020640_pr_3993170/pdzoom/veet-pure-dusch-haarentfernungs-creme.webp|364246_3.png|https://static.mueller.de/markant_03059944020640_pd_3993174/pdzoom/veet-pure-dusch-haarentfernungs-creme.webp|364246_4.png|https://static.mueller.de/markant_03059944020640_pd_3993171/pdzoom/veet-pure-dusch-haarentfernungs-creme.webp|364246_5.png|https://static.mueller.de/markant_03059944020640_pd_3993173/pdzoom/veet-pure-dusch-haarentfernungs-creme.webp|364246_6.png|https://static.mueller.de/markant_03059944020640_pd_3993172/pdzoom/veet-pure-dusch-haarentfernungs-creme.webp||||||||||||Reckitt Benckiser Deutschland GmbH||||||||||150 ml|Aqua, Cetearyl Alcohol, Potassium Thioglycolate, Paraffinum Liquidum, Calcium Hydroxide, Ceteareth-20, Talc, Glycerin, VP/Hexadecene Copolymer, Polyethylene, Parfum, SodiumGluconate, ButyrospermumParkii Butter, Citric Acid||True||364246P||||SICHERHEITSINFORMATION: Umverpackung mit den vollständigen Sicherheitsinformationen und der Gebrauchsanweisung aufbewahren. Vor der Anwendung alle wichtigen Hinweise lesen und befolgen. Gebrauchsanweisung beachten. Insgesamt nicht länger als 6 Minuten einwirken lassen. Für die Anwendung an Beinen, Armen, Achseln &Bikinizone geeignet. NICHT GEEIGNET für Kopf, Gesicht, Augen, Nase, Ohren, Anal- oder Genitalbereich sowie Brustwarzen oder andere Körperpartien. Nicht anwenden auf Krampfadern, Narben, Muttermalen, pickliger, geschädigter, gereizter Haut, Sonnenbrand oder bei vorangegangenen Hautreaktionen auf Enthaarungscremes. Warten Sie immer 72 Stunden bis zur nächsten Enthaarung. Bei Einnahme von Medikamenten, die die Haut beeinflussen können, bei Hautkrankheiten oder sonstigen Beschwerden, die Auswirkungen auf die Haut haben, sollten Sie vor der Anwendung einen Arzt konsultieren. FÜHREN SIE vor jeder Anwendung EINEN HAUTTEST DURCH, indem Sie das Produkt auf einer kleinen Stelle der zu e|||||10
574556|mueller||||||||2024-10-28|Florena Nachtpflege Olivenöl|FLORENA||50|ml|Home|Drogerie|Pflege|Gesichtspflege|Nachtpflege|Florena Nachtpflege Olivenöl||4,95 €|4,95 €|||||||||||99,00 € / 1 l|||EUR|Home> Drogerie> Pflege> Gesichtspflege> Nachtpflege> Florena Nachtpflege Olivenöl|https://www.mueller.at/p/florena-nachtpflege-olivenoel-574556/|50 ml|Die hochwirksame Nachtcreme mit Olivenöl ist eine Feuchtigkeitscreme für die Nacht, die speziell für trockene Haut entwickelt wurde. Sie enthält hochwertiges Olivenöl, das für seine pflegenden und regenerierenden Eigenschaften bekannt ist. Die Nachtcreme versorgt die Haut intensiv 24 Stunden lang mit Feuchtigkeit und unterstützt die Regeneration über Nacht, für ein gepflegtes und weiches Hautgefühl am Morgen. Sie hilft, Trockenheitsfältchen zu reduzieren und die Haut geschmeidig zu machen. Die reichhaltige Formel zieht schnell ein und hinterlässt keinen fettigen Film auf der Haut. Die Nachtcreme mit Olivenöl ist frei von Parabenen, Silikonen, PEG-Emulgatoren und Mineralölen. Zudem ist sie auch für empfindliche Haut geeignet. Verbessert den Feuchtigkeitsgehalt der HautUnterstützt den natürlichen Regenerationsprozess der Haut über NachtHautverträglichkeit dermatologisch bestätigt||||||||||||||||||||||Non-Organic||||{'target_group': 'Damen', 'manufacturer': 'Beiersdorf AG', 'Herstelleradresse': 'Beiersdorfstraße 1-9 \n20245 Hamburg', 'Kontaktmöglichkeit': '00800 49 40 1911', 'Anwendungshinweis': 'Tragen Sie die Olivenöl Nachtpflege täglich abends nach dem Reinigen auf Gesicht, Hals und Dekolletee auf und massieren Sie die Haut sanft.\n\nAls optimale Ergänzung Ihrer Pflege empfehlen wir Ihnen weitere Produkte von Florena mit Olivenöl: Tagespflege und Handcreme.', 'package_contents': 'Aqua, Polyglyceryl-4 Diisostearate/Polyhydroxystearate/Sebacate, Glycerin, Caprylic/Capric Triglyceride, Cetearyl Isononanoate, Octyldodecanol, Isopropyl Palmitate, Distarch Phosphate, Olea Europaea Fruit Oil, Magnesium Sulfate, Tocopherol, Helianthus Annuus Seed Oil, Hydrogenated Castor Oil, Cera Alba, Sodium Citrate, Citric Acid, Piroctone Olamine, Phenoxyethanol, Hydroxyacetophenone, Benzyl Salicylate, Benzyl Alcohol, Alpha-Isomethyl Ionone, Geraniol, Linalool, Citronellol, Parfum', 'skin_type': 'trockene Haut', 'Inhalt': '50 ml', 'scope_of_application': 'Nachtpflege', 'Produkttyp': 'Creme'}||||||||||||||0|0|574556_1.png|https://static.mueller.de/markant_04005900108678_pv_3168723/pdzoom/florena-nachtpflege-olivenoel.webp|574556_2.png|https://static.mueller.de/markant_04005900108678_pv_1420118/pdzoom/florena-nachtpflege-olivenoel.webp||||||||||||||||||||Beiersdorf AG||||||||||50 ml|Aqua, Polyglyceryl-4 Diisostearate/Polyhydroxystearate/Sebacate, Glycerin, Caprylic/Capric Triglyceride, Cetearyl Isononanoate, Octyldodecanol, Isopropyl Palmitate, Distarch Phosphate, Olea Europaea Fruit Oil, Magnesium Sulfate, Tocopherol, Helianthus Annuus Seed Oil, Hydrogenated Castor Oil, Cera Alba, Sodium Citrate, Citric Acid, Piroctone Olamine, Phenoxyethanol, Hydroxyacetophenone, Benzyl Salicylate, Benzyl Alcohol, Alpha-Isomethyl Ionone, Geraniol, Linalool, Citronellol, Parfum||True||574556P|||||||||10
2879593|mueller||||||||2024-10-28|Nicholas Sparks Collection [3 DVDs]|||1|Stk.|Home|Multi-Media|Filme & TV|Action & Abenteuer|Nicholas Sparks Collection  [3 DVDs]|||14,99 €|14,99 €||||||||||||||EUR|Home> Multi-Media> Filme & TV> Action & Abenteuer> Nicholas Sparks Collection  [3 DVDs]|https://www.mueller.at/p/nicholas-sparks-collection-3-dvds-IPN2879593/|1 Stk.|"Erfolgsautor Nicholas Sparks ist der unangefochtene Meister großer Gefühle. Immer wieder schafft er es, seine Fans zu begeistern und zu Tränen zu rühren. Auch die großartig besetzten Verfilmungen seiner Weltbestseller sind bewegend, leidenschaftlich und voller Tragik. Erstmals erscheinen drei der beliebtesten Filme in einer Collection. 

3 Filme: Das Leuchten der Stille, Message in a Bottle, Nur mit Dir

Mit einem prominenten Cast aus Schauspielstars wie Robin Wright, Kevin Costner, Channing Tatum und Amanda Seyfried erzählen drei anrührende Verfilmungen nach Nicholas Sparks' Romanen ""Zeit im Wind"", ""Das Leuchten der Stille"" und ""Weit wie das Meer"" mit viel Gefühl von Liebe und Herzschmerz, von Zufall und Schicksal, von Anfängen und Abschieden in unterschiedlichen Lebensphasen. 

Ob in NUR MIT DIR, wo das Schicksal der ersten großen Liebe zweier Teenager von einer unheilbaren Krankheit beeinflusst wird, DAS LEUCHTEN DER STILLE, bei dem ein junges Paar durch die Unausweichlichkeit des Krieges getrennt wird, oder MESSAGE IN A BOTTLE über den Neuanfang nach einem schmerzlichen Verlust - was wirklich zählt, ist der unerschütterliche Glaube an die Liebe.     

Presse:
Nur mit dir:
- ""Hollywood liefert uns mal wieder einen Film, in dem man mit der besten Freundin dahinschmachten kann."" - (Choices.de)
- ""Dieses realistische Märchen über unmögliche Liebe hat eine Menge Nuancen und Charme."" - (Chicago Reader)

Das Leuchten der Stille:
- ""Seyfried und Tatum haben eine greifbare Chemie ..."" - (metro.co.uk)

Message in a Bottle:
- ""Gepflegt inszeniertes, solide gespieltes Melodram, das dem Versuch zweier Menschen, den Verlust eines Partners zu verarbeiten, eine sich spirituell entwickelnde Liebe entgegensetzt, die ohne falsche Sentimentalität anrührt."" - (Lexikon des internationalen Films)"||||||||||||||||||||||Non-Organic||||"{'medium': 'DVD', 'Untertitel': 'Deutsch', 'manufacturer': 'PLAION PICTURES', 'Bildformat': '16:9', 'Zusatzinfos / Bonusmaterial beim Film dabei': 'Das Leuchten der Stille: Im Gespräch mit Amanda Seyfried, Channing Tatum und Lasse Hallström; \nGeschnittene und alternative Szenen; \nOuttakes; \nAlternatives Ende; \nDie Geschichte von Braeden Reed; \nFeaturette Die Verwandlung von Charleston; \nMilitärische Beratung für »Das Leuchten der Stille«; \nFeaturette Herr Tyree, Benny Dietz und die Münzsammlung; \nTrailer  »Das Leuchten der Stille«;\nMessage in a Bottle: Making of; \nInterviews mit Cast & Crew; \nUS-Kinotrailer, \nDeutscher TV-Spot - Risk; \nDeutscher TV-Spot - You got him!; \nUS-TV-Spot - Risk; US-TV-Spot - You got him!;\nNur mit dir: Audiokommentare; \nEin Drehtag mit Mandy Moore; \nFeaturette B-Roll;\nSchuber;\nWendecover;', 'Inhalt': '1 Stk.', 'Laufzeit in min (gesamt)': '327', 'Produktionsjahr': '2010', 'Produktionsland': 'USA', 'Regisseur': 'Adam Shankman,Luis Mandoki,Lasse Hallström', 'Schauspieler': 'Tatum Channing,Amanda Seyfried,Richard Jenkins,Henry Thomas,Kevin Costner,Robin Wright,Paul Newman,John Savage,Mandy Moore,Shane West,Peter Coyote,Daryl Hannah,Lauren German,Clayne Crawford', 'Special Edition': 'Nein', 'Tonformat-Sprache': 'Deutsch,Englisch,Deutsch', 'Untertitel für Gehörlose': 'Deutsch', 'packaging_type': 'Scanavo im Schuber', 'Hauptgenre': 'Unterhaltung|Kriegsfilm'}"||||||||||||||0|0|2879593_1.png|https://static.mueller.de/videojakob_4006680102016_pv_646576/pdzoom/nicholas-sparks-collection-3-dvds.webp|2879593_2.png|https://static.mueller.de/pdzoom/videojakob_4006680102016_pr_646576-back.webp|2879593_3.png|https://static.mueller.de/videojakob_4006680102016_pd_66610969/pdzoom/nicholas-sparks-collection-3-dvds.webp|2879593_4.png|https://static.mueller.de/videojakob_4006680102016_pd_66611110/pdzoom/nicholas-sparks-collection-3-dvds.webp|2879593_5.png|https://static.mueller.de/videojakob_4006680102016_pd_66611250/pdzoom/nicholas-sparks-collection-3-dvds.webp|2879593_6.png|https://static.mueller.de/videojakob_4006680102016_pd_66611375/pdzoom/nicholas-sparks-collection-3-dvds.webp||||||||||||PLAION PICTURES||||||||||1 Stk.|||True||2879593P|||||||||5
522335|mueller||||||||2024-10-28|TABAC ORIGINAL Eau de Toilette|TABAC||30|ml|Home|Parfümerie|Düfte für Ihn|Düfte|TABAC ORIGINAL Eau de Toilette|||10,49 €|10,49 €|||||||||||349,67 € / 1 l|||EUR|Home> Parfümerie> Düfte für Ihn> Düfte> TABAC ORIGINAL Eau de Toilette|https://www.mueller.at/p/tabac-original-eau-de-toilette-76651861/|30 ml|"TABAC ORIGINAL ist ein Meilenstein in der Geschichte der deutschen Herrenparfüms und einer der erfolgreichsten Herrendüfte in Deutschland seit der Markteinführung im Jahr 1959. Seither bietet die Serie optimale Lösungen für die Duft- und Pflegebedürfnisse moderner Männer.
Die markante, herb-würzige Duftkomposition von TABAC ORIGINAL unterstreicht die persönliche Ausstrahlung dezenter, männlicher Pflege.Der unverwechselbare und zeitlose Duft unterstreicht die persönliche Ausstrahlung dezenter, männlicher Pflege.
Männlich, markant und unverwechselbar."||||||||||||||||||||||Non-Organic||||{'target_group': 'Herren', 'manufacturer': 'MÄURER & WIRTZ Beauty', 'Herstelleradresse': 'Stolberg / Rhld. - Germany', 'fragrance_concentration': 'Eau de Toilette', 'top_note': 'Bergamotte, Pfeffer, Zitrone', 'heart_note': 'Eichenholz, Lavendel', 'base_note': 'Ambra, Moschus, Sandelholz, Vetiver', 'application_type': 'Pumpzerstäuber', 'package_contents': 'ALCOHOL,WATER (AQUA),FRAGRANCE (PARFUM),PEG-40 HYDROGENATED CASTOR OIL,LINALOOL,LIMONENE,ALPHA-ISOMETHYL IONONE,HEXYL CINNAMAL,CITRONELLOL,EUGENOL,HYDROXYCITRONELLAL,GERANIOL,BENZYL ALCOHOL,COUMARIN,ISOEUGENOL,CINNAMYL ALCOHOL,BENZYL BENZOATE,CITRAL,BENZYL SALICYLATE,YELLOW 5 (CI 19140),BLUE 1 (CI 42090),RED 4 (CI 14700)', 'Inhalt': '30 ml', 'Produkttyp': 'Eau de Toilette'}||||||||||||||3.6667|3|522335_1.png|https://static.mueller.de/76651861-PV-0/pdzoom/tabac-original-eau-de-toilette.webp|522335_2.png|https://static.mueller.de/364777619-VV-1/pdzoom/tabac-original-eau-de-toilette.webp|522335_3.png|https://static.mueller.de/364777619-PB-3/pdzoom/tabac-original-eau-de-toilette.webp|522335_4.png|https://static.mueller.de/364777619-PB-2/pdzoom/tabac-original-eau-de-toilette.webp||||||||||||||||MÄURER & WIRTZ Beauty||||||||||30 ml|ALCOHOL,WATER (AQUA),FRAGRANCE (PARFUM),PEG-40 HYDROGENATED CASTOR OIL,LINALOOL,LIMONENE,ALPHA-ISOMETHYL IONONE,HEXYL CINNAMAL,CITRONELLOL,EUGENOL,HYDROXYCITRONELLAL,GERANIOL,BENZYL ALCOHOL,COUMARIN,ISOEUGENOL,CINNAMYL ALCOHOL,BENZYL BENZOATE,CITRAL,BENZYL SALICYLATE,YELLOW 5 (CI 19140),BLUE 1 (CI 42090),RED 4 (CI 14700)||True||522335P|||||||||10
2879598|mueller||||||||2024-10-28|Emergency Declaration - Der Todesflug|||1|Stk.|Home|Multi-Media|Filme & TV|Action & Abenteuer|Emergency Declaration - Der Todesflug|||7,99 €|7,99 €||||||||||||||EUR|Home> Multi-Media> Filme & TV> Action & Abenteuer> Emergency Declaration - Der Todesflug|https://www.mueller.at/p/emergency-declaration-der-todesflug-IPN2879598/|1 Stk.|"Sergeant Koo In-ho geht einem Hinweis über einen jungen Mann nach, der mit einem Terroranschlag auf ein Flugzeug droht. Bei seinen Ermittlungen stellt er fest, dass sich der Verdächtige bereits an Bord von Maschine KI501 nach Hawaii befindet. Schon kurz nach dem Start stirbt einer der Passagiere auf mysteriöse Art und Weise. Angst und Chaos greifen um sich, nicht nur an Bord der Maschine, sondern auch an Land. Gemeinsam mit der Ministerin Sook-hee und ihrem Krisenstab sucht Sergeant Koo In-ho am Boden verzweifelt nach einem Ausweg aus der Katastrophe und einer Möglichkeit, das Flugzeug zu landen …

Song Kang-ho (PARASITE) spielt die Hauptrolle in diesem Kino-Sensationserfolg aus Korea. EMERGENCY DECLARATION ist ein mit hohem Budget ausgestatteter Action-Thriller, der seine Zuschauer für die Dauer eines Mittelstreckenflugs in atemlose Spannung versetzt. Zu den Highlights zählt dabei ein Beinahe-Crash, den man so intensiv noch nicht erlebt hat. Denn nirgends sind wir so angreifbar wie an Bord eines Passagierflugzeugs: Fasten your seatbelts!    

Presse: 
- „Ein wilder, zweieinhalbstündiger Nervenkitzel.“ - (VARIETY)"||||||||||||||||||||||Non-Organic||||"{'medium': 'DVD', 'Untertitel': 'Deutsch', 'manufacturer': 'PLAION PICTURES', 'Bildformat': 'Widescreen', 'Zusatzinfos / Bonusmaterial beim Film dabei': 'Trailer;\nWendecover;\nMaking Of;\nInterviews;\nCannes Film Festival;\nThe 360° Shot;', 'Inhalt': '1 Stk.', 'Laufzeit in min (gesamt)': '135', 'Produktionsjahr': '2021', 'Produktionsland': 'Südkorea', 'Regisseur': 'Han Jae-rim', 'Schauspieler': 'Song Kang-ho,Lee Byung-Hun,Jeon Do-yeon,Kim Nam-gil,Kang-ho Song,Yim Si-wan,Park Hae-joon', 'Special Edition': 'Nein', 'Tonformat-Sprache': 'Deutsch,Koreanisch', 'packaging_type': 'Softbox', 'Hauptgenre': 'Action|Katastrophenfilm|Thriller & Krimi'}"||||||||||||||0|0|2879598_1.png|https://static.mueller.de/videojakob_4020628670573_pv_646567/pdzoom/emergency-declaration-der-todesflug.webp|2879598_2.png|https://static.mueller.de/pdzoom/videojakob_4020628670573_pr_646567-back.webp|2879598_3.png|https://static.mueller.de/videojakob_4020628670573_pd_66686199/pdzoom/emergency-declaration-der-todesflug.webp|2879598_4.png|https://static.mueller.de/videojakob_4020628670573_pd_66686222/pdzoom/emergency-declaration-der-todesflug.webp|2879598_5.png|https://static.mueller.de/videojakob_4020628670573_pd_66686244/pdzoom/emergency-declaration-der-todesflug.webp|2879598_6.png|https://static.mueller.de/videojakob_4020628670573_pd_66686267/pdzoom/emergency-declaration-der-todesflug.webp||||||||||||PLAION PICTURES||||||||||1 Stk.|||True||2879598P|||||||||5
3924|mueller||||||||2024-10-28|GEPA Bio Cacao Amaribe|GEPA||125|g|Home|Naturshop|Lebensmittel|Tee & Kaffee|Kakao & Mischgetränke|GEPA Bio Cacao Amaribe||3,49 €|3,49 €|||||||||||27,92 € / 1 kg|||EUR|Home> Naturshop> Lebensmittel> Tee & Kaffee> Kakao & Mischgetränke> GEPA Bio Cacao Amaribe|https://www.mueller.at/p/gepa-bio-cacao-amaribe-3924/|125 g|"Bio Kakao, stark entölt. Abgerundeter Geschmack durch die fruchtig- aromatische Note der Amazonasbohne und die würzig kräftige Karibikbohne.
Hoher Fair Handelsanteil."|||||keine Angabe||||||{'Nährwerte je': '100g', 'Brennwert': '1359 kj / 325 kcal', 'Fett in g': '11', '- davon gesättigte Fettsäuren in g': '6.9', 'Kohlenhydrate in g': '13.7', '- davon Zucker in g': '0.3', 'Eiweiß in g': '25.2', 'Salz in g': '0.1'}|||||||||||Organic||||{'manufacturer': 'GEPA mbH', 'Herstelleradresse': 'Gepa-Weg 1, 42327 Wuppertal', 'Herkunftsland': 'keine Angabe', 'Öko-Kontrollstelle': 'DE-ÖKO-001', 'Inhalt': '125 g', 'Bio': 'Ja', 'Zutaten': 'Kakaopulver stark entölt (97%), Säureregulator Kaliumcarbonat,\nKakaobuttergehalt: 10 \x96 12 %', 'Produkttyp': 'Kakao'}||||||||||||||0|0|3924_1.png|https://static.mueller.de/pdzoom/4013320214817-pv.webp||||||||||||||||||||||GEPA mbH||||||||||125 g|||True||3924P|||||||||10
2390911|mueller||||||||2024-10-28|Silit Silikon Gummiring Ø 18cm|SILIT||1|Stk.|Home|Haushalt|Kochen & Backen|Töpfe|Schnellkochtöpfe|Silit Silikon Gummiring Ø 18cm||18,99 €|18,99 €||||||||||||||EUR|Home> Haushalt> Kochen & Backen> Töpfe> Schnellkochtöpfe> Silit Silikon Gummiring Ø 18cm|https://www.mueller.at/p/silit-silikon-gummiring-18cm-2390911/|1 Stk.|"Für die moderne Wellness-Küche sind Schnellkochtöpfe ideal. Sie sparen Zeit und Energie. Vitamine und wertvolle Nährstoffe werden geschont und die Speisen behalten ihre Farbe und den für sie typischen Eigengeschmack. Zum Einsatz kommt ein Sicomatic bei allem, was lange Garzeiten hat wie Fleisch, Suppen oder Eintöpfe. Dieses unkomplizierte, gesunde, aromatische Schnellkochen ist Ihnen über lange Zeit hinweg gesichert. Denn selbst wenn Verschleißteile ausgedient haben, muss der Sicomatic nicht ersetzt werden. Ersatzteile wie Griffe, Sicherheitsventile, Überdrucksicherungen, Dichtungsringe usw. und Zubehör wie Deckel und verschiedene Einsätze sind separat erhältlich. Auch können die Funktionen des Sicomatics® mit Spezialeinsätzen, wie Einsatzkörben erweitert werden.

Passend zu allen Silit Schnellkochtöpfen der Serie Sicomatc econtrol, t-plus, Classic, -L, -SN mit Ø 18 cm (2,5l)
Hochwertiges Silikon
Für ein dauerhaft perfektes Kochergebnis sollte der Dichtungsring des Schnellkochtopfs alle zwei bis drei Jahre erneuert werden

 "||||||||||||||||||||||Non-Organic||||{'scope_of_delivery': '1x Silikon Gummiring 18 cm', 'Gewicht': '52', 'Pflegehinweis': 'Handwäsche', 'Materialdetails': 'Silikon', 'Material': 'Silikon', 'Durchmesser': '18 cm', 'Inhalt': '1 Stk.'}||||||||Silikon||||||0|0|2390911_1.png|https://static.mueller.de/6895691553-PV-0/pdzoom/silit-silikon-gummiring-18cm.webp||||||||||||||||Handwäsche||||||||||||||||1 Stk.|||True||2390911P|||||||||10
2601346|mueller||||||||2024-10-28|DIADERMINE Creme Duo Box Lift+ Pro Kollagen & Hyaluron|DIADERMINE||100|ml|Home|Drogerie|Pflege|Gesichtspflege|Tagespflege|DIADERMINE Creme Duo Box Lift+ Pro Kollagen & Hyaluron||15,95 €|15,95 €|15,95 €|12,76 €||||20%|Sie sparen 20%||||127,60 € / 1 l|||EUR|Home> Drogerie> Pflege> Gesichtspflege> Tagespflege> DIADERMINE Creme Duo Box Lift+ Pro Kollagen & Hyaluron|https://www.mueller.at/p/diadermine-creme-duo-box-lift-pro-kollagen-hyaluron-2601346/|100 ml|"Lift+ Hydra-Lifting Tagescreme H2O
Straffende Anti-Age Tagescreme mit DERMATOPLEX Kollagen Optimierer und 48h Feuchtigkeits- und Elastizität-Booster. Straffende Anti-Falten Wirkung dank DERMATOPLEX Technologie und Aqua-Füllern mit Hyaluronsäure zum Auffüllen der hauteigenen Feuchtigkeitsreserven.
Lift+ Nutri-Lifting Nachtcreme
Straffende Anti-Age Nachtcreme mit DERMATOPLEX Kollagen Optimierer und tiefenwirksame Pflege und Regeneration. Während die DERMATOPLEX Technologie für eine straffende Anti-Falten Wirkung sorgt, wird die Haut nachts dank Dermo-Lipide tiefenwirksam gepflegt. Die Haut kann sich über Nacht optimal regenerieren."||||||||||||||||||||||Non-Organic||||"{'target_group': 'Damen', 'manufacturer': 'Schwarzkopf & Henkel GmbH', 'Herstelleradresse': 'Henkelstraße 67, 40191 Düsseldorf', 'Kontaktmöglichkeit': 'www.schwarzkopf.de', 'Anwendungshinweis': 'Täglich morgens nach der Reinigung auftragen. Mit kreisenden Bewegungen und sanftem Druck einmassieren.', 'package_contents': 'Lift+ Hydra-Lifting Tagescreme H2O: Aqua (Water, Eau)*Caprylic/Capric Triglyceride*Hexanediol*Glycerin*Dicaprylyl Carbonate*Arachidyl Alcohol*Betaine*Hydrogenated Coco-Glycerides*Behenyl Alcohol*Butyrospermum Parkii (Shea) Butter*Hydroxyethyl Urea*Neopentyl Glycol Diethylhexanoate*Quassia Amara Wood Extract*Hydrolyzed Soy Protein*Sodium Hyaluronate*Spilanthes Acmella Flower Extract*Panthenol*Urea*Bisabolol*Caffeine*Tocopherol*Hydroxyacetophenone*Arachidyl Glucoside*Carbomer*Sodium Acrylate/Sodium Acryloyldimethyl Taurate Copolymer*C15-C19 Alkane*Butylene Glycol*Pentylene Glycol*Polyglyceryl-6 Laurate*Sodium Hydroxide*Ammonium Lactate*Hydrogenated Palm Glycerides Citrate*Polyglycerin-6*Sorbitan Oleate*Sorbitan Isostearate*Parfum (Fragrance). Lift+ Nutri-Lifting Nachtcreme: Aqua (Water, Eau)*Caprylic/Capric Triglyceride*Hexanediol*Glycerin*Behenyl Alcohol*Dicaprylyl Carbonate*Arachidyl Alcohol*Glyceryl Stearate*Prunus Amygdalus Dulcis (Sweet Almond) Oil*Betaine*Hydrogenated Coco-Glycerid', 'skin_type': 'alle Hauttypen', 'product_property': 'revitalisierend|glättend', 'Inhalt': '100 ml', 'scope_of_application': 'Tagespflege', 'Produkttyp': 'Creme'}"||||||||||||||0|0|2601346_1.png|https://static.mueller.de/6719335880-PV-0/pdzoom/diadermine-creme-duo-box-lift-pro-kollagen-hyaluron.webp||||||||||||||||||||||Schwarzkopf & Henkel GmbH||||||||||100 ml|Lift+ Hydra-Lifting Tagescreme H2O: Aqua (Water, Eau)*Caprylic/Capric Triglyceride*Hexanediol*Glycerin*Dicaprylyl Carbonate*Arachidyl Alcohol*Betaine*Hydrogenated Coco-Glycerides*Behenyl Alcohol*Butyrospermum Parkii (Shea) Butter*Hydroxyethyl Urea*Neopentyl Glycol Diethylhexanoate*Quassia Amara Wood Extract*Hydrolyzed Soy Protein*Sodium Hyaluronate*Spilanthes Acmella Flower Extract*Panthenol*Urea*Bisabolol*Caffeine*Tocopherol*Hydroxyacetophenone*Arachidyl Glucoside*Carbomer*Sodium Acrylate/Sodium Acryloyldimethyl Taurate Copolymer*C15-C19 Alkane*Butylene Glycol*Pentylene Glycol*Polyglyceryl-6 Laurate*Sodium Hydroxide*Ammonium Lactate*Hydrogenated Palm Glycerides Citrate*Polyglycerin-6*Sorbitan Oleate*Sorbitan Isostearate*Parfum (Fragrance). Lift+ Nutri-Lifting Nachtcreme: Aqua (Water, Eau)*Caprylic/Capric Triglyceride*Hexanediol*Glycerin*Behenyl Alcohol*Dicaprylyl Carbonate*Arachidyl Alcohol*Glyceryl Stearate*Prunus Amygdalus Dulcis (Sweet Almond) Oil*Betaine*Hydrogenated Coco-Glycerid||True||2601346P|||||||||10
2351357|mueller||||||||2024-10-28|SPIEGELAU Perfect Shot Glas, 4-tlg.|SPIEGELAU||1|Stk.|Home|Haushalt|Essen & Trinken|Gläser|Schnapsgläser|SPIEGELAU Perfect Shot Glas, 4-tlg.||25,90 €|25,90 €||||||||||||||EUR|Home> Haushalt> Essen & Trinken> Gläser> Schnapsgläser> SPIEGELAU Perfect Shot Glas, 4-tlg.|https://www.mueller.at/p/spiegelau-perfect-shot-glas-4-tlg-2351357/|1 Stk.|Brillantes und klares Kristallglas zur guten Sichtbarkeit der Spirituosen. Angenehmes Trinken durch hohe, schmale Form, unverfälschter Geschmackseindruck. 55 ml. Ø 4cm.||||||||||||||||||||||Non-Organic||||{'Geeignet für': 'Spuelmaschinen', 'manufacturer': 'Bayerische Glaswerke GmbH', 'Herstelleradresse': 'Zacharias-Frank-Str. 7, 92660 Neustadt', 'Kontaktmöglichkeit': 'info@nachtmann.com', 'Höhe': '9 cm', 'Durchmesser': '4 cm', 'Inhalt': '1 Stk.'}||||||||||||||0|0|2351357_1.png|https://static.mueller.de/6487328693-PV-0/pdzoom/spiegelau-perfect-shot-glas-4-tlg.webp||||||||||||||||||||||Bayerische Glaswerke GmbH||||||||||1 Stk.|||True||2351357P|||||Spuelmaschinen||||4
2483797|mueller||||||||2024-10-28|Smart Games Korallenriff SGT 221 DE|SMART GAMES||1|Stk.|Home|Spielwaren|Spiele & Puzzles|Spiele|Wissens- & Denkspiele|Smart Games Korallenriff SGT 221 DE||10,99 €|10,99 €||||||||||||||EUR|Home> Spielwaren> Spiele & Puzzles> Spiele> Wissens- & Denkspiele> Smart Games Korallenriff SGT 221 DE|https://www.mueller.at/p/smart-games-korallenriff-sgt-221-de-2483797/|1 Stk.|Korallenriff - Auf dem Riff herrscht ein großes Gewusel – einigen Fischen wird es zu bunt! Nur die neugierigen Fische sind noch zu sehen. Kannst Du die anderen Fische alle in den Korallen verstecken? Das Spiel hat ein magnetisches Spielfeld, so können die Puzzleteile nicht verloren gehen. Ideal für unterwegs geeignet. 48 Aufgaben in verschiedenen Schwierigkeitsstufen – Spaß für Jung & Alt.||||||||4 Jahre||||||||||||||Non-Organic||||"{'Anleitungssprache': 'de|en|fr|it|es|nl', 'target_group': 'Kindergartenkinder|Jugendliche|Grundschüler', 'Artikelnummer des Herstellers': 'SGT 221 DE', 'Altersempfehlung ab': '4 Jahre', 'Inhalt': '1 Stk.', 'Produkttyp': 'Denkspiele'}"||||||||||||||0|0|2483797_1.png|https://static.mueller.de/6922507565-PV-0/pdzoom/smart-games-korallenriff-sgt-221-de.webp|2483797_2.png|https://static.mueller.de/6922507565-PB-1/pdzoom/smart-games-korallenriff-sgt-221-de.webp||||||||||||||||||||SGT 221 DE||||||||||1 Stk.|||False||2483797P|||||||||1
3933|mueller||||||||2024-10-28|Frosch Zitronen Scheuermilch|FROSCH||500|ml|Home|Drogerie|Haushalt|Putzen & Reinigen|Glas- & Flächenreiniger|Frosch Zitronen Scheuermilch||2,15 €|2,15 €|||||||||||4,30 € / 1 l|||EUR|Home> Drogerie> Haushalt> Putzen & Reinigen> Glas- & Flächenreiniger> Frosch Zitronen Scheuermilch|https://www.mueller.at/p/frosch-zitronen-scheuermilch-3933/|500 ml|Doch nicht nur die Rezeptur, auch die Verpackung spielt bei Frosch eine große Rolle. Im Rahmen seiner Recyclat-Initiative macht sich die Marke für Wiederverwertung von Plastik stark. Schon heute bestehen die PET-Reinigerflaschen aus 100% Altplastik. 20% davon stammen bereits aus dem Gelben Sack.||Außer Reichweite von Kindern aufbewahren.||||||||||||||||||||Non-Organic||||{'Lagerhinweis': 'Außer Reichweite von Kindern aufbewahren.', 'manufacturer': 'Erdal-Rex GmbH', 'Herstelleradresse': 'Rheinallee 96, 55120 Mainz', 'Kontaktmöglichkeit': 'verbraucherberatung@werner-mertz.com', 'Anwendungshinweis': 'Nicht mit den anderen Produkten mischen. Nicht geeignet für Acryl-Oberflächen.', 'package_contents': '<5% anionische Tenside, Konservierungsmittel (Phenoxyethanol), Duftstoffe. Weitere Inhaltsstoffe: Marmormehl. Citrusextrakt.', 'Inhalt': '500 ml', 'Batterien erforderlich': 'Nein', 'Produkttyp': 'Glas- & Flächenreiniger'}||||||||||||||5.0|1|3933_1.png|https://static.mueller.de/markant_04001499139796_pv_3235494/pdzoom/frosch-zitronen-scheuermilch.webp||||||||||||||||||||||Erdal-Rex GmbH||||||||||500 ml|<5% anionische Tenside, Konservierungsmittel (Phenoxyethanol), Duftstoffe. Weitere Inhaltsstoffe: Marmormehl. Citrusextrakt.||True||3933P||||Außer Reichweite von Kindern aufbewahren.|||||5
956463|mueller||||||||2024-10-28|Colgate Komplett Extra Frisch Zahnpasta|COLGATE||75|ml|Home|Drogerie|Pflege|Mund- & Zahnpflege|Zahncreme|Colgate Komplett Extra Frisch Zahnpasta||1,99 €|1,99 €|1,99 €|0,95 €||||52%|Sie sparen 52%||||12,67 € / 1 l|||EUR|Home> Drogerie> Pflege> Mund- & Zahnpflege> Zahncreme> Colgate Komplett Extra Frisch Zahnpasta|https://www.mueller.at/p/colgate-komplett-extra-frisch-zahnpasta-956463/|75 ml|||Tube auf den Kopf stellen.||||||||||||||||||||Non-Organic||||{'Lagerhinweis': 'Tube auf den Kopf stellen.', 'manufacturer': 'CP GABA GmbH', 'Herstelleradresse': 'Alsterufer 1-3 Hamburg - 20354', 'Kontaktmöglichkeit': '+49 (0) 40-7319- 0', 'Anwendungshinweis': 'Für Kinder bis 6 Jahre: Nur erbsengroße Menge Zahnpasta benutzen. Zur Vermeidung übermäßigen Verschluckens Zähneputzen nur unter Aufsicht. Bei zusätzlicher Aufnahme von Fluorid den Zahnarzt oder Arzt befragen.', 'package_contents': 'Aqua, Sorbitol, Hydrated Silica, Glycerin, Sodium Lauryl Sulfate, Peg-12, Aroma, Cellulose Gum, Sodium Fluoride, Sodium Saccharin, Cl 74160, CI 74260, CI 77891. Enthält: Natriumfluorid (1450 ppm F¯).', 'product_property': 'erfrischend', 'Inhalt': '75 ml', 'Produkttyp': 'Zahncreme'}||||||||||||||4.4944|89|956463_1.png|https://static.mueller.de/markant_08718951035461_pv_4525816/pdzoom/colgate-komplett-extra-frisch-zahnpasta.webp|956463_2.png|https://static.mueller.de/markant_08718951035461_pv_3584242/pdzoom/colgate-komplett-extra-frisch-zahnpasta.webp|956463_3.png|https://static.mueller.de/markant_08718951035461_pd_2352945/pdzoom/colgate-komplett-extra-frisch-zahnpasta.webp|956463_4.png|https://static.mueller.de/markant_08718951035461_pd_4525819/pdzoom/colgate-komplett-extra-frisch-zahnpasta.webp|956463_5.png|https://static.mueller.de/markant_08718951035461_pd_2353153/pdzoom/colgate-komplett-extra-frisch-zahnpasta.webp|956463_6.png|https://static.mueller.de/markant_08718951035461_pd_4525829/pdzoom/colgate-komplett-extra-frisch-zahnpasta.webp||||||||||||CP GABA GmbH||||||||||75 ml|Aqua, Sorbitol, Hydrated Silica, Glycerin, Sodium Lauryl Sulfate, Peg-12, Aroma, Cellulose Gum, Sodium Fluoride, Sodium Saccharin, Cl 74160, CI 74260, CI 77891. Enthält: Natriumfluorid (1450 ppm F¯).||True||956463P||||Tube auf den Kopf stellen.|||||10
2483785|mueller||||||||2024-10-28|Smart Games Inselflucht SG 442 DE|SMART GAMES||1|Stk.|Home|Spielwaren|Spiele & Puzzles|Spiele|Wissens- & Denkspiele|Smart Games Inselflucht  SG 442 DE||17,99 €|17,99 €||||||||||||||EUR|Home> Spielwaren> Spiele & Puzzles> Spiele> Wissens- & Denkspiele> Smart Games Inselflucht  SG 442 DE|https://www.mueller.at/p/smart-games-inselflucht-sg-442-de-2483785/|1 Stk.|Insel Flucht – findest du den Weg hinaus? Schaffst du es, der Stadt auf der Insel zu entkommen, bevor diese im Meer versinkt? Du musst schnellstmöglich vom Stadtturm den kürzesten Weg zum Hafen finden, damit du das Rettungsboot erreichst. Bringst du dich über die Treppenstufen rechtzeitig in Sicherheit? Insel Flucht ist ein kniffliges Konstruktions-Spiel mit 60 Aufgaben in 4 verschiedenen Schwierigkeitsstufen.||||||||8 Jahre||||||||||||||Non-Organic||||"{'Anleitungssprache': 'de|en|fr|it|es|nl', 'target_group': 'Grundschüler|Erwachsene|Jugendliche', 'Artikelnummer des Herstellers': 'SG 442 DE', 'Altersempfehlung ab': '8 Jahre', 'Inhalt': '1 Stk.', 'Produkttyp': 'Denkspiele'}"||||||||||||||0|0|2483785_1.png|https://static.mueller.de/6922507567-PV-0/pdzoom/smart-games-inselflucht-sg-442-de.webp|2483785_2.png|https://static.mueller.de/6922507567-PB-1/pdzoom/smart-games-inselflucht-sg-442-de.webp|2483785_3.png|https://static.mueller.de/6922507567-PB-2/pdzoom/smart-games-inselflucht-sg-442-de.webp||||||||||||||||||SG 442 DE||||||||||1 Stk.|||False||2483785P|||||||||1
2062241|mueller||||||||2024-10-28|Steiff - Joggi Babyigel 10 braun meliert|STEIFF||1|Stk.|Home|Spielwaren|Kuscheltiere & Puppen|Kuscheltiere|Stofftiere|Steiff - Joggi Babyigel 10 braun meliert||34,90 €|34,90 €||||||||||||||EUR|Home> Spielwaren> Kuscheltiere & Puppen> Kuscheltiere> Stofftiere> Steiff - Joggi Babyigel 10 braun meliert|https://www.mueller.at/p/steiff-joggi-babyigel-10-braun-meliert-2062241/|1 Stk.|Joggi Babyigel 10 braun meliertVor Joggis Stacheln brauchen Kinder sich nicht zu fürchten. Der kleine Joggi Igel ist sehr kuschelig und verschmust. Sein Fell ist aus weichem Webpelz, die Hände und Füße aus hochwertigem Filz. Achten Sie außerdem auf die aufwendigen Airbrushdetails in Joggis flauschigen Fell und Gesicht.Der Igel hat eine praktische Größe von 10 cm, was es ihm ermöglicht in die Schultasche oder in den Kindergartenbeutel zu schlüpfen. Sollte sich Joggi doch einmal unter die Erde verkriechen, dann kann er danach problemlos bei 30°C gewaschen werden.Gartentier des Jahres 2020||||||||0 Jahre||||||||||||||Non-Organic||||"{'target_group': 'Baby & Kleinkind|Vorschüler|Jugendliche|Freunde', 'manufacturer': 'Margarete Steiff GmbH, Spielwaren', 'Herstelleradresse': 'Richard - Steiff - Str. 4 89537 Giengen', 'Kontaktmöglichkeit': 'https://www.steiff.com/de-de', 'Artikelnummer des Herstellers': '070587', 'license': 'Steiff - Kuscheltiere - Wald- & Wiesentiere', 'Altersempfehlung ab': '0 Jahre', 'Altersempfehlung bis': '99 Jahre', 'Tierart': 'Igel', 'Materialdetails': 'Webpelz', 'Inhalt': '1 Stk.', 'Genre | Spielmotivation': 'Sammeln|Fühlen|Spielen', 'Produkttyp': 'Kuschelartikel'}"||||||||Webpelz||||||0|0|2062241_1.png|https://static.mueller.de/5589319741-PV-0/pdzoom/steiff-joggi-babyigel-10-braun-meliert.webp|2062241_2.png|https://static.mueller.de/5589319741-PB-1/pdzoom/steiff-joggi-babyigel-10-braun-meliert.webp||||||||||||||||||||Margarete Steiff GmbH, Spielwaren||||||||||1 Stk.|||True||2062241P|||||||||4
2615974|mueller||||||||2024-10-28|LANCASTER Golden Tan Maximizer After Sun Serum|LANCASTER||30|ml|Home|Parfümerie|Pflege|Sonnenpflege|After Sun|LANCASTER Golden Tan Maximizer After Sun Serum||45,95 €|45,95 €|||||||||||1 531,67 € / 1 l|||EUR|Home> Parfümerie> Pflege> Sonnenpflege> After Sun> LANCASTER Golden Tan Maximizer After Sun Serum|https://www.mueller.at/p/lancaster-golden-tan-maximizer-after-sun-serum-2615974/|30 ml|Sie lieben Ihre goldene LANCASTER Bräune? Unser GOLDEN TAN MAXIMIZER After Sun Serum verlängert Ihre Bräune um bis zu 1 Monat und beruhigt sonnenbeanspruchte Haut sofort. LANCASTERs Tan Activator Komplex mit Buriti-Öl natürlichen Ursprungs intensiviert die Melaninproduktion für eine goldene, ebenmäßige und lang anhaltende Bräune. Dieses reparierende After Sun Serum hilft zudem, lichtbedingte Hautalterung (Photo-Aging) (Falten, Elastizitätsverlust) zu verhindern und zu reparieren. Dieses leichte, schimmernde Serum enthält einen reparierenden Komplex, der Ihre Haut sofort beruhigt. Es reduziert das Risiko, dass die Haut sich schält; die Haut fühlt sich weich und geschmeidig an.||||||||||||||||||||||Non-Organic||||"{'target_group': 'Herren|Unisex|Damen', 'manufacturer': 'Coty Beauty Germany GmbH', 'Herstelleradresse': 'Berliner Allee 65, D-64295 Darmstadt', 'Anwendungshinweis': 'Nach dem Sonnenbad und nach dem Urlaub auf Gesicht und Dekolleté auftragen.', 'package_contents': 'AQUA/WATER/EAU, GLYCERIN, ALCOHOL, HYDROXYETHYL ACRYLATE/SODIUM ACRYLOYLDIMETHYL TAURATE COPOLYMER, BISABOLOL, BUTYLENE GLYCOL, CAFFEINE, CITRIC ACID,\nDIMETHYLMETHOXY CHROMANOL, DISODIUM EDTA, ECHINACEA PURPUREA EXTRACT, GLYCINE, HYALURONIC ACID, HYDROLYZED CITRUS AURANTIUM DULCIS FRUIT EXTRACT, HYDROLYZED SOY FLOUR, MAURITIA FLEXUOSA FRUIT OIL, PANTHENOL, PANTOLACTONE, POLYSORBATE 60, SILANETRIOL, SODIUM LACTATE METHYLSILANOL, SORBITAN ISOSTEARATE, SYNTHETIC FLUORPHLOGOPITE, TIN OXIDE, TRIETHANOLAMINE, CHLORPHENESIN, PHENOXYETHANOL, SALICYLIC ACID, SORBIC ACID, PARFUM/FRAGRANCE, TITANIUM DIOXIDE (CI 77891)<br>\nDie verbindliche Angabe der Inhaltsstoffe entnehmen Sie bitte der Verpackung des gelieferten Produktes.', 'skin_type': 'alle Hauttypen', 'product_property': 'beruhigend|feuchtigkeitsspendend|pflegend', 'Inhalt': '30 ml', 'scope_of_application': 'After Sun', 'Produkttyp': 'Öl'}"||||||||||||||4.5405|74|2615974_1.png|https://static.mueller.de/6741112276-PV-0/pdzoom/lancaster-golden-tan-maximizer-after-sun-serum.webp||||||||||||||||||||||Coty Beauty Germany GmbH||||||||||30 ml|"AQUA/WATER/EAU, GLYCERIN, ALCOHOL, HYDROXYETHYL ACRYLATE/SODIUM ACRYLOYLDIMETHYL TAURATE COPOLYMER, BISABOLOL, BUTYLENE GLYCOL, CAFFEINE, CITRIC ACID,
DIMETHYLMETHOXY CHROMANOL, DISODIUM EDTA, ECHINACEA PURPUREA EXTRACT, GLYCINE, HYALURONIC ACID, HYDROLYZED CITRUS AURANTIUM DULCIS FRUIT EXTRACT, HYDROLYZED SOY FLOUR, MAURITIA FLEXUOSA FRUIT OIL, PANTHENOL, PANTOLACTONE, POLYSORBATE 60, SILANETRIOL, SODIUM LACTATE METHYLSILANOL, SORBITAN ISOSTEARATE, SYNTHETIC FLUORPHLOGOPITE, TIN OXIDE, TRIETHANOLAMINE, CHLORPHENESIN, PHENOXYETHANOL, SALICYLIC ACID, SORBIC ACID, PARFUM/FRAGRANCE, TITANIUM DIOXIDE (CI 77891)<br>
Die verbindliche Angabe der Inhaltsstoffe entnehmen Sie bitte der Verpackung des gelieferten Produktes."||True||2615974P|||||||||10
61526|mueller||||||||2024-10-28|DURABLE Ausweishüllen Ausweis und Kartentasche schwarz-grau|DURABLE||1|Stk.|Home|Schreibwaren|Büro|Bürobedarf|Sonstiges|DURABLE Ausweishüllen Ausweis und Kartentasche schwarz-grau||3,79 €|3,79 €||||||||||||||EUR|Home> Schreibwaren> Büro> Bürobedarf> Sonstiges> DURABLE Ausweishüllen Ausweis und Kartentasche schwarz-grau|https://www.mueller.at/p/durable-ausweishuellen-ausweis-und-kartentasche-schwarz-grau-61526/|1 Stk.|"Ausweis- und Kreditkartenhülle für 4 Karten (54x85mm)+4 Ausweise (80x115mm)

Details:
- Ausweis- und Kreditkartenhülle
- Werkstoff: Kunststoff
- Ausführung der Oberflächen-Beschaffenheit: genarbt
- Ausführung: Greifausschnitt vorhanden
- mit eingeschweißten, transparenten Taschen für 4 Kredit-, Scheck- oder Mitgliedskarten 
  (54 x 85 mm) und 4 Ausweisdokumente (80 x 115 mm)
- Anordnung der Lage der Öffnungsseite: zur Mitte hin offen
- Farbe: anthrazit"||||||||||||||||||||||Non-Organic||||{'Inhalt': '1 Stk.', 'Produkttyp': 'Sonstiges'}||||||||||||||1.0|1|61526_1.png|https://static.mueller.de/6147527395-PV-0/pdzoom/durable-ausweishuellen-ausweis-und-kartentasche-schwarz-grau.webp||||||||||||||||||||||||||||||||1 Stk.|||True||61526P|||||||||10
310872|mueller||||||||2024-10-28|Clinique FOR MEN Cream Shave|CLINIQUE||125|ml|Home|Parfümerie|Pflege|Herrenpflege|Bartpflege|Clinique FOR MEN Cream Shave||24,95 €|24,95 €|||||||||||199,60 € / 1 l|||EUR|Home> Parfümerie> Pflege> Herrenpflege> Bartpflege> Clinique FOR MEN Cream Shave|https://www.mueller.at/p/clinique-for-men-cream-shave-310872/|125 ml|Ein ultraweicher Rasierschaum für die schnelle, gründliche und schonende Rasur.  Die Haut wird beruhigt, ist glatt, weich und geschmeidig.||||||||||||||||||||||Non-Organic||||{'target_group': 'Herren', 'manufacturer': 'Estée Lauder Companies', 'Herstelleradresse': 'Domagkstr. 10, 80807 München', 'Kontaktmöglichkeit': 'kundenservice@clinique.com', 'Anwendungshinweis': 'Täglich auf der gereinigten Haut anwenden.Geben Sie eine kleine Menge in Ihre Hand und massieren Sie es auf Ihrem Gesicht ein, gegen die Wuchsrichtung Ihrer Barthaare. Rasieren Sie Ihre Haut. Danach gründlich mit Wasser abspülen und abtrocknen. Verwenden Sie danach Post Shave Produkte.', 'package_contents': 'Die verbindliche Angabe der Inhaltsstoffe entnehmen Sie bitte der Verpackung des Produktes.', 'Inhalt': '125 ml', 'scope_of_application': 'Rasur', 'Produkttyp': 'Rasiercreme'}||||||||||||||4.0|1|310872_1.png|https://static.mueller.de/5549590388-PV-0/pdzoom/clinique-for-men-cream-shave.webp||||||||||||||||||||||Estée Lauder Companies||||||||||125 ml|Die verbindliche Angabe der Inhaltsstoffe entnehmen Sie bitte der Verpackung des Produktes.||True||310872P|||||||||1
2879559|mueller||||||||2024-10-28|Catrice Sun Glow Eye & Cheek Palette|CATRICE||10|g|Home|Parfümerie|Make-up|Augen|Mascara|Catrice Sun Glow Eye & Cheek Palette||8,95 €|8,95 €|||||||||||895,00 € / 1 kg|||EUR|Home> Parfümerie> Make-up> Augen> Mascara> Catrice Sun Glow Eye & Cheek Palette|https://www.mueller.at/p/catrice-sun-glow-eye-cheek-palette-IPN2879559/|10 g|Die Eye & Cheek Paletten bieten 6 harmonisch aufeinander abgestimmte Farben von matt bis schimmernd für einen Full Face Look. Lidschatten, Rouge und Highlighter oder Bronzer bringen das Gesicht zum Strahlen. Die Paletten sind mit einem Spiegel ausgestattet - der perfekte Begleiter für ein Touch-up on the go. Ein weiteres Goodie: Die Paletten sind frei von Mikroplastikpartikeln und parfümfrei. Ob Eye oder Cheek - ein Glow ist garantiert! 6 aufeinander abgestimmte FarbenHochpigmentierter Lidschatten mit Rouge & Highlighter oder BronzerMit integriertem Spiegel||||||||||||||||||||||Non-Organic||||{'Effekt': 'langanhaltend', 'target_group': 'Damen', 'manufacturer': 'cosnova', 'Herstelleradresse': 'Am Limespark 2, D-65843 Sulzbach am Taunus', 'Kontaktmöglichkeit': 'service@cosnova.eu', 'Anwendungshinweis': 'Mit Lidschatten lassen sich die unterschiedlichsten Effekte erzielen: Ein Mono-Look eignet sich etwa für ein ausdrucksstarkes Statement-Augen-Make-up. Eine helle Shade im inneren Augenwinkel und eine dunklere Shade im äußeren Augenwinkel lassen die Augen optisch weiter auseinander rücken - und umgekehrt. Eine schimmernde, helle Nuance auf dem beweglichen Augenlid und eine dunklere, matte Nuance in der Lidfalte sorgen für einen coolen 3D-Effekt. Zudem verleiht Blush auf den Wangen dem Teint Farbe und ein frisches Aussehen, mit Highlighter und Bronzer lassen sich die Gesichtskonturen betonen.', 'package_contents': 'HONEST, PEACH PLEASE – INGREDIENTS: TALC, MICA, SILICA, MAGNESIUM STEARATE, DIMETHICONE, HYDROGENATED POLYISOBUTENE, POLYISOBUTENE, BIS-DIGLYCERYL POLYACYLADIPATE-2, TOCOPHERYL ACETATE, ETHYLHEXYLGLYCERIN, PHENOXYETHANOL, MAY CONTAIN/[+/-]: CI 16035 (RED 40 LAKE), CI 77491, CI 77492, CI 77499 (IRON OXIDES), CI 77891 (TITANIUM DIOXIDE). CURIOUS – INGREDIENTS: TALC, MICA, MAGNESIUM STEARATE, DIMETHICONE, HYDROGENATED POLYISOBUTENE, POLYISOBUTENE, BIS-DIGLYCERYL POLYACYLADIPATE-2, TOCOPHERYL ACETATE, ETHYLHEXYLGLYCERIN, PHENOXYETHANOL, CI 77491, CI 77492, CI 77499 (IRON OXIDES), CI 77891 (TITANIUM DIOXIDE). GOLDEN HOUR – INGREDIENTS: MICA, DIMETHICONE, TALC, MAGNESIUM STEARATE, SILICA, TRIMETHYLSILOXYSILICATE, DISILOXANE, DIMETHICONE/VINYL DIMETHICONE CROSSPOLYMER, HYDROGENATED POLYISOBUTENE, TOCOPHERYL ACETATE, ETHYLHEXYLGLYCERIN, PHENOXYETHANOL, CI 16035 (RED 40 LAKE), CI 19140 (YELLOW 5 LAKE), CI 77491 (IRON OXIDES), CI 77891 (TITANIUM DIOXIDE). SUNSET BLUSH – INGREDIENTS: TALC, MICA,', 'Inhalt': '10 g', 'scope_of_application': 'Augen', 'Produkttyp': 'Wimperntusche'}||||||||||||||5.0|3|2879559_1.png|https://static.mueller.de/markant_04059729393562_pv_4524653/pdzoom/catrice-sun-glow-eye-cheek-palette.webp|2879559_2.png|https://static.mueller.de/markant_04059729393562_pd_4055494/pdzoom/catrice-sun-glow-eye-cheek-palette.webp|2879559_3.png|https://static.mueller.de/markant_04059729393562_pd_4055493/pdzoom/catrice-sun-glow-eye-cheek-palette.webp|2879559_4.png|https://static.mueller.de/markant_04059729393562_pd_4158990/pdzoom/catrice-sun-glow-eye-cheek-palette.webp|2879559_5.png|https://static.mueller.de/markant_04059729393562_pd_4055491/pdzoom/catrice-sun-glow-eye-cheek-palette.webp|2879559_6.png|https://static.mueller.de/markant_04059729393562_pd_4046535/pdzoom/catrice-sun-glow-eye-cheek-palette.webp||||||||||||cosnova||||||||||10 g|HONEST, PEACH PLEASE – INGREDIENTS: TALC, MICA, SILICA, MAGNESIUM STEARATE, DIMETHICONE, HYDROGENATED POLYISOBUTENE, POLYISOBUTENE, BIS-DIGLYCERYL POLYACYLADIPATE-2, TOCOPHERYL ACETATE, ETHYLHEXYLGLYCERIN, PHENOXYETHANOL, MAY CONTAIN/[+/-]: CI 16035 (RED 40 LAKE), CI 77491, CI 77492, CI 77499 (IRON OXIDES), CI 77891 (TITANIUM DIOXIDE). CURIOUS – INGREDIENTS: TALC, MICA, MAGNESIUM STEARATE, DIMETHICONE, HYDROGENATED POLYISOBUTENE, POLYISOBUTENE, BIS-DIGLYCERYL POLYACYLADIPATE-2, TOCOPHERYL ACETATE, ETHYLHEXYLGLYCERIN, PHENOXYETHANOL, CI 77491, CI 77492, CI 77499 (IRON OXIDES), CI 77891 (TITANIUM DIOXIDE). GOLDEN HOUR – INGREDIENTS: MICA, DIMETHICONE, TALC, MAGNESIUM STEARATE, SILICA, TRIMETHYLSILOXYSILICATE, DISILOXANE, DIMETHICONE/VINYL DIMETHICONE CROSSPOLYMER, HYDROGENATED POLYISOBUTENE, TOCOPHERYL ACETATE, ETHYLHEXYLGLYCERIN, PHENOXYETHANOL, CI 16035 (RED 40 LAKE), CI 19140 (YELLOW 5 LAKE), CI 77491 (IRON OXIDES), CI 77891 (TITANIUM DIOXIDE). SUNSET BLUSH – INGREDIENTS: TALC, MICA,||True||2879559P|||||||||10
310873|mueller||||||||2024-10-28|Clinique FOR MEN Antiperspirant-Deodorant Roll-On|CLINIQUE||75|ml|Home|Parfümerie|Pflege|Körperpflege|Deodorants|Clinique FOR MEN Antiperspirant-Deodorant Roll-On||25,95 €|25,95 €|||||||||||346,00 € / 1 l|||EUR|Home> Parfümerie> Pflege> Körperpflege> Deodorants> Clinique FOR MEN Antiperspirant-Deodorant Roll-On|https://www.mueller.at/p/clinique-for-men-antiperspirant-deodorant-roll-on-310873/|75 ml|Wirkt lange. Hinterläßt keine Rückstände auf dunkler Kleidung. Angenehmes Gefühl auf der Haut. Einfach anzuwenden, trocknet schnell.||||||||||||||||||||||Non-Organic||||{'target_group': 'Herren', 'manufacturer': 'Estée Lauder Companies', 'Herstelleradresse': 'Domagkstr. 10, 80807 München', 'Kontaktmöglichkeit': 'kundenservice@clinique.com', 'package_contents': 'Die verbindliche Angabe der Inhaltsstoffe entnehmen Sie bitte der Verpackung des Produktes.', 'skin_type': 'alle Hauttypen', 'product_property': 'schützend', 'Inhalt': '75 ml', 'scope_of_application': 'Deodorants', 'Produkttyp': 'Roll on'}||||||||||||||0|0|310873_1.png|https://static.mueller.de/5549591809-PV-0/pdzoom/clinique-for-men-antiperspirant-deodorant-roll-on.webp||||||||||||||||||||||Estée Lauder Companies||||||||||75 ml|Die verbindliche Angabe der Inhaltsstoffe entnehmen Sie bitte der Verpackung des Produktes.||True||310873P|||||||||10
2351377|mueller||||||||2024-10-28|Silit Pfanne Merida Ø 24cm|SILIT||1|Stk.|Home|Haushalt|Kochen & Backen|Pfannen|Bratpfannen|Silit Pfanne Merida Ø 24cm||52,99 €|52,99 €||||||||||||||EUR|Home> Haushalt> Kochen & Backen> Pfannen> Bratpfannen> Silit Pfanne Merida Ø 24cm|https://www.mueller.at/p/silit-pfanne-merida-24cm-2351377/|1 Stk.|"Schonendes Braten für köstliche ErgebnisseDie Merida Stielpfanne mit 24 cm von Silit besteht aus hochwertigem Aluminiumguss, der eine hervorragende Speicherung und eine besonders gleichmäßige Verteilung der Wärme ermöglicht. Im Zusammenspiel mit der 3-lagigen Silitan Antihaftversiegelung eignen sich alle Merida Bratpfannen optimal, zartes Gemüse oder delikaten Fisch sehr schonend zuzubereiten. Die Pfannen sind dazu zur Verwendung auf jedem Herd geeignet - inklusive Induktion, der wärmereduzierende Bakelitgriff sorgt beim Braten für sicheren Komfort und auch die Reinigung geht schnell und einfach von der Hand.

Optimale Wärmespeicherung und -verteilung - Der dicke Aluminiumguss sorgt für eine außergewöhnlich gute Verteilung und Speicherung der Wärme und ermöglicht so besonders gleichmäßige Bratergebnisse, die auch höchsten Ansprüchen standhalten.
Tropffreies Ausgießen - Breiter Schüttrand für mühelos-tropffreies Ausgießen von Flüssigkeiten.
Silitan Antihaftversiegelung - Die 3-lagige, PFOA freie* Silitan Antihaftversiegelung bietet eine exzellente Antihaftwirkung für das schonende und fettarme Braten von empfindlichen Speisen sowie eine langlebige Oberfläche.
Wärmereduzierender Bakelitgriff - Wärmereduzierender, ergonomischer Griff aus hochwertigem Bakelit für sicheres und komfortables Handling.
"||||||||||||||||||||||Non-Organic||||"{'scope_of_delivery': '1 x Stielpfanne Ø 24 cm', 'Pflegehinweis': 'Spülmaschinengeeignet, aber Spülen per Hand empfohlen', 'Geeignet für': 'Backofen|Spuelmaschinen|Induktionsherd|Gasherd|Elektroherd', 'special_function': 'Backofenfest bis 70°C', 'Gewicht': '960', 'Materialdetails': 'Aluminiumguss mit Bakelitgriff', 'Material': 'Aluminium', 'Höhe': '5.5 cm', 'Durchmesser': '24 cm', 'Inhalt': '1 Stk.'}"||||||||Aluminiumguss mit Bakelitgriff||||||0|0|2351377_1.png|https://static.mueller.de/6680424480-PV-0/pdzoom/silit-pfanne-merida-24cm.webp||||||||||||||||Spülmaschinengeeignet, aber Spülen per Hand empfohlen||||||||||||||||1 Stk.|||True||2351377P|||||"Backofen|Spuelmaschinen|Induktionsherd|Gasherd|Elektroherd"||||10
2879556|mueller||||||||2024-10-28|Tenor|||1|Stk.|Home|Multi-Media|Filme & TV|Komödie & Comedy|Tenor|||12,99 €|12,99 €|12,99 €|9,99 €||||23%|Sie sparen 23%|||||||EUR|Home> Multi-Media> Filme & TV> Komödie & Comedy> Tenor|https://www.mueller.at/p/tenor-IPN2879556/|1 Stk.|"Der talentierte Rapper Antoine schlägt sich als Lieferdienst-Kurier in den Pariser Banlieues durchs Leben. Bei einer Sushi-Lieferung in der Pariser Oper trifft er durch Zufall auf Madame Loyseau, die sein Talent als Opernsänger sofort erkennt. Als Madame Loyseau Antoine als Schüler aufnimmt, verbirgt er seinen neuen Traum vor seinen Freunden und seiner Familie und stürzt sich in ein Doppelleben zwischen der vergoldeten Pariser Oberschicht und der rauen und gleichzeitig familiären Vorstadt. Doch bald holt die Wirklichkeit Antoine ein und zwingt ihn, seine eigene Stimme zu finden.

Zwei verschiedene Welten, zwei Generationen und zwei Musikgenres vereint in einem Film - von den Produzenten von ""Emily in Paris"" und ""Midnight in Paris"" kommt mit TENOR die ergreifend schöne, unglaubliche Reise eines jungen, talentierten Underdogs auf die große Leinwand. Regisseur Claude Zidi Jr. inszeniert die Geschichte mit der César-nominierten Michèle Laroque (""Endlich Witwe"", ""Oskar und die Dame in Rosa"") und dem Beatbox-Weltmeister und Schauspiel-Newcomer MB14 in den Hauptrollen.

Presse:
- ""Ein berührendes Plädoyer, das keinen kalt lässt"" - (Berliner Morgenpost)"||||||||||||||||||||||Non-Organic||||"{'medium': 'DVD', 'Untertitel': 'Deutsch', 'manufacturer': 'PLAION PICTURES', 'Bildformat': 'Widescreen', 'Zusatzinfos / Bonusmaterial beim Film dabei': 'Wendecover;', 'Inhalt': '1 Stk.', 'Laufzeit in min (gesamt)': '97', 'Produktionsjahr': '2022', 'Produktionsland': 'Frankreich', 'Regisseur': 'Claude Zidi Jr.', 'Schauspieler': 'Michele Laroque,Mohammed Belkhir,Guillaume Duhesme,MB14', 'Special Edition': 'Nein', 'Tonformat-Sprache': 'Deutsch,Französisch', 'packaging_type': 'Softbox', 'Hauptgenre': 'Komödie|Musikfilm'}"||||||||||||||0|0|2879556_1.png|https://static.mueller.de/videojakob_4006680100456_pv_645677/pdzoom/tenor.webp|2879556_2.png|https://static.mueller.de/pdzoom/videojakob_4006680100456_pr_645677-back.webp|2879556_3.png|https://static.mueller.de/videojakob_4006680100456_pd_66622620/pdzoom/tenor.webp|2879556_4.png|https://static.mueller.de/videojakob_4006680100456_pd_66624444/pdzoom/tenor.webp|2879556_5.png|https://static.mueller.de/videojakob_4006680100456_pd_66626253/pdzoom/tenor.webp|2879556_6.png|https://static.mueller.de/videojakob_4006680100456_pd_66628013/pdzoom/tenor.webp||||||||||||PLAION PICTURES||||||||||1 Stk.|||True||2879556P|||||||||5
2390961|mueller||||||||2024-10-28|072/Freundschaftsspiel!|||1|Stk.|Home|Multi-Media|Musik|Hörspiele|072/Freundschaftsspiel!|||4,00 €|4,00 €||||||||||||||EUR|Home> Multi-Media> Musik> Hörspiele> 072/Freundschaftsspiel!|https://www.mueller.at/p/072-freundschaftsspiel-2390961/|1 Stk.|||||||||||||||||||||||Non-Organic||||{'medium': 'CD', 'Künstler': 'Teufelskicker', 'Inhalt': '1 Stk.', 'Anzahl Medien im Artikel': '1', 'genre': 'Hörspiel (Kinder)', 'Label': 'SME Famil'}|||||||||||00:07:34|||0|0|2390961_1.png|https://static.mueller.de/pdzoom/phononet_0889854541729_pv_0889854541729-0600px-001.webp|2390961_2.png|https://static.mueller.de/pdzoom/phononet_0889854541729_pr_0889854541729-0600px-002.webp|2390961_3.png|https://static.mueller.de/6229285027-PR-1/pdzoom/072-freundschaftsspiel.webp||||||||||||||||||||||||||||1 Stk.|||True||2390961P|||||||||5
2351388|mueller||||||||2024-10-28|Silit Pfanne Merida Ø 28cm|SILIT||1|Stk.|Home|Haushalt|Kochen & Backen|Pfannen|Bratpfannen|Silit Pfanne Merida Ø 28cm||62,99 €|62,99 €||||||||||||||EUR|Home> Haushalt> Kochen & Backen> Pfannen> Bratpfannen> Silit Pfanne Merida Ø 28cm|https://www.mueller.at/p/silit-pfanne-merida-28cm-2351388/|1 Stk.|"Schonendes Braten für köstliche ErgebnisseDie Merida Stielpfanne mit 28 cm von Silit besteht aus hochwertigem Aluminiumguss, der eine hervorragende Speicherung und eine besonders gleichmäßige Verteilung der Wärme ermöglicht. Im Zusammenspiel mit der 3-lagigen Silitan Antihaftversiegelung eignen sich alle Merida Bratpfannen optimal, zartes Gemüse oder delikaten Fisch sehr schonend zuzubereiten. Die Pfannen sind dazu zur Verwendung auf jedem Herd geeignet - inklusive Induktion, der wärmereduzierende Bakelitgriff sorgt beim Braten für sicheren Komfort und auch die Reinigung geht schnell und einfach von der Hand.

Optimale Wärmespeicherung und -verteilung - Der dicke Aluminiumguss sorgt für eine außergewöhnlich gute Verteilung und Speicherung der Wärme und ermöglicht so besonders gleichmäßige Bratergebnisse, die auch höchsten Ansprüchen standhalten.
Tropffreies Ausgießen - Breiter Schüttrand für mühelos-tropffreies Ausgießen von Flüssigkeiten.
Silitan Antihaftversiegelung - Die 3-lagige, PFOA freie* Silitan Antihaftversiegelung bietet eine exzellente Antihaftwirkung für das schonende und fettarme Braten von empfindlichen Speisen sowie eine langlebige Oberfläche.
Wärmereduzierender Bakelitgriff - Wärmereduzierender, ergonomischer Griff aus hochwertigem Bakelit für sicheres und komfortables Handling.
"||||||||||||||||||||||Non-Organic||||"{'special_function': 'Backofenfest bis 70°C', 'Gewicht': '1302', 'Geeignet für': 'Backofen|Spuelmaschinen|Elektroherd|Gasherd|Induktionsherd', 'Pflegehinweis': 'Spülmaschinengeeignet, aber Spülen per Hand empfohlen', 'manufacturer': 'Silit', 'Materialdetails': 'Aluminiumguss mit Bakelitgriff', 'Material': 'Aluminium', 'Höhe': '6 cm', 'Durchmesser': '28 cm', 'Inhalt': '1 Stk.'}"||||||||Aluminiumguss mit Bakelitgriff||||||0|0|2351388_1.png|https://static.mueller.de/6483701251-PV-0/pdzoom/silit-pfanne-merida-28cm.webp||||||||||||||||Spülmaschinengeeignet, aber Spülen per Hand empfohlen||||||Silit||||||||||1 Stk.|||True||2351388P|||||"Backofen|Spuelmaschinen|Elektroherd|Gasherd|Induktionsherd"||||10
3964|mueller||||||||2024-10-28|O.B. Tampons ProComfort Mini|O.B.||16|Stk.|Home|Drogerie|Hygiene|Tampons|O.B. Tampons ProComfort Mini|||2,95 €|2,95 €|||||||||||1,84 € / 10 Stk.|||EUR|Home> Drogerie> Hygiene> Tampons> O.B. Tampons ProComfort Mini|https://www.mueller.at/p/o-b-tampons-procomfort-mini-3964/|16 Stk.|"Die o.b.® ProComfort® Tampons mit Dynamic Fit™ Technologie und SilkTouch® Oberfläche sorgen für ultimativen Komfort* (*innerhalb des o.b.® Sortiments) und zuverlässigen Schutz: Die 3D Entfaltung sorgt für ein natürliches Anpassen des Tampons an den Körper und die einzigartigen und ineinander greifenden Rillen helfen die Flüssigkeit effizient im Inneren des Tampons zu verteilen. Die SilkTouch® Oberfläche sorgt für ein besonders sanftes Einführen und Entfernen. Zudem sind die o.b.® ProComfort® Tampons gynäkologisch getestet, enthalten einen 100% pflanzlich basierten Tamponkern und sind frei von schädlichen Chemikalien (z.B. Pestizide), Chlorbleiche und Parfüm.

o.b. ProComfort für ultimativen Komfort* (*innerhalb des o.b. Sortiments). Die SilkTouch Oberfläche sorgt für ein besonders sanftes Einführen und Entfernen.
Mit Dynamic Fit Technologie, für ein natürliches Anpassen an den Körper. Die einzigartigen und ineinander greifenden Rillen helfen die Flüssigkeit effizient im Inneren des Tampons zu verteilen.
Die o.b. ProComfort Tampons enthalten einen 100% pflanzlich basierten Tamponkern und sind frei von schädlichen Chemikalien (z.B. Pestizide), Chlorbleiche und Parfüm. Außerdem sind sie gynäkologisch getestet.
Produkt enthält Kunststoff. Nicht in der Toilette entsorgen. Nach Gebrauch in den Mülleimer werfen. Hilf mit, die Umwelt zu schützen.
"||||||||||||||||||||||Non-Organic||||{'target_group': 'Damen', 'manufacturer': 'Johnson & Johnson GmbH', 'Herstelleradresse': 'Postfach 210507, 41431 Neuss', 'Kontaktmöglichkeit': 'www.jnj.com', 'Material': 'Cellulose', 'Inhalt': '16 Stk.', 'Produkttyp': 'Tampons', 'Saugstärke Tampons': 'Mini'}||||||||||||||4.7035|172|3964_1.png|https://static.mueller.de/markant_04001683011426_pv_4103246/pdzoom/o-b-tampons-procomfort-mini.webp|3964_2.png|https://static.mueller.de/markant_04001683011426_pv_4247966/pdzoom/o-b-tampons-procomfort-mini.webp|3964_3.png|https://static.mueller.de/markant_04001683011426_pr_4103245/pdzoom/o-b-tampons-procomfort-mini.webp|3964_4.png|https://static.mueller.de/markant_04001683011426_pd_4017674/pdzoom/o-b-tampons-procomfort-mini.webp|3964_5.png|https://static.mueller.de/markant_04001683011426_pd_4045767/pdzoom/o-b-tampons-procomfort-mini.webp|3964_6.png|https://static.mueller.de/markant_04001683011426_pd_4045868/pdzoom/o-b-tampons-procomfort-mini.webp||||||||||||Johnson & Johnson GmbH||||||||||16 Stk.|||True||3964P||||Achtung: Beiliegende Hinweise zur Tamponverwendung enthalten wichtige Informationen zum menstruellen TSS, einer seltenen, aber ernst zu nehmenden Erkrankung. Bitte lesen Sie diese und bewahren Sie sie auf für Ihre Gesundheit und Hygiene.|||||10
2879565|mueller||||||||2024-10-28|Summit Fever|||1|Stk.|Home|Multi-Media|Filme & TV|Thriller & Mystery|Summit Fever|||9,99 €|9,99 €||||||||||||||EUR|Home> Multi-Media> Filme & TV> Thriller & Mystery> Summit Fever|https://www.mueller.at/p/summit-fever-IPN2879565/|1 Stk.|"Der junge Engländer Michael hat seinen Finance-Job hingeschmissen, um sich den Traum von Chamonix zu erfüllen: In dem Kletterparadies angekommen, will der Adrenalinjunkie die ‚großen Drei‘ bezwingen - das Matterhorn, die Eigernordwand und den Montblanc. Angestachelt von seinem Kletterpartner JP begibt er sich mit dem amerikanischen Profibergsteiger Leo auf eine abenteuerliche Tour, bei der die Freunde um ihr Leben kämpfen müssen, als sie von einem tödlichen Sturm überrascht werden.

SUMMIT FEVER bietet spektakuläre Bergsteiger-Action, die man selten so authentisch gesehen hat. Dafür schickte Regisseur Julian Gilbey (A LONELY PLACE TO DIE), der selbst ein Extrembergsteiger ist, seine Darsteller Freddie Thorp (OVERDRIVE), Hollywoodstar Ryan Phillippe (EISKALTE ENGEL) und Newcomerin Mathilde Warnier an Originalschauplätze in schwindelerregenden Höhen. Actionreicher Nervenkitzel ganz in der Tradition von EVEREST, VERTICAL LIMIT und CLIFFHANGER.    

Presse: 
- „beeindruckend … atemberaubend“ - (Movie Nation)"|||||||||||||||Europa, Vorderasien, Afrika, Australien|||||||Non-Organic||||"{'medium': 'Blu-ray Disc', 'Untertitel': 'Deutsch', 'manufacturer': 'PLAION PICTURES', 'Bildformat': '16:9|HD', 'Zusatzinfos / Bonusmaterial beim Film dabei': 'Trailer;\nTrailershow;\nWendecover;', 'Inhalt': '1 Stk.', 'Laufzeit in min (gesamt)': '115', 'Produktionsjahr': '2022', 'Produktionsland': 'Großbritannien', 'Regionalcode': 'Europa, Vorderasien, Afrika, Australien', 'Regisseur': 'Julian Gilbey', 'Schauspieler': 'Ryan Phillippe,Hannah New,Mathilde Warnier,Freddie Thorp,Michel Biel', 'Special Edition': 'Nein', 'Tonformat-Sprache': 'Englisch,Deutsch', 'packaging_type': 'Softbox', 'Hauptgenre': 'Thriller & Krimi'}"||||||||||||||0|0|2879565_1.png|https://static.mueller.de/videojakob_4020628683207_pv_644974/pdzoom/summit-fever.webp|2879565_2.png|https://static.mueller.de/pdzoom/videojakob_4020628683207_pr_644974-back.webp|2879565_3.png|https://static.mueller.de/videojakob_4020628683207_pd_66610213/pdzoom/summit-fever.webp|2879565_4.png|https://static.mueller.de/videojakob_4020628683207_pd_66610354/pdzoom/summit-fever.webp|2879565_5.png|https://static.mueller.de/videojakob_4020628683207_pd_66610479/pdzoom/summit-fever.webp|2879565_6.png|https://static.mueller.de/videojakob_4020628683207_pd_66610604/pdzoom/summit-fever.webp||||||||||||PLAION PICTURES||||||||||1 Stk.|||True||2879565P|||||||||5
2879567|mueller||||||||2024-10-28|Summit Fever|||1|Stk.|Home|Multi-Media|Filme & TV|Thriller & Mystery|Summit Fever|||7,99 €|7,99 €||||||||||||||EUR|Home> Multi-Media> Filme & TV> Thriller & Mystery> Summit Fever|https://www.mueller.at/p/summit-fever-IPN2879567/|1 Stk.|"Der junge Engländer Michael hat seinen Finance-Job hingeschmissen, um sich den Traum von Chamonix zu erfüllen: In dem Kletterparadies angekommen, will der Adrenalinjunkie die ‚großen Drei‘ bezwingen - das Matterhorn, die Eigernordwand und den Montblanc. Angestachelt von seinem Kletterpartner JP begibt er sich mit dem amerikanischen Profibergsteiger Leo auf eine abenteuerliche Tour, bei der die Freunde um ihr Leben kämpfen müssen, als sie von einem tödlichen Sturm überrascht werden.

SUMMIT FEVER bietet spektakuläre Bergsteiger-Action, die man selten so authentisch gesehen hat. Dafür schickte Regisseur Julian Gilbey (A LONELY PLACE TO DIE), der selbst ein Extrembergsteiger ist, seine Darsteller Freddie Thorp (OVERDRIVE), Hollywoodstar Ryan Phillippe (EISKALTE ENGEL) und Newcomerin Mathilde Warnier an Originalschauplätze in schwindelerregenden Höhen. Actionreicher Nervenkitzel ganz in der Tradition von EVEREST, VERTICAL LIMIT und CLIFFHANGER.    

Presse: 
- „beeindruckend … atemberaubend“ - (Movie Nation)"||||||||||||||||||||||Non-Organic||||{'medium': 'DVD', 'Untertitel': 'Deutsch', 'manufacturer': 'PLAION PICTURES', 'Bildformat': '16:9', 'Zusatzinfos / Bonusmaterial beim Film dabei': 'Trailer;\nTrailershow;\nWendecover;', 'Inhalt': '1 Stk.', 'Laufzeit in min (gesamt)': '111', 'Produktionsjahr': '2022', 'Produktionsland': 'Großbritannien', 'Regisseur': 'Julian Gilbey', 'Schauspieler': 'Ryan Phillippe,Hannah New,Mathilde Warnier,Freddie Thorp,Michel Biel', 'Special Edition': 'Nein', 'Tonformat-Sprache': 'Deutsch,Englisch', 'packaging_type': 'Softbox', 'Hauptgenre': 'Thriller & Krimi'}||||||||||||||0|0|2879567_1.png|https://static.mueller.de/videojakob_4020628683221_pv_644975/pdzoom/summit-fever.webp|2879567_2.png|https://static.mueller.de/pdzoom/videojakob_4020628683221_pr_644975-back.webp|2879567_3.png|https://static.mueller.de/videojakob_4020628683221_pd_66610823/pdzoom/summit-fever.webp|2879567_4.png|https://static.mueller.de/videojakob_4020628683221_pd_66610963/pdzoom/summit-fever.webp|2879567_5.png|https://static.mueller.de/videojakob_4020628683221_pd_66611135/pdzoom/summit-fever.webp|2879567_6.png|https://static.mueller.de/videojakob_4020628683221_pd_66611260/pdzoom/summit-fever.webp||||||||||||PLAION PICTURES||||||||||1 Stk.|||True||2879567P|||||||||5
3967|mueller||||||||2024-10-28|O.B. Tampons Original Normal 16er|O.B.||16|Stk.|Home|Drogerie|Hygiene|Tampons|O.B. Tampons Original Normal 16er|||2,95 €|2,95 €|||||||||||1,84 € / 10 Stk.|||EUR|Home> Drogerie> Hygiene> Tampons> O.B. Tampons Original Normal 16er|https://www.mueller.at/p/o-b-tampons-original-normal-16er-3967/|16 Stk.|Die o.b.® Original Normal Tampons mit geschwungenen Rillen leiten die Flüssigkeit effizient ins Innere des Tampons und die StayDry Technologie sorgt für ein trockenes Rückholbändchen sowie ein sauberes Gefühl. Die Original Normal Tampons von o.b.® eignen sich bestens für mittlere bis stärkere Tage. Zudem sind die Original Tampons gynäkologisch getestet, enthalten einen 100% pflanzlich basierten Tamponkern und sind frei von schädlichen Chemikalien (z.B. Pestizide), Chlorbleiche und Parfüm. Geschwungene Rillen für zuverlässigen Schutz: Die o.b. Original Normal Tampons mit geschwungenen Rillen leiten die Flüssigkeit effizient ins Innere des Tampons, für ein sauberes Gefühl.,StayDry Technologie für ein trockenes Rückholbändchen: Das Rückholbändchen der o.b. Original Normal Tampons bleibt dank der StayDry-Technologie trocken, für ein sauberes Gefühl.,Die o.b. Original Normal Tampons enthalten einen 100% pflanzlich basierten Tamponkern und sind frei von schädlichen Chemikalien (z.B. Pestizide), Chlorbleiche und Parfüm. Außerdem sind sie gynäkologisch getestet.,An mittleren bis stärkeren Tagen: Die o.b. Original Normal Tampons bieten zuverlässigen Schutz, sowie ein sauberes und geschütztes Gefühl für eine mittlere bis stärkere Periode.||||||||||||||||||||||Non-Organic||||{'target_group': 'Damen', 'manufacturer': 'Johnson & Johnson GmbH', 'Herstelleradresse': 'Postfach 210507,\n41431 Neuss', 'Kontaktmöglichkeit': 'www.jnj.com', 'Material': 'Cellulose', 'Inhalt': '16 Stk.', 'Produkttyp': 'Tampons', 'Saugstärke Tampons': 'Normal'}||||||||||||||3.8316|95|3967_1.png|https://static.mueller.de/markant_04001683001113_pv_4046311/pdzoom/o-b-tampons-original-normal-16er.webp|3967_2.png|https://static.mueller.de/markant_04001683001113_pv_4224686/pdzoom/o-b-tampons-original-normal-16er.webp|3967_3.png|https://static.mueller.de/markant_04001683001113_pv_4224681/pdzoom/o-b-tampons-original-normal-16er.webp|3967_4.png|https://static.mueller.de/markant_04001683001113_pr_4224679/pdzoom/o-b-tampons-original-normal-16er.webp|3967_5.png|https://static.mueller.de/markant_04001683001113_pd_4224685/pdzoom/o-b-tampons-original-normal-16er.webp|3967_6.png|https://static.mueller.de/markant_04001683001113_pd_4224683/pdzoom/o-b-tampons-original-normal-16er.webp||||||||||||Johnson & Johnson GmbH||||||||||16 Stk.|||True||3967P||||Achtung: Beiliegende Hinweise zur Tamponverwendung enthalten wichtige Informationen zum menstruellen TSS, einer seltenen, aber ernst zu nehmenden Erkrankung. Bitte lesen Sie diese und bewahren Sie sie auf für Ihre Gesundheit und Hygiene.|||||10
2879580|mueller||||||||2024-10-28|In 80 Tagen um die Welt [2 BRs]|||1|Stk.|Home|Multi-Media|Filme & TV|Action & Abenteuer|In 80 Tagen um die Welt  [2 BRs]|||27,99 €|27,99 €|27,99 €|24,99 €||||11%|Sie sparen 11%|||||||EUR|Home> Multi-Media> Filme & TV> Action & Abenteuer> In 80 Tagen um die Welt  [2 BRs]|https://www.mueller.at/p/in-80-tagen-um-die-welt-2-brs-IPN2879580/|1 Stk.|"Im Jahre 1892 schließt der englische Gentleman Phileas Fogg eine geradezu wahnwitzige Wette ab: Er will es schaffen, in nur 80 Tagen die Welt zu umrunden. Gemeinsam mit seinem Butler Passepartout begibt er sich auf die gefährliche Reise. Immer auf ihren Fersen ist Detektiv Fix, ein Versicherungsagent, der Fogg für einen gerissenen Bankräuber hält. (2 Blu-rays)

Der Wettlauf gegen die Zeit hat begonnen. Eine der beliebtesten Verfilmungen von Jules Vernes‘ Klassiker kann mit exotischen Drehorten, handfesten Abenteuern und spannenden Duellen punkten. Bis in die kleinsten Nebenrollen perfekt besetzt, brilliert James-Bond-Legende Pierce Brosnan zusammen mit Monty-Python-Star Eric Idle und Oscar®-Preisträger Sir Peter Ustinov."|||||||||||||||Europa, Vorderasien, Afrika, Australien|||||||Non-Organic||||"{'medium': 'Blu-ray Disc', 'Untertitel': 'Deutsch', 'manufacturer': 'PLAION PICTURES', 'Bildformat': '4:3|HD', 'Zusatzinfos / Bonusmaterial beim Film dabei': 'Trailer; Bildergalerie;', 'Inhalt': '1 Stk.', 'Laufzeit in min (gesamt)': '284', 'Produktionsjahr': '1989', 'Produktionsland': 'Deutschland,Italien,USA,Jugoslawien', 'Regionalcode': 'Europa, Vorderasien, Afrika, Australien', 'Regisseur': 'Buzz Kulik', 'Schauspieler': 'Pierce Brosnan,Eric Idle,Peter Ustinov,Christopher Lee,Arielle Dombasle,Robert Wagner,Julia Nickson-Soul,Jack Klugman,Julia Nicon', 'Special Edition': 'Nein', 'Tonformat-Sprache': 'Deutsch,Englisch', 'packaging_type': 'Softbox im Schuber', 'Hauptgenre': 'Abenteuer|TV-Produktion|TV-Serie'}"||||||||||||||0|0|2879580_1.png|https://static.mueller.de/videojakob_4020628614362_pv_644966/pdzoom/in-80-tagen-um-die-welt-2-brs.webp|2879580_2.png|https://static.mueller.de/pdzoom/videojakob_4020628614362_pr_644966-back.webp|2879580_3.png|https://static.mueller.de/videojakob_4020628614362_pd_66603209/pdzoom/in-80-tagen-um-die-welt-2-brs.webp|2879580_4.png|https://static.mueller.de/videojakob_4020628614362_pd_66603271/pdzoom/in-80-tagen-um-die-welt-2-brs.webp|2879580_5.png|https://static.mueller.de/videojakob_4020628614362_pd_66603365/pdzoom/in-80-tagen-um-die-welt-2-brs.webp|2879580_6.png|https://static.mueller.de/videojakob_4020628614362_pd_66603443/pdzoom/in-80-tagen-um-die-welt-2-brs.webp||||||||||||PLAION PICTURES||||||||||1 Stk.|||False||2879580P|||||||||1
2601305|mueller||||||||2024-10-28|Eichhorn - Holzbausteine 100 Stück|EICHHORN||1|Stk.|Home|Spielwaren|Baby & Kleinkind|Kleinkindspielzeug|Eichhorn - Holzbausteine 100 Stück|||19,99 €|19,99 €|19,99 €|16,99 €||||15%|Sie sparen 15%|||||||EUR|Home> Spielwaren> Baby & Kleinkind> Kleinkindspielzeug> Eichhorn - Holzbausteine 100 Stück|https://www.mueller.at/p/eichhorn-holzbausteine-100-stueck-2601305/|1 Stk.|Ein Satz von 100 farbigen Holzblöcken in verschiedenen Formen, verpackt in einem praktischen Eimer mit einem Formsortierer auf dem Deckel. Hergestellt in Deutschland aus Buchenholz.||||||||12 Monate||||||||||||||Non-Organic||||"{'target_group': 'Kindergartenkinder|Kleinkinder', 'Artikelnummer des Herstellers': '100010171', 'license': 'Eichhorn Beschäftigung', 'Altersempfehlung ab': '12 Monate', 'Inhalt': '1 Stk.', 'Produkttyp': 'Sortieren und Zuordnen'}"||||||||||||||5.0|1|2601305_1.png|https://static.mueller.de/6754768997-PV-0/pdzoom/eichhorn-holzbausteine-100-stueck.webp||||||||||||||||||||||100010171||||||||||1 Stk.|||True||2601305P|||||||||10
2601301|mueller||||||||2024-10-28|Original Muh-Muhs Schoko Toffee Trio|ORIGINAL SAHNE MUH-MUHS||132|g|Home|Drogerie|Lebensmittel|Süßigkeiten|Schokolade|Original Muh-Muhs Schoko Toffee Trio||2,49 €|2,49 €|||||||||||18,86 € / 1 kg|||EUR|Home> Drogerie> Lebensmittel> Süßigkeiten> Schokolade> Original Muh-Muhs Schoko Toffee Trio|https://www.mueller.at/p/original-muh-muhs-schoko-toffee-trio-2601301/|132 g|Toffeegenuß in seiner schönsten Form. Zarte Milchschokolade gefüllt mit feiner Toffee-Creme in der mundgerechten Ausformungen. Ohne Palmöl, dafür mit UTZ-zertifiziertem Kakao.||Wärmegeschützt und trocken lagern.|||EU|Enthält SOJA, MILCH,|||||{'Nährwerte je': '100g'}|||||||||||Non-Organic||||{'Lagerhinweis': 'Wärmegeschützt und trocken lagern.', 'manufacturer': 'PICO Food GmbH', 'Herstelleradresse': 'Bietigheimer Straße 58, 71732 Tamm', 'Kontaktmöglichkeit': 'info@pico-food.com', 'Herkunftsland': 'EU', 'Allergenhinweis': 'Enthält SOJA, MILCH,', 'Inhalt': '132 g', 'Zutaten': 'Toffeecreme 62% [Glukose-Fruktose-Sirup, Zucker, Pflanzenfett (Kokos, Raps), MagerMILCHpulver, Molkenerzeugnis, Emulgator: Lecithine (SOJA), Salz, Aroma], MILCHschokolade 38% [Zucker, VollMILCHpulver, Kakaobutter, Kakaomasse, Laktose, Molkenerzeugnis, Emulgator: Lecithine (Sonnenblume].', 'Produkttyp': 'Schokoladenartikel'}||||||||||||||0|0|2601301_1.png|https://static.mueller.de/6808797135-PV-0/pdzoom/original-muh-muhs-schoko-toffee-trio.webp||||||||||||||||||||||PICO Food GmbH||||||||||132 g|||False||2601301P|||||||||1
3973|mueller||||||||2024-10-28|O.B. Tampons Original Super|O.B.||16|Stk.|Home|Drogerie|Hygiene|Tampons|O.B. Tampons Original Super|||3,55 €|3,55 €|||||||||||2,22 € / 10 Stk.|||EUR|Home> Drogerie> Hygiene> Tampons> O.B. Tampons Original Super|https://www.mueller.at/p/o-b-tampons-original-super-3973/|16 Stk.|Die o.b.® Original Super Tampons mit geschwungenen Rillen leiten die Flüssigkeit effizient ins Innere des Tampons und die StayDry Technologie sorgt für ein trockenes Rückholbändchen sowie ein sauberes Gefühl. Die Original Super Tampons von o.b.® eignen sich bestens für starke Tage. Zudem sind die Original Tampons gynäkologisch getestet, enthalten einen 100% pflanzlich basierten Tamponkern und sind frei von schädlichen Chemikalien (z.B. Pestizide), Chlorbleiche und Parfüm. Geschwungene Rillen für zuverlässigen Schutz: Die o.b. Original Super Tampons mit geschwungenen Rillen leiten die Flüssigkeit effizient ins Innere des Tampons, für ein sauberes Gefühl.StayDry Technologie für ein trockenes Rückholbändchen: Das Rückholbändchen der o.b. Original Super Tampons bleibt dank der StayDry-Technologie trocken, für ein sauberes Gefühl.Die o.b. Original Super Tampons enthalten einen 100% pflanzlich basierten Tamponkern und sind frei von schädlichen Chemikalien (z.B. Pestizide), Chlorbleiche und Parfüm. Außerdem sind sie gynäkologisch getestet.An starken Tagen: Die o.b. Original Super Tampons bieten zuverlässigen Schutz, sowie ein sauberes und geschütztes Gefühl für eine starke Periode.Produkt enthält Kunststoff. Nicht in der Toilette entsorgen. Nach Gebrauch in den Mülleimer werfen. Hilf mit, die Umwelt zu schützen.||||||||||||||||||||||Non-Organic||||{'target_group': 'Damen', 'manufacturer': 'Johnson & Johnson GmbH', 'Herstelleradresse': 'Postfach 210507, 41431 Neuss', 'Kontaktmöglichkeit': 'www.jnj.com', 'Material': 'Cellulose', 'Inhalt': '16 Stk.', 'Produkttyp': 'Tampons', 'Saugstärke Tampons': 'Super'}||||||||||||||4.9286|14|3973_1.png|https://static.mueller.de/markant_04001683001311_pv_4046302/pdzoom/o-b-tampons-original-super.webp|3973_2.png|https://static.mueller.de/markant_04001683001311_pv_4046305/pdzoom/o-b-tampons-original-super.webp|3973_3.png|https://static.mueller.de/markant_04001683001311_pr_4045871/pdzoom/o-b-tampons-original-super.webp|3973_4.png|https://static.mueller.de/markant_04001683001311_pd_4046303/pdzoom/o-b-tampons-original-super.webp|3973_5.png|https://static.mueller.de/markant_04001683001311_pd_4046304/pdzoom/o-b-tampons-original-super.webp||||||||||||||Johnson & Johnson GmbH||||||||||16 Stk.|||True||3973P||||Achtung: Beiliegende Hinweise zur Tamponverwendung enthalten wichtige Informationen zum menstruellen TSS, einer seltenen, aber ernst zu nehmenden Erkrankung. Bitte lesen Sie diese und bewahren Sie sie auf für Ihre Gesundheit und Hygiene.|||||10
2615956|mueller||||||||2024-10-28|PAP-ART Schulbuch-Etiketten Meerjungfrau|PAP-ART||1|Stk.|Home|Schreibwaren|Büro|Bürobedarf|Sonstiges|PAP-ART Schulbuch-Etiketten Meerjungfrau||1,39 €|1,39 €||||||||||||||EUR|Home> Schreibwaren> Büro> Bürobedarf> Sonstiges> PAP-ART Schulbuch-Etiketten Meerjungfrau|https://www.mueller.at/p/pap-art-schulbuch-etiketten-meerjungfrau-2615956/|1 Stk.|"Mit PAP-ART Schulbuch-Etiketten gehen keine Hefte und Bücher verloren - es gibt sie in verschiedenen trendigen Motiven und Formen.
Inhalt: 3 Blatt"||||||||||||||||||||||Non-Organic||||{'Inhalt': '1 Stk.', 'Produkttyp': 'Sonstiges'}||||||||||||||0|0|2615956_1.png|https://static.mueller.de/pdzoom/4035774665175.webp||||||||||||||||||||||||||||||||1 Stk.|||False||2615956P|||||||||1
3977|mueller||||||||2024-10-28|O.B. Tampons Original Super Plus|O.B.||16|Stk.|Home|Drogerie|Hygiene|Tampons|O.B. Tampons Original Super Plus|||4,45 €|4,45 €|||||||||||2,78 € / 10 Stk.|||EUR|Home> Drogerie> Hygiene> Tampons> O.B. Tampons Original Super Plus|https://www.mueller.at/p/o-b-tampons-original-super-plus-3977/|16 Stk.|Die o.b.® Original Super Plus Tampons mit geschwungenen Rillen leiten die Flüssigkeit effizient ins Innere des Tampons und die StayDry Technologie sorgt für ein trockenes Rückholbändchen sowie ein sauberes Gefühl. Die Original Super Plus Tampons von o.b.® eignen sich bestens für sehr starke Tage. Zudem sind die Original Tampons gynäkologisch getestet, enthalten einen 100% pflanzlich basierten Tamponkern und sind frei von schädlichen Chemikalien (z.B. Pestizide), Chlorbleiche und Parfüm. Geschwungene Rillen für zuverlässigen Schutz: Die o.b. Original Super Plus Tampons mit geschwungenen Rillen leiten die Flüssigkeit effizient ins Innere des Tampons, für ein sauberes Gefühl.,StayDry Technologie für ein trockenes Rückholbändchen: Das Rückholbändchen der o.b. Original Super Plus Tampons bleibt dank der StayDry-Technologie trocken, für ein sauberes Gefühl.,Die o.b. Original Super Plus Tampons enthalten einen 100% pflanzlich basierten Tamponkern und sind frei von schädlichen Chemikalien (z.B. Pestizide), Chlorbleiche und Parfüm. Außerdem sind sie gynäkologisch getestet.,An sehr starken Tagen: Die o.b. Original Super Plus Tampons bieten zuverlässigen Schutz, sowie ein sauberes und geschütztes Gefühl für eine sehr starke Periode.,Produkt enthält Kunststoff. Nicht in der Toilette entsorgen. Nach Gebrauch in den Mülleimer werfen. Hilf mit, die Umwelt zu schützen.||||||||||||||||||||||Non-Organic||||{'target_group': 'Damen', 'manufacturer': 'Johnson & Johnson GmbH', 'Herstelleradresse': 'Postfach 210507, 41131 Neuss', 'Kontaktmöglichkeit': 'www.jnj.com', 'Inhalt': '16 Stk.', 'Produkttyp': 'Tampons', 'Saugstärke Tampons': 'Super Plus'}||||||||||||||5.0|10|3977_1.png|https://static.mueller.de/markant_04001683001410_pv_4103241/pdzoom/o-b-tampons-original-super-plus.webp|3977_2.png|https://static.mueller.de/markant_04001683001410_pv_4103244/pdzoom/o-b-tampons-original-super-plus.webp|3977_3.png|https://static.mueller.de/markant_04001683001410_pr_4103242/pdzoom/o-b-tampons-original-super-plus.webp|3977_4.png|https://static.mueller.de/markant_04001683001410_pr_4103242/pdzoom/o-b-tampons-original-super-plus.webp|3977_5.png|https://static.mueller.de/markant_04001683001410_pd_4111599/pdzoom/o-b-tampons-original-super-plus.webp|3977_6.png|https://static.mueller.de/markant_04001683001410_pd_4103243/pdzoom/o-b-tampons-original-super-plus.webp||||||||||||Johnson & Johnson GmbH||||||||||16 Stk.|||True||3977P||||Achtung: Beiliegende Hinweise zur Tamponverwendung enthalten wichtige Informationen zum menstruellen TSS, einer seltenen, aber ernst zu nehmenden Erkrankung. Bitte lesen Sie diese und bewahren Sie sie auf für Ihre Gesundheit und Hygiene.|||||10
61552|mueller||||||||2024-10-28|Pelikan Tintenschreiber Inky 273|PELIKAN||1|Stk.|Home|Schreibwaren|Schreibgeräte|Tintenroller|Pelikan Tintenschreiber Inky 273|||2,29 €|2,29 €||||||||||||||EUR|Home> Schreibwaren> Schreibgeräte> Tintenroller> Pelikan Tintenschreiber Inky 273|https://www.mueller.at/p/pelikan-tintenschreiber-inky-273-61552/|1 Stk.|"Der Tintenschreiber Inky 273 mit einer Strickstärke von 0,5 mm hat ein Tintenreglersystem. Die blaue Schreibfarbe ist löschbar. 
Großes Tintensichtfenster. 
Schaft: bedruckt, durchsichtig. 
Kappe in Schreibfarbe."||||||||||||||||||||||Non-Organic||||{'Strichstärke': '0.5 mm', 'Farbe': 'blau', 'Inhalt': '1 Stk.', 'Produkttyp': 'Tintenroller'}||||||blau||||||||0|0|61552_1.png|https://static.mueller.de/6485743426-PV-0/pdzoom/pelikan-tintenschreiber-inky-273.webp||||||||||||||||||||||||||||||||1 Stk.|||True||61552P|||||||||10
310863|mueller||||||||2024-10-28|Clinque For Men Post-Shave Soother|CLINIQUE||75|ml|Home|Parfümerie|Pflege|Herrenpflege|Bartpflege|Clinque For Men Post-Shave Soother||37,95 €|37,95 €|||||||||||506,00 € / 1 l|||EUR|Home> Parfümerie> Pflege> Herrenpflege> Bartpflege> Clinque For Men Post-Shave Soother|https://www.mueller.at/p/clinque-for-men-post-shave-soother-310863/|75 ml|"Beruhigendes After Shave. Die leichte Feuchtigkeitsemulsion beruhigt die frisch rasierte Haut und lässt kleine Verletzungen schnell abheilen. Reduziert Rasurbrand.


Unsere Clinique Clean Philosophie  
Einfach. Sicher. Wirksam.  
Entwickelt für optimale Resultate – ohne Hautirritationen.  Allergiegetestet.  
100% Parfumfrei."||||||||||||||||||||||Non-Organic||||{'target_group': 'Herren', 'manufacturer': 'Estée Lauder Companies', 'Herstelleradresse': 'Domagkstr. 10, 80807 München', 'Kontaktmöglichkeit': 'kundenservice@clinique.com', 'Anwendungshinweis': 'Direkt nach der Rasur im Gesicht auftragen. Augenpartie aussparen. Danach M Lotion oder M Gel Lotion auftragen.', 'package_contents': 'Water\\Aqua\\Eau, Alcohol Denat., Aloe Barbadensis Leaf Juice, Linum Usitatissimum (Linseed) Seed Extract, Diethylhexyl Malate, C12-15 Alkyl Benzoate, Ppg-26 Oleate, Hamamelis Virginiana (Witch Hazel), Prunus Amygdalus Dulcis (Sweet Almond) Extract, Althaea Officinalis (Marshmallow) Root Extract, Disodium Cocoamphodiacetate, Phospholipids, Bisabolol, Panthenol, Tocopheryl Acetate, Aloe Barbadensis Leaf Extract, Dimethicone, Acrylates/C10-30 Alkyl Acrylate Crosspolymer, Isododecane, Myreth-3 Myristate, Hexyldecyl Stearate, Butylene Glycol, Ethanol, Carbomer, Triethanolamine, Xanthan Gum, Trisodium Edta, Phenoxyethanol, Chlorphenesin', 'Inhalt': '75 ml', 'scope_of_application': 'Aftershave', 'Produkttyp': 'Lotion'}||||||||||||||0|0|310863_1.png|https://static.mueller.de/5549591659-PV-0/pdzoom/clinque-for-men-post-shave-soother.webp||||||||||||||||||||||Estée Lauder Companies||||||||||75 ml|Water\Aqua\Eau, Alcohol Denat., Aloe Barbadensis Leaf Juice, Linum Usitatissimum (Linseed) Seed Extract, Diethylhexyl Malate, C12-15 Alkyl Benzoate, Ppg-26 Oleate, Hamamelis Virginiana (Witch Hazel), Prunus Amygdalus Dulcis (Sweet Almond) Extract, Althaea Officinalis (Marshmallow) Root Extract, Disodium Cocoamphodiacetate, Phospholipids, Bisabolol, Panthenol, Tocopheryl Acetate, Aloe Barbadensis Leaf Extract, Dimethicone, Acrylates/C10-30 Alkyl Acrylate Crosspolymer, Isododecane, Myreth-3 Myristate, Hexyldecyl Stearate, Butylene Glycol, Ethanol, Carbomer, Triethanolamine, Xanthan Gum, Trisodium Edta, Phenoxyethanol, Chlorphenesin||True||310863P|||||||||10
574545|mueller||||||||2024-10-28|Montagne Jeunesse Maske Peel Off Men|MONTAGNE JEUNESSE||10|ml|Home|Drogerie|Pflege|Gesichtspflege|Spezialpflege|Maske|Montagne Jeunesse Maske Peel Off Men|1,99 €|1,99 €|||||||||||199,00 € / 1 l|||EUR|Home> Drogerie> Pflege> Gesichtspflege> Spezialpflege> Maske> Montagne Jeunesse Maske Peel Off Men|https://www.mueller.at/p/montagne-jeunesse-maske-peel-off-men-574545/|10 ml|"Die im Schlamm des Toten Meeres enthaltenen Mineralien reinigen die Haut porentief, festigen sie und verleihen ihr wieder ein gesundes Erscheinungsbild. Das enthaltene Orangeöl wirkt belebend und zusätzlich hautreinigend. 
Vitamin C unterstützt die Hautgesundheit und das antioxidativ wirkende Vitamin E schützt vor hautschädigenden freien Radikalen."||||||||||||||||||||||Non-Organic||||"{'target_group': 'Herren', 'manufacturer': 'MARABU Markenvertrieb GmbH', 'Herstelleradresse': 'Hans-Böckler-Str. 27, D-40764 Langenfeld', 'Kontaktmöglichkeit': 'info@marabu-markenvertrieb.de', 'Anwendungshinweis': 'Reinigen, Auftragen, 15-20 Minuten einwirken lassen, Entfernen (Abziehen)', 'package_contents': 'Aqua, Alcohol denat, Polyvinyl alcohol, Propylene glycol, PVP, Benzyl alcohol, Acrylates/Steareth - 20 methacrylate copoylmer, Mentha viridis leaf oil,', 'product_property': 'schützend|aufbauend|revitalisierend|straffend|hautbildverfeinernd|regenerierend|glättend|feuchtigkeitsspendend', 'Inhalt': '10 ml', 'scope_of_application': 'Spezialpflege', 'Produkttyp': 'Maske'}"||||||||||||||0|0|574545_1.png|https://static.mueller.de/5519150148-PV-0/pdzoom/montagne-jeunesse-maske-peel-off-men.webp||||||||||||||||||||||MARABU Markenvertrieb GmbH||||||||||10 ml|Aqua, Alcohol denat, Polyvinyl alcohol, Propylene glycol, PVP, Benzyl alcohol, Acrylates/Steareth - 20 methacrylate copoylmer, Mentha viridis leaf oil,||False||574545P|||||||||1
2194742|mueller||||||||2024-10-28|umbra Acryl Tablett Droplet Amenity|UMBRA||1|Stk.|Home|Haushalt|Wohnen & Dekorieren|Aufbewahrungssysteme|umbra Acryl Tablett Droplet Amenity|||14,99 €|14,99 €||||||||||||||EUR|Home> Haushalt> Wohnen & Dekorieren> Aufbewahrungssysteme> umbra Acryl Tablett Droplet Amenity|https://www.mueller.at/p/umbra-acryl-tablett-droplet-amenity-IPN2194742/|1 Stk.|Dieses filigrane und dennoch moderne Tablett hat eine weiche, geschwungene Form und passt dank seines klaren Acryls in fast jeden Raum in Ihrem Zuhause. Perfekt als Ablage für Schmuck, Make-up Pinsel, Schlüssel im Eingangsbereich und mehr. Es wird Ihnen nicht leicht fallen sich zu entscheiden, in welchem Raum Sie dieses Mehrzweckstück zuerst verwenden möchten. Droplet ist aus Acryl gefertigt und ist daher leicht zu reinigen und sehr langlebig. Ideal zum Verschenken. Sie können das Tablett auch anstelle eines Geschenkkorbs als Basis verwenden wenn Sie mehrere Teile als Geschenk verpacken. Das Droplet Tablett ist 25 x 15 cm groß.||||||||||||||||||||||Non-Organic||||{'Gewicht': '330', 'manufacturer': 'UMBRA B.V.', 'Herstelleradresse': 'Monitorweg 1, NL-1322 BJ Almere', 'Kontaktmöglichkeit': 'EU.CustomerService@umbra.com', 'Material': 'Acryl', 'Höhe': '2 cm', 'Breite': '25 cm', 'Tiefe': '15 cm', 'Inhalt': '1 Stk.'}||||||||||||||0|0|2194742_1.png|https://static.mueller.de/pdzoom/28295539296_2.webp|2194742_2.png|https://static.mueller.de/pdzoom/28295539296_7.webp|2194742_3.png|https://static.mueller.de/pdzoom/28295539296_6.webp|2194742_4.png|https://static.mueller.de/pdzoom/28295539296_1.webp|2194742_5.png|https://static.mueller.de/pdzoom/28295539296_5.webp|2194742_6.png|https://static.mueller.de/pdzoom/28295539296_4.webp||||||||||||UMBRA B.V.||||||||||1 Stk.|||False||2194742P|||||||||1
310867|mueller||||||||2024-10-28|Clinique FOR MEN Face Scrub|CLINIQUE||100|ml|Home|Parfümerie|Pflege|Gesichtspflege|Reinigung|Gesichtspeeling|Clinique FOR MEN Face Scrub|28,95 €|28,95 €|||||||||||289,50 € / 1 l|||EUR|Home> Parfümerie> Pflege> Gesichtspflege> Reinigung> Gesichtspeeling> Clinique FOR MEN Face Scrub|https://www.mueller.at/p/clinique-for-men-face-scrub-310867/|100 ml|Feine, abgerundete Exfoliatoren entfernen abgestorbene Hautschüppchen. Die Haut ist extrasauber, glatt und porentief rein. Richtet auch Barthaare auf und sorgt so für eine glatte, schnelle und präzise Rasur.||||||||||||||||||||||Non-Organic||||"{'target_group': 'Herren', 'manufacturer': 'Estée Lauder Companies', 'Herstelleradresse': 'Domagkstr. 10, 80807 München', 'Kontaktmöglichkeit': 'kundenservice@clinique.com', 'Anwendungshinweis': 'Vor der Seife oder der Rasur auf das gesamte Gesicht auftragen und leicht einmassieren. Danach gründlich abspülen.', 'package_contents': 'Die verbindliche Angabe der Inhaltsstoffe entnehmen Sie bitte der Verpackung des Produktes.', 'skin_type': 'alle Hauttypen', 'product_property': 'klärend|reinigend', 'Inhalt': '100 ml', 'scope_of_application': 'Reinigung', 'Produkttyp': 'Gesichtspeeling'}"||||||||||||||0|0|310867_1.png|https://static.mueller.de/5549591779-PV-0/pdzoom/clinique-for-men-face-scrub.webp||||||||||||||||||||||Estée Lauder Companies||||||||||100 ml|Die verbindliche Angabe der Inhaltsstoffe entnehmen Sie bitte der Verpackung des Produktes.||False||310867P|||||||||1
2601536|mueller||||||||2024-10-28|rayher Siegel-Set Herzen 2,5cm ø|RAYHER||1|Stk.|Home|Schreibwaren|Büro|Bürobedarf|Sonstiges|rayher Siegel-Set Herzen 2,5cm ø||12,99 €|12,99 €||||||||||||||EUR|Home> Schreibwaren> Büro> Bürobedarf> Sonstiges> rayher Siegel-Set Herzen 2,5cm ø|https://www.mueller.at/p/rayher-siegel-set-herzen-2-5cm-2601536/|1 Stk.|"Briefe versiegeln, eine alte Tradition wird neu entdeckt. Stell dir die Freude und Spannung vor, wenn der Empfänger deine persönliche Nachricht versiegelt empfängt.
Besonders wertvoll und persönlich werden Einladungen, Geschenke, Urkunden u.v.m. wenn du sie mit einem dekorativen Wachssiegel verzierst.
Das Siegelwachs ist flexibel und weich und daher für den Postversand geeignet.
Wachssiegel sind sehr einfach herzustellen. Vorsicht ist natürlich geboten, denn es wird mit heißem Wachs und Flamme hantiert, arbeite auf einer feuerfesten Unterlage.Packungsinhalt:  1 Siegelstempel 2,5 cm ø, Motiv Herzen, mit Holzgriff + 1 Stick Siegelwachs, weiß metallic, 12 g, ca. 1 x 1 cm, Höhe ca. 9 cm (reicht für 6 – 8 Wachssiegel)"||||||||||||||||||||||Non-Organic||||{'manufacturer': 'Rayher Hobby GmbH', 'Herstelleradresse': 'Fockestr. 15 ,88471 Laupheim', 'Inhalt': '1 Stk.', 'Produkttyp': 'Sonstiges'}||||||||||||||0|0|2601536_1.png|https://static.mueller.de/6885789339-PV-0/pdzoom/rayher-siegel-set-herzen-2-5cm.webp|2601536_2.png|https://static.mueller.de/6885789339-PB-1/pdzoom/rayher-siegel-set-herzen-2-5cm.webp|2601536_3.png|https://static.mueller.de/6885789339-PB-2/pdzoom/rayher-siegel-set-herzen-2-5cm.webp||||||||||||||||||Rayher Hobby GmbH||||||||||1 Stk.|||True||2601536P|||||||||10
824629|mueller||||||||2024-10-28|Mono Quick Bügelmotiv Fussball schwarz/weiss|MONO QUICK||1|Stk.|Home|Handarbeit|Kurzwaren|Mono Quick Bügelmotiv Fussball schwarz/weiss||||3,50 €|3,50 €||||||||||||||EUR|Home> Handarbeit> Kurzwaren> Mono Quick Bügelmotiv Fussball schwarz/weiss|https://www.mueller.at/p/mono-quick-buegelmotiv-fussball-schwarz-weiss-824629/|1 Stk.|"Fussball, schwarz/weiss. 
Basic 
Durchmesser: 7,3 cm"||||||||||||||||||||||Non-Organic||||{'scope_of_delivery': '1 Stück', 'manufacturer': 'Mono-Quick GmbH', 'Herstelleradresse': 'Zechenstr. 10, 63796 Kahl am Main', 'Kontaktmöglichkeit': 'patches@mono-quick.de', 'Materialdetails': '80 % Baumwolle, 20 % Rayon', 'Durchmesser': '7.3 cm', 'Inhalt': '1 Stk.'}||||||||80 % Baumwolle, 20 % Rayon||||||5.0|1|824629_1.png|https://static.mueller.de/6146331503-PV-0/pdzoom/mono-quick-buegelmotiv-fussball-schwarz-weiss.webp||||||||||||||||||||||Mono-Quick GmbH||||||||||1 Stk.|||True||824629P|||||||||10
2062302|mueller||||||||2024-10-28|kela Käsefondue-Set Country 10tlg.|KELA||1|Stk.|Home|Haushalt|Kochen & Backen|Küchengeräte|Grill & Raclette|kela Käsefondue-Set Country 10tlg.||109,95 €|109,95 €|109,95 €|54,99 €||||50%|Sie sparen 50%|||||||EUR|Home> Haushalt> Kochen & Backen> Küchengeräte> Grill & Raclette> kela Käsefondue-Set Country 10tlg.|https://www.mueller.at/p/kela-kaesefondue-set-country-10tlg-2062302/|1 Stk.|Das Käsefondue-Set Country von kela lädt zu einem gemütlichen Abend mit Familie und Freunden ein. Der hochwertige Fondue-Topf aus feuerfester Keramik und der Rechaud aus schwarzem Metall stehen auf einem passgenauen Teller aus Akazienholz. So verzaubern Sie Ihre Gäste mit Stil und Geschmack. Zu dem Set gehören außerdem 6 Fonduegabeln und ein Sicherheitspastenbrenner.||||||||||||||||||||||Non-Organic||||{'manufacturer': 'Keck & Lang GmbH', 'Herstelleradresse': 'Nordring 1, DE-89558 Böhmenkirch', 'Kontaktmöglichkeit': 'product@kela.de, www.kela.de', 'Höhe': '21 cm', 'Durchmesser': '22 cm', 'Inhalt': '1 Stk.'}||||||||||||||0|0|2062302_1.png|https://static.mueller.de/5728294211-PV-0/pdzoom/kela-kaesefondue-set-country-10tlg.webp||||||||||||||||||||||Keck & Lang GmbH||||||||||1 Stk.|||False||2062302P|||||||||1
2601519|mueller||||||||2024-10-28|rayher Holzstempelset Liebe 3,2x3,8cm|RAYHER||1|Stk.|Home|Schreibwaren|Büro|Bürobedarf|Sonstiges|rayher Holzstempelset Liebe 3,2x3,8cm||6,99 €|6,99 €||||||||||||||EUR|Home> Schreibwaren> Büro> Bürobedarf> Sonstiges> rayher Holzstempelset Liebe 3,2x3,8cm|https://www.mueller.at/p/rayher-holzstempelset-liebe-3-2x3-8cm-2601519/|1 Stk.|"Holzstempelset Liebe 3,2x3,8cmPackungsinhalt: 3 Stempel ""Liebe"""||||||||||||||||||||||Non-Organic||||"{'scope_of_delivery': '3 Stempel ""Liebe""', 'manufacturer': 'Rayher Hobby GmbH', 'Herstelleradresse': 'Fockestr. 15 ,88471 Laupheim', 'Inhalt': '1 Stk.', 'Produkttyp': 'Stempel'}"||||||||||||||0|0|2601519_1.png|https://static.mueller.de/6885789291-PV-0/pdzoom/rayher-holzstempelset-liebe-3-2x3-8cm.webp|2601519_2.png|https://static.mueller.de/6885789291-PB-1/pdzoom/rayher-holzstempelset-liebe-3-2x3-8cm.webp||||||||||||||||||||Rayher Hobby GmbH||||||||||1 Stk.|||True||2601519P|||||||||4
285466|mueller||||||||2024-10-28|Clinique Aromatics Elixir Eau de Toilette|CLINIQUE||45|ml|Home|Parfümerie|Düfte für Sie|Düfte|Clinique Aromatics Elixir Eau de Toilette|||57,95 €|57,95 €|||||||||||1 287,78 € / 1 l|||EUR|Home> Parfümerie> Düfte für Sie> Düfte> Clinique Aromatics Elixir Eau de Toilette|https://www.mueller.at/p/clinique-aromatics-elixir-eau-de-toilette-285466/|45 ml|"Aromatische Extrakte beeinflussen seit Jahrhunderten die Psyche des Menschen und machen aus diesem aussergewöhnlichen Duft ein wahres Elixir. Der aufregende und sinnliche Duft begleitet Dich für viele Stunden.


Unsere Clinique Clean Philosophie  
Einfach. Sicher. Wirksam.  
Entwickelt für optimale Resultate – ohne Hautirritationen.  Allergiegetestet.  
100% Parfumfrei."||||||||||||||||||||||Non-Organic||||"{'target_group': 'Damen', 'manufacturer': 'Estée Lauder Companies', 'Herstelleradresse': 'Domagkstr. 10, 80807 München', 'Kontaktmöglichkeit': 'kundenservice@clinique.com', 'fragrance_concentration': 'Eau de Toilette', 'fragrance_note': 'aromatisch', 'Anwendungshinweis': 'Den Duft auf die Haut auftragen und genießen.', 'package_contents': 'Ingredients: Alcohol Denat., Water\\Aqua\\Eau, Fragrance (Parfum), Benzyl Salicylate, Geraniol, Linalool, Hydroxycitronellal, Alpha-Isomethyl Ionone, Eugenol, Citronellol, Evernia Prunastri (Oakmoss) Extract, Hexyl Cinnamal, Citral, Benzyl Cinnamate, Benzyl Alcohol, Benzyl Benzoate, Farnesol, Limonene, Coumarin, Isoeugenol, Pentaerythrityl Tetra-Di-T-Butyl Hydroxyhydrocinnamate, Yellow 5 (Ci 19140), Green 5 (Ci 61570), Red 4 (Ci 14700) < ILN49829 >', 'Inhalt': '45 ml', 'fragrance_effect': 'anziehend|natürlich', 'Produkttyp': 'Eau de Toilette'}"||||||||||||||5.0|2|285466_1.png|https://static.mueller.de/5549580610-PV-0/pdzoom/clinique-aromatics-elixir-eau-de-toilette.webp||||||||||||||||||||||Estée Lauder Companies||||||||||45 ml|Ingredients: Alcohol Denat., Water\Aqua\Eau, Fragrance (Parfum), Benzyl Salicylate, Geraniol, Linalool, Hydroxycitronellal, Alpha-Isomethyl Ionone, Eugenol, Citronellol, Evernia Prunastri (Oakmoss) Extract, Hexyl Cinnamal, Citral, Benzyl Cinnamate, Benzyl Alcohol, Benzyl Benzoate, Farnesol, Limonene, Coumarin, Isoeugenol, Pentaerythrityl Tetra-Di-T-Butyl Hydroxyhydrocinnamate, Yellow 5 (Ci 19140), Green 5 (Ci 61570), Red 4 (Ci 14700) < ILN49829 >||True||285466P|||||||||10
2601514|mueller||||||||2024-10-28|rayher Plastik-Buchstaben-Perlen 5x5mm 40g schwarz|RAYHER||40|g|Home|Schreibwaren|Büro|Bürobedarf|Sonstiges|rayher Plastik-Buchstaben-Perlen 5x5mm 40g schwarz||4,99 €|4,99 €|||||||||||124,75 € / 1 kg|||EUR|Home> Schreibwaren> Büro> Bürobedarf> Sonstiges> rayher Plastik-Buchstaben-Perlen 5x5mm 40g schwarz|https://www.mueller.at/p/rayher-plastik-buchstaben-perlen-5x5mm-40g-schwarz-2601514/|40 g|Buchstabenperlen-Allerlei. Die kleinen Perlenwürfel mit Buchstabendekor und Fädelloch eignen sich toll für Schnullerketten, Armbänder, Namensketten, Schlüsselanhänger und vieles mehr.PACKUNGSINHALT: 40g||||||||||||||||||||||Non-Organic||||{'manufacturer': 'Rayher Hobby GmbH', 'Herstelleradresse': 'Fockestr. 15 ,88471 Laupheim', 'Inhalt': '40 g', 'Produkttyp': 'Sonstiges'}||||||||||||||0|0|2601514_1.png|https://static.mueller.de/7080681513-PV-0/pdzoom/rayher-plastik-buchstaben-perlen-5x5mm-40g-schwarz.webp|2601514_2.png|https://static.mueller.de/7080681513-PB-1/pdzoom/rayher-plastik-buchstaben-perlen-5x5mm-40g-schwarz.webp||||||||||||||||||||Rayher Hobby GmbH||||||||||40 g|||True||2601514P|||||||||10
2601515|mueller||||||||2024-10-28|rayher Plastik-Buchstaben-Perlen 9x9mm 40g weiss|RAYHER||40|g|Home|Schreibwaren|Büro|Bürobedarf|Sonstiges|rayher Plastik-Buchstaben-Perlen 9x9mm 40g weiss||4,99 €|4,99 €|||||||||||124,75 € / 1 kg|||EUR|Home> Schreibwaren> Büro> Bürobedarf> Sonstiges> rayher Plastik-Buchstaben-Perlen 9x9mm 40g weiss|https://www.mueller.at/p/rayher-plastik-buchstaben-perlen-9x9mm-40g-weiss-2601515/|40 g|Buchstabenperlen-Allerlei. Die kleinen Perlenwürfel mit Buchstabendekor und Fädelloch eignen sich toll für Schnullerketten, Armbänder, Namensketten, Schlüsselanhänger und vieles mehr.PACKUNGSINHALT: 40g||||||||||||||||||||||Non-Organic||||{'manufacturer': 'Rayher Hobby GmbH', 'Herstelleradresse': 'Fockestr. 15 ,88471 Laupheim', 'Inhalt': '40 g', 'Produkttyp': 'Sonstiges'}||||||||||||||0|0|2601515_1.png|https://static.mueller.de/7080681573-PV-0/pdzoom/rayher-plastik-buchstaben-perlen-9x9mm-40g-weiss.webp|2601515_2.png|https://static.mueller.de/7080681573-PB-1/pdzoom/rayher-plastik-buchstaben-perlen-9x9mm-40g-weiss.webp||||||||||||||||||||Rayher Hobby GmbH||||||||||40 g|||True||2601515P|||||||||10
2601516|mueller||||||||2024-10-28|rayher Plastik-Buchstaben-Perlen 6x6mm 40g weiss|RAYHER||40|g|Home|Schreibwaren|Büro|Bürobedarf|Sonstiges|rayher Plastik-Buchstaben-Perlen 6x6mm 40g weiss||4,99 €|4,99 €|||||||||||124,75 € / 1 kg|||EUR|Home> Schreibwaren> Büro> Bürobedarf> Sonstiges> rayher Plastik-Buchstaben-Perlen 6x6mm 40g weiss|https://www.mueller.at/p/rayher-plastik-buchstaben-perlen-6x6mm-40g-weiss-2601516/|40 g|Buchstabenperlen-Allerlei. Die kleinen Perlenwürfel mit Buchstabendekor und Fädelloch eignen sich toll für Schnullerketten, Armbänder, Namensketten, Schlüsselanhänger und vieles mehr.PACKUNGSINHALT: 40g||||||||||||||||||||||Non-Organic||||{'manufacturer': 'Rayher Hobby GmbH', 'Herstelleradresse': 'Fockestr. 15 ,88471 Laupheim', 'Inhalt': '40 g', 'Produkttyp': 'Sonstiges'}||||||||||||||0|0|2601516_1.png|https://static.mueller.de/7080681376-PV-0/pdzoom/rayher-plastik-buchstaben-perlen-6x6mm-40g-weiss.webp|2601516_2.png|https://static.mueller.de/7080681376-PB-1/pdzoom/rayher-plastik-buchstaben-perlen-6x6mm-40g-weiss.webp||||||||||||||||||||Rayher Hobby GmbH||||||||||40 g|||True||2601516P|||||||||10
2365926|mueller||||||||2024-10-28|44/876 (Vinyl)|||1|Stk.|Home|Multi-Media|Musik|Pop|44/876 (Vinyl)|||19,00 €|19,00 €||||||||||||||EUR|Home> Multi-Media> Musik> Pop> 44/876 (Vinyl)|https://www.mueller.at/p/44-876-vinyl-2365926/|1 Stk.|||||||||||||||||||||||Non-Organic||||{'medium': 'LP (analog)', 'Künstler': 'Sting & Shaggy', 'Inhalt': '1 Stk.', 'Anzahl Medien im Artikel': '1', 'genre': 'Pop international', 'Label': 'Interscope'}||||||||||||||0|0|2365926_1.png|https://static.mueller.de/pdzoom/phononet_0602567490890_pv_0602567490890-0600px-001.webp||||||||||||||||||||||||||||||||1 Stk.|||True||2365926P|||||||||3
2601518|mueller||||||||2024-10-28|rayher Plastik-Buchstaben-Perlen 6x6mm 40g schwarz|RAYHER||40|g|Home|Schreibwaren|Büro|Bürobedarf|Sonstiges|rayher Plastik-Buchstaben-Perlen 6x6mm 40g schwarz||4,99 €|4,99 €|||||||||||124,75 € / 1 kg|||EUR|Home> Schreibwaren> Büro> Bürobedarf> Sonstiges> rayher Plastik-Buchstaben-Perlen 6x6mm 40g schwarz|https://www.mueller.at/p/rayher-plastik-buchstaben-perlen-6x6mm-40g-schwarz-2601518/|40 g|Buchstabenperlen-Allerlei. Die kleinen Perlenwürfel mit Buchstabendekor und Fädelloch eignen sich toll für Schnullerketten, Armbänder, Namensketten, Schlüsselanhänger und vieles mehr.PACKUNGSINHALT: 40g||||||||||||||||||||||Non-Organic||||{'manufacturer': 'Rayher Hobby GmbH', 'Herstelleradresse': 'Fockestr. 15 ,88471 Laupheim', 'Inhalt': '40 g', 'Produkttyp': 'Sonstiges'}||||||||||||||0|0|2601518_1.png|https://static.mueller.de/7080681730-PV-0/pdzoom/rayher-plastik-buchstaben-perlen-6x6mm-40g-schwarz.webp|2601518_2.png|https://static.mueller.de/7080681730-PB-1/pdzoom/rayher-plastik-buchstaben-perlen-6x6mm-40g-schwarz.webp||||||||||||||||||||Rayher Hobby GmbH||||||||||40 g|||True||2601518P|||||||||10
2037326|mueller||||||||2024-10-28|BIOTHERM Lait Corporel Deo-Roll-On|BIOTHERM||75|ml|Home|Parfümerie|Pflege|Körperpflege|Deodorants|BIOTHERM Lait Corporel Deo-Roll-On||24,95 €|24,95 €|||||||||||332,67 € / 1 l|||EUR|Home> Parfümerie> Pflege> Körperpflege> Deodorants> BIOTHERM Lait Corporel Deo-Roll-On|https://www.mueller.at/p/biotherm-lait-corporel-deo-roll-on-2037326/|75 ml|Antitranspirant 48h. Mit dem frischen Duft von Zitrusfrüchten der Lait Corporel Linie.||||||||||||||||||||||Non-Organic||||"{'target_group': 'Damen', 'manufacturer': ""L'Oréal Deutschland GmbH"", 'Herstelleradresse': 'Johannstrasse 1, 40476 Düsseldorf', 'Anwendungshinweis': 'Direkt auf die Achseln sanft auftragen.', 'package_contents': '725866 01 - INGREDIENTS: AQUA / WATER / EAU • ALUMINUM CHLOROHYDRATE • CETEARYL ALCOHOL • CETEARETH-33 • PERLITE • VITREOSCILLA FERMENT • CITRUS AURANTIUM DULCIS OIL / ORANGE PEEL OIL • PENTYLENE GLYCOL • DIMETHICONE • BENZYL ALCOHOL • BENZYL SALICYLATE • CITRAL • LIMONENE • LINALOOL • PHENOXYETHANOL • PARFUM / FRAGRANCE (F.I.L. N290533/1).', 'skin_type': 'alle Hauttypen', 'product_property': 'pflegend', 'Inhalt': '75 ml', 'scope_of_application': 'Deodorants', 'Produkttyp': 'Roll on'}"||||||||||||||5.0|2|2037326_1.png|https://static.mueller.de/pdzoom/3614271548351_1ae.webp||||||||||||||||||||||L'Oréal Deutschland GmbH||||||||||75 ml|725866 01 - INGREDIENTS: AQUA / WATER / EAU • ALUMINUM CHLOROHYDRATE • CETEARYL ALCOHOL • CETEARETH-33 • PERLITE • VITREOSCILLA FERMENT • CITRUS AURANTIUM DULCIS OIL / ORANGE PEEL OIL • PENTYLENE GLYCOL • DIMETHICONE • BENZYL ALCOHOL • BENZYL SALICYLATE • CITRAL • LIMONENE • LINALOOL • PHENOXYETHANOL • PARFUM / FRAGRANCE (F.I.L. N290533/1).||True||2037326P|||||||||10
2772760|mueller||||||||2024-10-28|Meine Reise durch Europa - Ausmalen und genießen. 24 Postkarten|-||1|Stk.|Home|Bücher|Hobby|Meine Reise durch Europa - Ausmalen und genießen. 24 Postkarten||||8,00 €|8,00 €||||||||||||||EUR|Home> Bücher> Hobby> Meine Reise durch Europa - Ausmalen und genießen. 24 Postkarten|https://www.mueller.at/p/meine-reise-durch-europa-ausmalen-und-geniessen-24-postkarten-2772760/|1 Stk.|Die Illustratorin Rita Berman hat mit ihren Ausmalbüchern »Spaziergang durch die Jahreszeiten« eine große Fangemeinde gewonnen. Jetzt entführt sie an Sehnsuchtsorte in ganz Europa, malend können so die romantischsten Ecken von Paris, verwinkelte Gassen italienischer Dörfer und die Schönheit Portugals erkundet werden ... Lassen Sie Ihre Phantasie Urlaub machen und entdecken Sie die zwanzig schönsten Ausmalmotive jetzt im Postkartenformat.||||||||||||||||||||||Non-Organic||||"{'genre': 'Kreatives Gestalten|Malen', 'language': 'deutsch', 'publisher': 'Bastei Lübbe Verlag', 'Einband': 'Softcover', 'Inhalt': '1 Stk.', 'ISBN Ausgangsbuch': '9783404617357', 'Produkttyp': 'Freizeit & Hobby', 'page_number': '50'}"||||||||||||||0|0|2772760_1.png|https://static.mueller.de/7024007300-PV-0/pdzoom/meine-reise-durch-europa-ausmalen-und-geniessen-24-postkarten.webp||||||||||||||||||||||||||||||||1 Stk.|||True||2772760P|||||||||10
2365948|mueller||||||||2024-10-28|Mensch (Remastered)|||1|Stk.|Home|Multi-Media|Musik|Pop|Mensch (Remastered)|||9,99 €|9,99 €||||||||||||||EUR|Home> Multi-Media> Musik> Pop> Mensch (Remastered)|https://www.mueller.at/p/mensch-remastered-2365948/|1 Stk.|||||||||||||||||||||||Non-Organic||||{'medium': 'CD', 'Künstler': 'Grönemeyer,Herbert', 'Inhalt': '1 Stk.', 'Anzahl Medien im Artikel': '1', 'genre': 'Pop deutschsprachig', 'Label': 'Before Grö'}||||||||||||||0|0|2365948_1.png|https://static.mueller.de/pdzoom/phononet_5060238634441_pv_5060238634441-0600px-001.webp||||||||||||||||||||||||||||||||1 Stk.|||True||2365948P|||||||||5
310922|mueller||||||||2024-10-28|Clinique Rinse-Off Eye Makeup Solvent|CLINIQUE||125|ml|Home|Parfümerie|Pflege|Gesichtspflege|Reinigung|Make-up-Entferner|Clinique Rinse-Off Eye Makeup Solvent|28,95 €|28,95 €|||||||||||231,60 € / 1 l|||EUR|Home> Parfümerie> Pflege> Gesichtspflege> Reinigung> Make-up-Entferner> Clinique Rinse-Off Eye Makeup Solvent|https://www.mueller.at/p/clinique-rinse-off-eye-makeup-solvent-310922/|125 ml|"Ölfreier Augenmakeup-Entferner. Entfernt alle Produkte schnell, einfach und sanft. Augenärztlich getestet. Für alle Hauttypen.


Unsere Clinique Clean Philosophie  
Einfach. Sicher. Wirksam.  
Entwickelt für optimale Resultate – ohne Hautirritationen.  Allergiegetestet.  
100% Parfumfrei."||||||||||||||||||||||Non-Organic||||{'target_group': 'Damen', 'manufacturer': 'Estée Lauder Companies', 'Herstelleradresse': 'Domagkstr. 10, 80807 München', 'Kontaktmöglichkeit': 'kundenservice@clinique.com', 'Anwendungshinweis': 'Makeup Entferner auf einen Wattepad geben und sanft über Augen und Wimpern streichen, um das Makeup zu entfernen. Danach mit Wasser gründlich abspülen.', 'package_contents': 'Water\\Aqua\\Eau, Peg-32, Butylene Glycol, Disodium Cocoamphodiacetate, Peg-6, Trisodium Edta, Phenoxyethanol <ILN32198>', 'skin_type': 'alle Hauttypen', 'product_property': 'reinigend', 'Inhalt': '125 ml', 'scope_of_application': 'Reinigung', 'Produkttyp': 'Makeup Entferner'}||||||||||||||0|0|310922_1.png|https://static.mueller.de/5549615928-PV-0/pdzoom/clinique-rinse-off-eye-makeup-solvent.webp||||||||||||||||||||||Estée Lauder Companies||||||||||125 ml|Water\Aqua\Eau, Peg-32, Butylene Glycol, Disodium Cocoamphodiacetate, Peg-6, Trisodium Edta, Phenoxyethanol <ILN32198>||False||310922P|||||||||1
310925|mueller||||||||2024-10-28|Bebivita Quetschbeutel Frucht plus Eisen Gartenfrüchte|BEBIVITA||360|g|Home|Drogerie|Kind & Mama|Babynahrung|Beikost|Trinkmahlzeiten|Bebivita Quetschbeutel Frucht plus Eisen Gartenfrüchte|3,45 €|3,45 €|||||||||||9,58 € / 1 kg|||EUR|Home> Drogerie> Kind & Mama> Babynahrung> Beikost> Trinkmahlzeiten> Bebivita Quetschbeutel Frucht plus Eisen Gartenfrüchte|https://www.mueller.at/p/bebivita-quetschbeutel-frucht-plus-eisen-gartenfruechte-310925/|360 g|Bebivita Bärenstark mit Eisen ist die ideale Zwischenmahlzeit oder Nachspeise im praktischen Quetschbeutel, die Spaß macht und schmeckt. Hergestellt zu 100% aus sonnengereiften Früchten. Mit Vitamin C, welches die Abwehrkräfte unterstützt und wichtig für die Eisenaufnahme ist. Die Bärenstark plus Eisen Quetschbeutel sind ohne Zucker und enthalten nur Naturzucker.Es werden nur 100% Frucht Produkte verwendet, welche aus sonnengereiften Früchten hergestellt werden.Die Bärenstark Quetschbeutel sind abJahr geeignet.Eisen ist wichtig für die Blutbildung und die geistige Entwicklung.Die Bärenstark Quetschbeutel sind von Natur aus glutenfrei||Nach dem Öffnen im Kühlschrank einen Tag haltbar.|||||||||{'Nährwerte je': '100  g', 'Brennwert': '214 kj / 51 kcal', 'Fett in g': '0.2 g', '- davon gesättigte Fettsäuren in g': '0.0 g', 'Kohlenhydrate in g': '10.9 g', '- davon Zucker in g': '10.7 g', 'Ballaststoffe in g': '2.0 g', 'Eiweiß in g': '0.3 g', 'Salz in g': '0.05 g'}|||||||||||Non-Organic||||{'Lagerhinweis': 'Nach dem Öffnen im Kühlschrank einen Tag haltbar.', 'manufacturer': 'Bebivita GmbH', 'Herstelleradresse': 'D-85276 REISGANG', 'Kontaktmöglichkeit': 'www.bebivita.de', 'Anwendungshinweis': 'Ideal als Nachspeise oder Teil einer Zwischenmahlzeit. Kind mit einem Löffel füttern oder Püree zum Löffeln lernen anbieten. Wir empfehlen maximal 1–2 Quetschbeutel am Tag zu geben. #Dieses Produkt hat unser Haus in einwandfreiem Zustand verlassen. Bitte achten Sie darauf, dass die Verpackung unversehrt geblieben ist.', 'Inhalt': '360 g', 'Zutaten': 'Früchte 100% (Äpfel, Birnen, Heidelbeeren, Himbeeren), Vitamin C, Eisensulfat.', 'Produkttyp': 'Trinkmahlzeiten'}||||||||||||||0|0|310925_1.png|https://static.mueller.de/markant_04018852016861_pv_4802744/pdzoom/bebivita-quetschbeutel-frucht-plus-eisen-gartenfruechte.webp|310925_2.png|https://static.mueller.de/markant_04018852016861_pd_4798019/pdzoom/bebivita-quetschbeutel-frucht-plus-eisen-gartenfruechte.webp||||||||||||||||||||Bebivita GmbH||||||||||360 g|||True||310925P||||Hinweis: Von Natur aus glutenfrei. #geeignet ab 1 Jahr #Achten Sie auf eine abwechslungsreiche, ausgewogene Ernährung und gesunde Lebensweise. #Wichtig: Häufiges Umspülen der Zähne mit Püree kann schwere Zahnschäden (Karies) verursachen. Deshalb Püree unter Aufsicht, am besten vom Löffel, verzehren lassen. Beutel und Deckel dem Kind nicht zum Nuckeln und Spielen überlassen. #Unter Schutzatmosphäre verpackt.|||||10
310929|mueller||||||||2024-10-28|Clinique Exfoliating Scrub|CLINIQUE||100|ml|Home|Parfümerie|Pflege|Gesichtspflege|Reinigung|Gesichtspeeling|Clinique Exfoliating Scrub|34,95 €|34,95 €|||||||||||349,50 € / 1 l|||EUR|Home> Parfümerie> Pflege> Gesichtspflege> Reinigung> Gesichtspeeling> Clinique Exfoliating Scrub|https://www.mueller.at/p/clinique-exfoliating-scrub-310929/|100 ml|"Ein klärendes Peeling für die ölige Haut. Entfernt schnell und einfach überschüssige Hautschüppchen. Die Haut wirkt wieder feiner, glatter und reiner.


Unsere Clinique Clean Philosophie  
Einfach. Sicher. Wirksam.  
Entwickelt für optimale Resultate – ohne Hautirritationen.  Allergiegetestet.  
100% Parfumfrei."||||||||||||||||||||||Non-Organic||||"{'target_group': 'Damen', 'manufacturer': 'Estée Lauder Companies', 'Herstelleradresse': 'Domagkstr. 10, 80807 München', 'Kontaktmöglichkeit': 'kundenservice@clinique.com', 'Anwendungshinweis': 'Morgens oder abends anwenden. Verteile das Peeling auf der Haut und massiere es sanft ein. Augen- und Lippenpartie aussparen. Danach gründlich mit warmem Wasser abspülen.', 'package_contents': 'Water\\Aqua\\Eau, Glyceryl Stearate, Silica, Hexylene Glycol, Disodium Cocoamphodiacetate, Disodium Oleamido Mipa-Sulfosuccinate, Magnesium Aluminum Silicate, Salicylic Acid, Menthol, Stearamidoethyl Diethylamine, Oleamide Mipa, Trisodium Sulfosuccinate, Sodium Sulfate, Phenoxyethanol, Methylisothiazolinone, Titanium Dioxide (Ci 77891) <ILN41763>', 'skin_type': 'alle Hauttypen', 'product_property': 'klärend|reinigend', 'Inhalt': '100 ml', 'scope_of_application': 'Reinigung', 'Produkttyp': 'Gesichtspeeling'}"||||||||||||||0|0|310929_1.png|https://static.mueller.de/5549590165-PV-0/pdzoom/clinique-exfoliating-scrub.webp||||||||||||||||||||||Estée Lauder Companies||||||||||100 ml|Water\Aqua\Eau, Glyceryl Stearate, Silica, Hexylene Glycol, Disodium Cocoamphodiacetate, Disodium Oleamido Mipa-Sulfosuccinate, Magnesium Aluminum Silicate, Salicylic Acid, Menthol, Stearamidoethyl Diethylamine, Oleamide Mipa, Trisodium Sulfosuccinate, Sodium Sulfate, Phenoxyethanol, Methylisothiazolinone, Titanium Dioxide (Ci 77891) <ILN41763>||True||310929P|||||||||10
2747792|mueller||||||||2024-10-28|Gourmet Berner Grillsauce mit Jalapeñoschoten|GOURMET BERNER||190|ml|Home|Drogerie|Lebensmittel|Nahrung|Saucen|Gourmet Berner Grillsauce mit Jalapeñoschoten||7,95 €|7,95 €|||||||||||41,84 € / 1 l|||EUR|Home> Drogerie> Lebensmittel> Nahrung> Saucen> Gourmet Berner Grillsauce mit Jalapeñoschoten|https://www.mueller.at/p/gourmet-berner-grillsauce-mit-jalapenoschoten-2747792/|190 ml|"Leichte süße kombiniert mit der schärfe der Jalapeño verleiht dieser leckeren Grillsauce ihren Charakter.
Für vegane Ernährung geeignet."|||||Deutschland||||||{'Nährwerte je': '100g', 'Brennwert': '553 kj / 131 kcal', 'Fett in g': '2', '- davon gesättigte Fettsäuren in g': '0.2', 'Kohlenhydrate in g': '25.9', '- davon Zucker in g': '25', 'Eiweiß in g': '1.2', 'Salz in g': '2.61'}|||||||||||Non-Organic||||{'manufacturer': 'Gourmet Berner GmbH', 'Herstelleradresse': 'Bruckwiesenstraße 1, 71384 Weinstadt', 'Herkunftsland': 'Deutschland', 'Inhalt': '190 ml', 'Zutaten': 'Rote Jalapeños 26% (Jalapeñoschoten, Wasser, Branntweinessig, Salz, Stabilisator: Calciumchlorid), Tomatenmark, Zucker, grüne Paprika, Zwiebeln, Salz, Sonnenblumenöl, Gewürze, Verdickungsmittel: Johannisbrotkernmehl, Chili-Extrakt.', 'Produkttyp': 'Ketchup, Saucen & Pesto'}||||||||||||||0|0|2747792_1.png|https://static.mueller.de/6957287038-PV-0/pdzoom/gourmet-berner-grillsauce-mit-jalapenoschoten.webp||||||||||||||||||||||Gourmet Berner GmbH||||||||||190 ml|||True||2747792P|||||||||10
2747794|mueller||||||||2024-10-28|HOME by Berner Dip Gewürze Tom a te & Kräuter a la Garden|HOME BY BERNER||200|g|Home|Drogerie|Lebensmittel|Nahrung|Gewürze|HOME by Berner Dip Gewürze Tom a te & Kräuter a la Garden||13,95 €|13,95 €|||||||||||69,75 € / 1 kg|||EUR|Home> Drogerie> Lebensmittel> Nahrung> Gewürze> HOME by Berner Dip Gewürze Tom a te & Kräuter a la Garden|https://www.mueller.at/p/home-by-berner-dip-gewuerze-tom-a-te-kraeuter-a-la-garden-2747794/|200 g|Leckere,verschiedene Gewürzzubereitungen, perfekt zum Verschenken||Vor Wärme geschützt und trocken lagern.|||Deutschland|||||||||||||||||Non-Organic||||{'Lagerhinweis': 'Vor Wärme geschützt und trocken lagern.', 'manufacturer': 'Home by Berner GmbH', 'Herstelleradresse': 'Boschstraße. 7,  71384 Weinstadt', 'Herkunftsland': 'Deutschland', 'Inhalt': '200 g', 'Zutaten': 'Kräuter a la Garden Dip Zutaten: Meersalz, Dextrose, Maltodextrin aus Mais, Gartenkräuter 16% (Petersilie, Bärlauch, Dill, Schnittlauch, Liebstöckel, Lauch), Zwiebeln, Tomaten, Sonnenblumenöl, Karottenpulver, Kurkuma, Macis, Wacholderbeeren, Nelken. Nährwerte pro 100g: Energie 1173 kJ/280 kcal, Fett 3,3g, davon gesättigte Fettsäuren 0,5g, Kohlenhydrate 57,9g, davon Zucker 34,9g, Eiweiß 3,9g, Salz 22,3g. Cafe de Paris Dip Zutaten: Gewürzmischung (Zwiebeln, Knoblauch, Pfeffer weiß gemahlen, Curcuma, Koriander, Cayenne-Pfeffer, Bockshornklee, Ingwer, Kreuzkümmel), Speisesalz, Maltodextrin aus Mais, Tomatenpulver, Sonnenblumenöl, Säuerungsmittel: Citronensäure. Nährwerte pro 100g: Energie 1182 kJ/283 kcal, Fett 4,1g, davon gesättigte Fettsäuren 0,6g, Kohlenhydrate 47,0g, davon Zucker 34,1g, Eiweiß 8,7g, Salz 21,6g.', 'Produkttyp': 'Gewürze'}||||||||||||||0|0|2747794_1.png|https://static.mueller.de/6958436474-PV-0/pdzoom/home-by-berner-dip-gewuerze-tom-a-te-kraeuter-a-la-garden.webp||||||||||||||||||||||Home by Berner GmbH||||||||||200 g|||True||2747794P|||||||||10
2747795|mueller||||||||2024-10-28|HOME by Berner Dip Gewürze im 3er Pack|HOME BY BERNER||300|g|Home|Drogerie|Lebensmittel|Nahrung|Gewürze|HOME by Berner Dip Gewürze im 3er Pack||19,95 €|19,95 €|||||||||||66,50 € / 1 kg|||EUR|Home> Drogerie> Lebensmittel> Nahrung> Gewürze> HOME by Berner Dip Gewürze im 3er Pack|https://www.mueller.at/p/home-by-berner-dip-gewuerze-im-3er-pack-2747795/|300 g|Leckere, Verschiedene Gewürzzubereitungen, perfekt zum Verschenken||Vor Wärme geschützt und trocken lagern.|||Deutschland|||||||||||||||||Non-Organic||||{'Lagerhinweis': 'Vor Wärme geschützt und trocken lagern.', 'manufacturer': 'Home by Berner GmbH', 'Herstelleradresse': 'Boschstraße. 7,  71384 Weinstadt', 'Herkunftsland': 'Deutschland', 'Inhalt': '300 g', 'Zutaten': 'Tomate Dip Zutaten: Maltodextrin, Meersalz, Dextrose, Gewürzmischung (Paprika, Chillies, Zwiebeln, Jalapeno, Knoblauch, Cumin, Pfeffer, Curcuma, Muskatblüte, Nelken), Tomatenpulver, modifizierte Kartoffelstärke, Sonnenblumenöl, Karottenpulver, Kräutermischung (Petersilie, Lauch, Liebstöckel), Säuerungsmittel: Zitronensäure., Nährwerte pro 100g:, Energie 1088 kJ/260 kcal, Fett 2,2g, davon gesättigte Fettsäuren 0,3g, Kohlenhydrate 53,1g, davon Zucker 33,0g, Eiweiß 6,2g, Salz 24,3g, Kräuter a la Garden Dip Zutaten:, Meersalz, Dextrose, Maltodextrin aus Mais, Gartenkräuter 16% (Petersilie, Bärlauch, Dill, Schnittlauch, Liebstöckel, Lauch), Zwiebeln, Tomaten, Sonnenblumenöl, Karottenpulver, Kurkuma, Macis, Wacholderbeeren, Nelken., Nährwerte pro 100g:, Energie 1173 kJ/280 kcal, Fett 3,3g, davon gesättigte Fettsäuren 0,5g, Kohlenhydrate 57,9g, davon Zucker 34,9g, Eiweiß 3,9g, Salz 22,3g, Cafe de Paris Dip Zutaten:, Gewürzmischung (Zwiebeln, Knoblauch, Pfeffer weiß gemahlen, Curcuma, Koriande', 'Produkttyp': 'Gewürze'}||||||||||||||0|0|2747795_1.png|https://static.mueller.de/6958436540-PV-0/pdzoom/home-by-berner-dip-gewuerze-im-3er-pack.webp||||||||||||||||||||||Home by Berner GmbH||||||||||300 g|||True||2747795P|||||||||4
2747796|mueller||||||||2024-10-28|HOME by Berner Präsentkarton Balsamessig & Olivenöl|HOME BY BERNER||400|ml|Home|Drogerie|Lebensmittel|Nahrung|Essig & Öl|HOME by Berner Präsentkarton Balsamessig & Olivenöl||28,95 €|28,95 €|||||||||||72,38 € / 1 l|||EUR|Home> Drogerie> Lebensmittel> Nahrung> Essig & Öl> HOME by Berner Präsentkarton Balsamessig & Olivenöl|https://www.mueller.at/p/home-by-berner-praesentkarton-balsamessig-olivenoel-2747796/|400 ml|Präsentkarton mit leckerem Öl und Essig||Kühl und dunkel lagern.|||Deutschland|||||||||||||||||Non-Organic||||{'Lagerhinweis': 'Kühl und dunkel lagern.', 'manufacturer': 'Home by Berner GmbH', 'Herstelleradresse': 'Boschstraße. 7,  71384 Weinstadt', 'Herkunftsland': 'Deutschland', 'Inhalt': '400 ml', 'Zutaten': 'A & Ceto Balsamessig Zutaten: Weinessig (Wein, Wasser, Antioxidationsmittel: Schwefeldioxid), konzentrierter Traubenmost (23%), Farbstoff: E150d., O & Live Olivenöl Zutaten:, Olivenöl aus der EU, Erste Güteklasse, Nährwerte pro 100ml: Energie 3404 kJ/828 kcal, Fett 92,0g, davon gesättigte Fettsäuren 7,0g, Kann geringe Mengen von Kohlenhydraten, Zucker, Eiweiß und Salz enthalten.', 'Produkttyp': 'Essig & Öl'}||||||||||||||0|0|2747796_1.png|https://static.mueller.de/6958436615-PV-0/pdzoom/home-by-berner-praesentkarton-balsamessig-olivenoel.webp||||||||||||||||||||||Home by Berner GmbH||||||||||400 ml|||True||2747796P|||||||||10
2747798|mueller||||||||2024-10-28|HOME by Berner Präsentkarton Landöl & Dattel-Feigen Essig|HOME BY BERNER||400|ml|Home|Drogerie|Lebensmittel|Nahrung|Essig & Öl|HOME by Berner Präsentkarton Landöl & Dattel-Feigen Essig||26,95 €|26,95 €|||||||||||67,38 € / 1 l|||EUR|Home> Drogerie> Lebensmittel> Nahrung> Essig & Öl> HOME by Berner Präsentkarton Landöl & Dattel-Feigen Essig|https://www.mueller.at/p/home-by-berner-praesentkarton-landoel-dattel-feigen-essig-2747798/|400 ml|Präsentkarton mit leckerem Öl und Essig||Kühl und dunkel lagern.|||Deutschland|||||||||||||||||Non-Organic||||{'Lagerhinweis': 'Kühl und dunkel lagern.', 'manufacturer': 'Home by Berner GmbH', 'Herstelleradresse': 'Boschstraße. 7,  71384 Weinstadt', 'Herkunftsland': 'Deutschland', 'Inhalt': '400 ml', 'Zutaten': 'Gaumen & Schmaus Landöl Zutaten: Rapsöl, Butteraroma., Nährwerte pro 100ml:, Energie 3404 kJ/828 kcal, Fett 92,0g, davon gesättigte Fettsäuren 7,0g, Kann geringe Mengen von Kohlenhydraten, Zucker, Eiweiß und Salz enthalten., Sterne & Koch Dattel-Feige Balsam Zutaten:, Weißweinessig (45%), Invertzuckersirup, Glukose, Aroma, färbendes Lebensmittel: Caramelsirup., Nährwerte pro 100ml:, Energie 947 kJ/223 kcal, Fett 0g, davon gesättigte Fettsäuren 0g, Kohlenhydrate 51g, davon Zucker 48g, Eiweiß 0g, Salz 0,7g.', 'Produkttyp': 'Essig & Öl'}||||||||||||||5.0|1|2747798_1.png|https://static.mueller.de/6958436578-PV-0/pdzoom/home-by-berner-praesentkarton-landoel-dattel-feigen-essig.webp||||||||||||||||||||||Home by Berner GmbH||||||||||400 ml|||True||2747798P|||||||||10
2747790|mueller||||||||2024-10-28|Gourmet Berner Paprikacrème Pikant|GOURMET BERNER||180|g|Home|Drogerie|Lebensmittel|Nahrung|Brotaufstriche|Herzhafte Brotaufstriche|Gourmet Berner Paprikacrème Pikant|6,95 €|6,95 €|||||||||||38,61 € / 1 kg|||EUR|Home> Drogerie> Lebensmittel> Nahrung> Brotaufstriche> Herzhafte Brotaufstriche> Gourmet Berner Paprikacrème Pikant|https://www.mueller.at/p/gourmet-berner-paprikacreme-pikant-2747790/|180 g|Hochwertiger, pikanter Brotaufstrich aus dem Hause Gourmet Berner. Auch zum dippen und kochen geeignet|||||Deutschland||||||{'Nährwerte je': '100g', 'Brennwert': '1694 kj / 411 kcal', 'Fett in g': '41', '- davon gesättigte Fettsäuren in g': '3.4', 'Kohlenhydrate in g': '5.6', '- davon Zucker in g': '3.9', 'Eiweiß in g': '4', 'Salz in g': '2.5'}|||||||||||Non-Organic||||{'manufacturer': 'Gourmet Berner GmbH & Co. KG', 'Herstelleradresse': 'Boschstr.7 ,71384 Weinstadt', 'Herkunftsland': 'Deutschland', 'Inhalt': '180 g', 'Zutaten': 'Paprika (34%), Rapsöl, Sonnenblumenkerne, Tomaten getrocknet, Tomatenmark, Zitronensaft, Steinsalz, Knoblauch, Chilli, Verdickungsmittel: Johannisbrotkernmehl.', 'Produkttyp': 'Herzhafte Brotaufstriche'}||||||||||||||0|0|2747790_1.png|https://static.mueller.de/6956812620-PV-0/pdzoom/gourmet-berner-paprikacreme-pikant.webp||||||||||||||||||||||Gourmet Berner GmbH & Co. KG||||||||||180 g|||True||2747790P|||||||||10
2390907|mueller||||||||2024-10-28|Silit Silikon Gummiring Ø 22cm|SILIT||1|Stk.|Home|Haushalt|Kochen & Backen|Töpfe|Schnellkochtöpfe|Silit Silikon Gummiring Ø 22cm||20,99 €|20,99 €|20,99 €|17,99 €||||14%|Sie sparen 14%|||||||EUR|Home> Haushalt> Kochen & Backen> Töpfe> Schnellkochtöpfe> Silit Silikon Gummiring Ø 22cm|https://www.mueller.at/p/silit-silikon-gummiring-22cm-2390907/|1 Stk.|"Für die moderne Wellness-Küche sind Schnellkochtöpfe ideal. Sie sparen Zeit und Energie. Vitamine und wertvolle Nährstoffe werden geschont und die Speisen behalten ihre Farbe und den für sie typischen Eigengeschmack. Zum Einsatz kommt ein Sicomatic bei allem, was lange Garzeiten hat wie Fleisch, Suppen oder Eintöpfe. Dieses unkomplizierte, gesunde, aromatische Schnellkochen ist Ihnen über lange Zeit hinweg gesichert. Denn selbst wenn Verschleißteile ausgedient haben, muss der Sicomatic nicht ersetzt werden. Ersatzteile wie Griffe, Sicherheitsventile, Überdrucksicherungen, Dichtungsringe usw. und Zubehör wie Deckel und verschiedene Einsätze sind separat erhältlich. Auch können die Funktionen des Sicomatics® mit Spezialeinsätzen, wie Einsatzkörben erweitert werden.

Passend zu allen Silit Schnellkochtöpfen der Serie Sicomatc econtrol, t-plus, Classic, -L, -SN mit Ø 22 cm
Handwäsche
Hochwertiges Silikon
Für ein dauerhaft perfektes Kochergebnis sollte der Dichtungsring des Schnellkochtopfs alle zwei bis drei Jahre erneuert werden
"||||||||||||||||||||||Non-Organic||||{'Pflegehinweis': 'Handwäsche', 'Gewicht': '53', 'Materialdetails': 'Silikon', 'Material': 'Silikon', 'Durchmesser': '22 cm', 'Inhalt': '1 Stk.'}||||||||Silikon||||||5.0|2|2390907_1.png|https://static.mueller.de/6668483520-PV-0/pdzoom/silit-silikon-gummiring-22cm.webp||||||||||||||||Handwäsche||||||||||||||||1 Stk.|||True||2390907P|||||||||10
799188|mueller||||||||2024-10-28|Amigo Spiele - Wizard Junior|AMIGO||1|Stk.|Home|Spielwaren|Spiele & Puzzles|Spiele|Kartenspiele|Amigo Spiele - Wizard Junior||8,99 €|8,99 €|8,99 €|7,99 €||||11%|Sie sparen 11%|||||||EUR|Home> Spielwaren> Spiele & Puzzles> Spiele> Kartenspiele> Amigo Spiele - Wizard Junior|https://www.mueller.at/p/amigo-spiele-wizard-junior-799188/|1 Stk.|"Basierend auf dem Bestseller WizardVereinfachte Spielregeln und maximaler SpielspassAnsprechende kindgerechte Gestaltung
Taucht in die fabelhafte Welt von 'Wizard Junior' ein, um eure magischen Fähigkeiten auszubauen. übt euch in der Schule für Magie darin, eure ersten Vorhersagen zu treffen. Wer sagt am Ende die richtige Stichzahl voraus und wird somit beste*r Zauberschüler*in?Einfachere Regeln und die kindgerechte Gestaltung sorgen für einen schnellen Spieleinstieg.Der beliebte Bestseller 'Wizard' als Junior-Version für die jüngeren Fans – mit bezaubernden Grafiken!
Spielprinzip:Die Rundenplättchen zeigen, mit wie vielen Karten ihr jede Runde spielt.Ihr bekommt in der ersten Runde eine Karte, in der zweiten Runde zwei Karten, usw.Am Rundenbeginn sagt ihr vorher, wie viele Stiche ihr mit euren Karten gewinnen werdet und nehmt entsprechend viele Vorhersagechips.Die zuerst ausgespielte Farbe muss bedient werden. Wer nicht bedienen kann, muss abwerfen oder trumpfen.Es sind vier Sonderkarten im Spiel: zwei Zauberer und zwei Narrenfrösche. Mit Narrenfröschen vermeidet ihr den Stich, mit einem Zauberer gewinnt ihr ihn.Wenn ihr eure Vorhersage erfüllt, dreht ihr eure Vorhersagechips auf die Punkteseite. Wenn nicht, gebt ihr sie zurück.Wer am Ende die meisten Punktechips hat, gewinnt.
Packungsinhalt:36 Spielkarten40 Vorhersagechips8 Rundenplättchen1 Spielanleitung
Dauer: 20 Min."||||||||8 Jahre||||||||||||||Non-Organic||||"{'Anleitungssprache': 'de', 'target_group': 'Grundschüler|Jugendliche|Erwachsene', 'Artikelnummer des Herstellers': '01903', 'license': 'Amigo Karten- und Würfelspiele', 'Altersempfehlung ab': '8 Jahre', 'Altersempfehlung bis': '12 Jahre', 'Spieldauer in Min.': 'ca. 20 Min', 'Inhalt': '1 Stk.', 'Spieleranzahl': '3-6', 'Genre | Spielmotivation': 'Raten', 'Produkttyp': 'Kartenspiele', 'verschluckbare Magnete': 'Nein'}"||||||||||||||0|0|799188_1.png|https://static.mueller.de/pdzoom/4007396019032.webp|799188_2.png|https://static.mueller.de/pdzoom/4007396019032_3.webp|799188_3.png|https://static.mueller.de/pdzoom/4007396019032_2.webp||||||||||||||||||01903||||||||||1 Stk.|||False||799188P|||||||||1
2904893|mueller||||||||2024-10-28|Die fliegende Windmühle/Zwerg Nase|||1|Stk.|Home|Multi-Media|Filme & TV|Kinderfilme|Die fliegende Windmühle/Zwerg Nase|||4,99 €|4,99 €||||||||||||||EUR|Home> Multi-Media> Filme & TV> Kinderfilme> Die fliegende Windmühle/Zwerg Nase|https://www.mueller.at/p/die-fliegende-windmuehle-zwerg-nase-IPN2904893/|1 Stk.|"""Die fliegende Windmühle""
Das Mädchen Olli und ihre Freunde suchen vor einem Unwetter Schutz in einer alten Windmühle. Dort lebt ein Professor, der viele technische Geräte erfunden hat. Im Labor ist Olli unvorsichtig und drückt auf einen Knopf- und plötzlich startet die Mühle in den Weltraum. Dort erleben die Freunde zahlreiche Abenteuer.
Produktionsjahr: 1981
Laufzeit: 82 Min.
Regie: Günter Rätz

""Zwerg Nase""
Für seinen Spott verzaubert eine Hexe den vorlauten Jakob in einen häßlichen Zwerg, bringt ihm aber das Kochen bei. Jakob wird Meister seines Faches und erster Koch beim Fürsten. Nur das Kräutlein ""Nies-mit-Lust"" kennt er nicht. ""Zwerg Nase"" wurde ausgezeichnet mit dem Prädikat ""Besonders wertvoll"".
Produktionsjahr: 1985
Laufzeit: 38 Min.
Regie: Katja Georgi"||||||||||||||||||||||Non-Organic||||"{'medium': 'DVD', 'manufacturer': 'Edel Music & Entertainment GmbH', 'Bildformat': '4:3', 'Inhalt': '1 Stk.', 'Laufzeit in min (gesamt)': '120', 'Produktionsland': 'DDR', 'Regisseur': 'Günter Rätz,Katja Georgi', 'Special Edition': 'Nein', 'Tonformat-Sprache': 'Deutsch', 'packaging_type': 'Softbox', 'Hauptgenre': 'Kinder|Puppenspiel'}"||||||||||||||0|0|2904893_1.png|https://static.mueller.de/videojakob_4028951192892_pv_563011/pdzoom/die-fliegende-windmuehle-zwerg-nase.webp|2904893_2.png|https://static.mueller.de/pdzoom/videojakob_4028951192892_pr_563011-back.webp||||||||||||||||||||Edel Music & Entertainment GmbH||||||||||1 Stk.|||False||2904893P|||||||||1
61705|mueller||||||||2024-10-28|kinder bueno 2er Riegel|FERRERO||43|g|Home|Drogerie|Lebensmittel|Süßigkeiten|Schokolade|kinder bueno 2er Riegel||1,19 €|1,19 €|||||||||||27,67 € / 1 kg|||EUR|Home> Drogerie> Lebensmittel> Süßigkeiten> Schokolade> kinder bueno 2er Riegel|https://www.mueller.at/p/kinder-bueno-2er-riegel-61705/|43 g|kinder bueno 2er Riegel||Kühl und trocken aufbewahren.|||||||||{'Nährwerte je': '100  g', 'Brennwert': '2384 kj / 572 kcal', 'Fett in g': '37.3 g', '- davon gesättigte Fettsäuren in g': '17.3 g', 'Kohlenhydrate in g': '49.5 g', '- davon Zucker in g': '41.2 g', 'Eiweiß in g': '8.6 g', 'Salz in g': '0.272 g'}|||||||||||Non-Organic||||{'Lagerhinweis': 'Kühl und trocken aufbewahren.', 'manufacturer': 'Ferrero Deutschland GmbH', 'Herstelleradresse': 'DE-60624 Frankfurt am Main (EU)', 'Kontaktmöglichkeit': 'consumerservice@ferrero.com', 'Inhalt': '43 g', 'Zutaten': 'MILCHSCHOKOLADE 31,5 % (Zucker, Kakaobutter, Kakaomasse, MAGERMILCHPULVER, BUTTERREINFETT, Emulgator Lecithine (SOJA), Vanillin), Zucker, Palmöl, WEIZENMEHL, HASELNÜSSE (10,8%), MAGERMILCHPULVER (8,5 %), VOLLMILCHPULVER (5,5 %), Halbbitterschokolade 1,5 % (Zucker, Kakaomasse, Kakaobutter, Emulgator Lecithine (SOJA), Vanillin), fettarmer Kakao, Emulgator Lecithine (SOJA), Backtriebmittel: Natriumhydrogencarbonat, Salz, Vanillin. Gesamtmilchbestandteile im Produkt 19,5 %.', 'Produkttyp': 'Schokoladenartikel'}||||||||||||||5.0|1|61705_1.png|https://static.mueller.de/markant_04008400935225_pv_2661414/pdzoom/kinder-bueno-2er-riegel.webp||||||||||||||||||||||Ferrero Deutschland GmbH||||||||||43 g|||True||61705P|||||||||5
810076|mueller||||||||2024-10-28|Pelikan Deckersatzfarbe karminrot|PELIKAN||1|Stk.|Home|Schreibwaren|Bastelbedarf|Farbkasten|Pelikan Deckersatzfarbe karminrot|||1,49 €|1,49 €||||||||||||||EUR|Home> Schreibwaren> Bastelbedarf> Farbkasten> Pelikan Deckersatzfarbe karminrot|https://www.mueller.at/p/pelikan-deckersatzfarbe-karminrot-810076/|1 Stk.|Pelikan Deck-Ersatzfarbe für Farbkästen. Hochergiebig und farbbrillant, lichtechte Pigmente, starke Deckkraft. In silbergrauen Farbschälchen.||||||||||||||||||||||Non-Organic||||{'Inhalt': '1 Stk.', 'Produkttyp': 'Farbkasten'}||||||||||||||0|0|810076_1.png|https://static.mueller.de/6766922512-PV-0/pdzoom/pelikan-deckersatzfarbe-karminrot.webp||||||||||||||||||||||||||||||||1 Stk.|||True||810076P|||||||||10
2747771|mueller||||||||2024-10-28|Gourmet Berner Apfel-Mangosaft|GOURMET BERNER||0.74|l|Home|Drogerie|Lebensmittel|Getränke|Säfte, Smoothies & Schorlen|Gourmet Berner Apfel-Mangosaft||6,95 €|6,95 €|||||||||||9,39 € / 1 l|||EUR|Home> Drogerie> Lebensmittel> Getränke> Säfte, Smoothies & Schorlen> Gourmet Berner Apfel-Mangosaft|https://www.mueller.at/p/gourmet-berner-apfel-mangosaft-2747771/|0.74 l|"Die milden Mangos für diesen sonnen-
verwöhnten Direktsaft wachsen in Indien. Mit unserem naturtrüben Apfelsaft vom Albtrauf verbinden sie sich zu einem wunderbar exotischen Geschmackserlebnis."|||||Deutschland||||||{'Nährwerte je': '100g', 'Brennwert': '212 kj / 50 kcal', 'Fett in g': '0.19', '- davon gesättigte Fettsäuren in g': '<0,23', 'Kohlenhydrate in g': '11.5', '- davon Zucker in g': '11.1', 'Eiweiß in g': '0.25', 'Salz in g': '<0,008'}|||||||||||Non-Organic||||{'manufacturer': 'Gourmet Berner GmbH', 'Herstelleradresse': 'Bruckwiesenstraße 1, 71384 Weinstadt', 'Herkunftsland': 'Deutschland', 'Inhalt': '0.74 l', 'Zutaten': 'Apfelsaft (70%), Mangomark (30%).', 'Produkttyp': 'Säfte'}||||||||||||||0|0|2747771_1.png|https://static.mueller.de/6957286909-PV-0/pdzoom/gourmet-berner-apfel-mangosaft.webp||||||||||||||||||||||Gourmet Berner GmbH||||||||||0.74 l|||True||2747771P|||||||||10
810077|mueller||||||||2024-10-28|Pelikan Deckersatzfarbe fleischfarbe|PELIKAN||1|Stk.|Home|Schreibwaren|Bastelbedarf|Farbkasten|Pelikan Deckersatzfarbe fleischfarbe|||1,49 €|1,49 €||||||||||||||EUR|Home> Schreibwaren> Bastelbedarf> Farbkasten> Pelikan Deckersatzfarbe fleischfarbe|https://www.mueller.at/p/pelikan-deckersatzfarbe-fleischfarbe-810077/|1 Stk.|Pelikan Deck-Ersatzfarbe für Farbkästen. Hochergiebig und farbbrillant, lichtechte Pigmente, starke Deckkraft. In silbergrauen Farbschälchen.||||||||||||||||||||||Non-Organic||||{'Inhalt': '1 Stk.', 'Produkttyp': 'Farbkasten'}||||||||||||||0|0|810077_1.png|https://static.mueller.de/6766922440-PV-0/pdzoom/pelikan-deckersatzfarbe-fleischfarbe.webp||||||||||||||||||||||||||||||||1 Stk.|||True||810077P|||||||||10
810078|mueller||||||||2024-10-28|Pelikan Deckersatzfarbe magentarot|PELIKAN||1|Stk.|Home|Schreibwaren|Bastelbedarf|Farbkasten|Pelikan Deckersatzfarbe magentarot|||1,49 €|1,49 €||||||||||||||EUR|Home> Schreibwaren> Bastelbedarf> Farbkasten> Pelikan Deckersatzfarbe magentarot|https://www.mueller.at/p/pelikan-deckersatzfarbe-magentarot-810078/|1 Stk.|Pelikan Deck-Ersatzfarbe für Farbkästen. Hochergiebig und farbbrillant, lichtechte Pigmente, starke Deckkraft. In silbergrauen Farbschälchen.||||||||||||||||||||||Non-Organic||||{'Inhalt': '1 Stk.', 'Produkttyp': 'Farbkasten'}||||||||||||||0|0|810078_1.png|https://static.mueller.de/6485925490-PV-0/pdzoom/pelikan-deckersatzfarbe-magentarot.webp||||||||||||||||||||||||||||||||1 Stk.|||True||810078P|||||||||10
810079|mueller||||||||2024-10-28|Pelikan Deckersatzfarbe zinnoberrot|PELIKAN||1|Stk.|Home|Schreibwaren|Bastelbedarf|Farbkasten|Pelikan Deckersatzfarbe zinnoberrot|||1,49 €|1,49 €||||||||||||||EUR|Home> Schreibwaren> Bastelbedarf> Farbkasten> Pelikan Deckersatzfarbe zinnoberrot|https://www.mueller.at/p/pelikan-deckersatzfarbe-zinnoberrot-810079/|1 Stk.|Pelikan Deck-Ersatzfarbe für Farbkästen. Hochergiebig und farbbrillant, lichtechte Pigmente, starke Deckkraft. In silbergrauen Farbschälchen.||||||||||||||||||||||Non-Organic||||{'Inhalt': '1 Stk.', 'Produkttyp': 'Farbkasten'}||||||||||||||0|0|810079_1.png|https://static.mueller.de/6766923287-PV-0/pdzoom/pelikan-deckersatzfarbe-zinnoberrot.webp||||||||||||||||||||||||||||||||1 Stk.|||True||810079P|||||||||10
2747773|mueller||||||||2024-10-28|Gourmet Berner Marillen Nektar|GOURMET BERNER||0.74|l|Home|Drogerie|Lebensmittel|Getränke|Säfte, Smoothies & Schorlen|Gourmet Berner Marillen Nektar||6,95 €|6,95 €|||||||||||9,39 € / 1 l|||EUR|Home> Drogerie> Lebensmittel> Getränke> Säfte, Smoothies & Schorlen> Gourmet Berner Marillen Nektar|https://www.mueller.at/p/gourmet-berner-marillen-nektar-2747773/|0.74 l|"Die Marille ist eine süß-saftige Frucht, die die Sonne des Südens einfängt. Durch die Verwendung
vollreifer, aromatischer Früchte bewahrt man den ganzen voll-
mundigen Fruchtgenuss für diesen leckeren Nektar."|||||Deutschland||||||{'Nährwerte je': '100ml', 'Brennwert': '230 kj / 55 kcal', 'Fett in g': '0.04', '- davon gesättigte Fettsäuren in g': '1.2', 'Kohlenhydrate in g': '12.8', '- davon Zucker in g': '12.6', 'Eiweiß in g': '0.36', 'Salz in g': '2E-3'}|||||||||||Non-Organic||||{'manufacturer': 'Gourmet Berner GmbH', 'Herstelleradresse': 'Bruckwiesenstraße 1, 71384 Weinstadt', 'Herkunftsland': 'Deutschland', 'Inhalt': '0.74 l', 'Zutaten': 'Wasser, Marillenmark, Zucker,\nAntioxidationsmittel: Ascorbinsäure.\nFruchtgehalt: mindestens 40%', 'Produkttyp': 'Säfte'}||||||||||||||0|0|2747773_1.png|https://static.mueller.de/6956507988-PV-0/pdzoom/gourmet-berner-marillen-nektar.webp||||||||||||||||||||||Gourmet Berner GmbH||||||||||0.74 l|||True||2747773P|||||||||10
2640976|mueller||||||||2024-10-28|Goki Spielgeld 51853|GOKI||1|Stk.|Home|Spielwaren|Baby & Kleinkind|Kleinkindspielzeug|Goki Spielgeld  51853|||5,99 €|5,99 €||||||||||||||EUR|Home> Spielwaren> Baby & Kleinkind> Kleinkindspielzeug> Goki Spielgeld  51853|https://www.mueller.at/p/goki-spielgeld-51853-2640976/|1 Stk.|Was wäre ein Kaufmannsladen ohne Geld? Die 84 Banknoten und 32 Münzen aus Papier und Kunststoff sind in Form und Farbe dem Euro angepasst.||||||||3 Jahre||||||||||||||Non-Organic||||{'target_group': 'Kleinkinder', 'Artikelnummer des Herstellers': '51853', 'license': 'goki goki', 'Altersempfehlung ab': '3 Jahre', 'Inhalt': '1 Stk.', 'Produkttyp': 'Kindergarten'}||||||||||||||0|0|2640976_1.png|https://static.mueller.de/6918053820-PV-0/pdzoom/goki-spielgeld-51853.webp||||||||||||||||||||||51853||||||||||1 Stk.|||True||2640976P|||||||||5
2640978|mueller||||||||2024-10-28|Goki Signalkelle 62995|GOKI||1|Stk.|Home|Spielwaren|Baby & Kleinkind|Kleinkindspielzeug|Goki Signalkelle  62995|||5,99 €|5,99 €||||||||||||||EUR|Home> Spielwaren> Baby & Kleinkind> Kleinkindspielzeug> Goki Signalkelle  62995|https://www.mueller.at/p/goki-signalkelle-62995-2640978/|1 Stk.|Vorsicht an der Bahnsteigkante! Für alle kleinen Zugführer.||||||||3 Jahre||||||||||||||Non-Organic||||{'target_group': 'Kleinkinder', 'Artikelnummer des Herstellers': '62995', 'license': 'goki goki', 'Altersempfehlung ab': '3 Jahre', 'Inhalt': '1 Stk.', 'Produkttyp': 'Kindergarten'}||||||||||||||0|0|2640978_1.png|https://static.mueller.de/6918053821-PV-0/pdzoom/goki-signalkelle-62995.webp|2640978_2.png|https://static.mueller.de/6918053821-PB-1/pdzoom/goki-signalkelle-62995.webp||||||||||||||||||||62995||||||||||1 Stk.|||True||2640978P|||||||||7
2904885|mueller||||||||2024-10-28|Simba - Disney Wish Stern Plüsch Schlüsselanhänger|SIMBA||1|Stk.|Home|Spielwaren|Kostüme & Partyartikel|Trends|Simba - Disney Wish Stern Plüsch Schlüsselanhänger|||7,99 €|7,99 €||||||||||||||EUR|Home> Spielwaren> Kostüme & Partyartikel> Trends> Simba - Disney Wish Stern Plüsch Schlüsselanhänger|https://www.mueller.at/p/simba-disney-wish-stern-pluesch-schluesselanhaenger-IPN2904885/|1 Stk.|Schlüsselanhänger, 10cm||||||||3 Jahre||||||||||||||Non-Organic||||"{'target_group': 'Kindergartenkinder|Grundschüler', 'Artikelnummer des Herstellers': '6315877047', 'Altersempfehlung ab': '3 Jahre', 'Inhalt': '1 Stk.', 'Produkttyp': 'Kleinspielzeug'}"||||||||||||||5.0|1|2904885_1.png|https://static.mueller.de/pdzoom/5400868024029.webp||||||||||||||||||||||6315877047||||||||||1 Stk.|||True||2904885P|||||||||10
153837|mueller||||||||2024-10-28|JAXON Skizzenblock A4|JAXON||1|Stk.|Home|Schreibwaren|Bastelbedarf|Papier & Karton|JAXON Skizzenblock A4|||9,99 €|9,99 €||||||||||||||EUR|Home> Schreibwaren> Bastelbedarf> Papier & Karton> JAXON Skizzenblock A4|https://www.mueller.at/p/jaxon-skizzenblock-a4-153837/|1 Stk.|Der Skizzenblock von JAXON ist das ideale Papier  für Zeichnungen mit Aquarellstiften, Wachsmalkreiden und anderen Soft- und Öl-Pastellkreiden.  Der Block bietet 50Blatt  120 g/qm schweres Papier im Format 24 x 32cm, säurefrei, pH-neutral und alterungsbeständig an der Kopfseite geleimt.||||||||||||||||||||||Non-Organic||||{'Inhalt': '1 Stk.', 'Produkttyp': 'Malpapier'}||||||||||||||0|0|153837_1.png|https://static.mueller.de/5920437760-PV-0/pdzoom/jaxon-skizzenblock-a4.webp||||||||||||||||||||||||||||||||1 Stk.|||True||153837P|||||||||10
810074|mueller||||||||2024-10-28|Pelikan Deckersatzfarbe schwarz|PELIKAN||1|Stk.|Home|Schreibwaren|Bastelbedarf|Farbkasten|Pelikan Deckersatzfarbe schwarz|||1,49 €|1,49 €||||||||||||||EUR|Home> Schreibwaren> Bastelbedarf> Farbkasten> Pelikan Deckersatzfarbe schwarz|https://www.mueller.at/p/pelikan-deckersatzfarbe-schwarz-810074/|1 Stk.|Pelikan Deck-Ersatzfarbe für Farbkästen. Hochergiebig und farbbrillant, lichtechte Pigmente, starke Deckkraft. In silbergrauen Farbschälchen.||||||||||||||||||||||Non-Organic||||{'Inhalt': '1 Stk.', 'Produkttyp': 'Farbkasten'}||||||||||||||0|0|810074_1.png|https://static.mueller.de/6766922476-PV-0/pdzoom/pelikan-deckersatzfarbe-schwarz.webp||||||||||||||||||||||||||||||||1 Stk.|||True||810074P|||||||||10
2904889|mueller||||||||2024-10-28|URTEKRAM Duftfreie 2-in-1 Tages- & Nachtcreme|URTEKRAM||50|ml|Home|Naturshop|Pflege|Gesichtspflege|Spezialpflege|24h-Pflege|URTEKRAM Duftfreie 2-in-1 Tages- & Nachtcreme|9,99 €|9,99 €|||||||||||199,80 € / 1 l|||EUR|Home> Naturshop> Pflege> Gesichtspflege> Spezialpflege> 24h-Pflege> URTEKRAM Duftfreie 2-in-1 Tages- & Nachtcreme|https://www.mueller.at/p/urtekram-duftfreie-2-in-1-tages-nachtcreme-IPN2904889/|50 ml|"Die duftfreie Fragrance Free 2-in1-Day & Night Cream hilft empfindlicher Haut in Balance zu bleiben und pflegt sie seidig-weich. Bio-Aloe Vera, Hyaluronsäure und Bio-Kokosöl versorgen die Haut mit wertvoller Feuchtigkeit und unterstützen dabei, die Elastizität der Haut zu erhalten und feine Linien zu reduzieren. Allergy certified. Für frische, gesund aussehende Haut. - duftfreie 2-in-1 Tages- und Nachtcreme - mit Bio-Aloe Vera, Hyaluronsäure und Bio-Kokosöl - mit Inhaltsstoffen zu 100 % natürlichen Ursprungs - 100 % vegan und tierversuchsfrei (Veganblume) - ohne Duftstoffe, für Allergiker geeignet. Entdecke weitere Pflegeprodukte der Mindful Beauty Kollektion Find Balance | Fragrance Free - die duftfreie Sensitiv-Pflege: Die milde Fragrance Free Pflegelinie wurde gänzlich ohne Duftstoffe entwickelt und hilft sensibler Haut und Kopfhaut, wieder ins Gleichgewicht zu finden. Allergy Certified. Das macht Produkte von Urtekram besonders: - dänische, zertifizierte Natur- und Biokosmetik nach Ecocert Cosmos Organic Standard - 100 % vegan und tierversuchsfrei (Veganblume) - ohne Mikroplastik, Parabene und synthetische Konservierungsstoffe - mit 100 % biologisch abbaubaren Inhaltsstoffen."||||||||||||||||||||||Non-Organic||||"{'target_group': 'Damen|Herren|Unisex', 'Herstelleradresse': 'DK-9550 Mariager', 'Kontaktmöglichkeit': 'info@davert.de', 'Anwendungshinweis': 'Ein bis zwei Pumpstöße morgens und abends nach der Reinigung auf Gesicht, Hals und Dekolleté auftragen.', 'package_contents': 'Aloe Barbadensis Leaf Extract*, Propanediol, Cocos Nucifera Oil*, Cetearyl Alcohol, Zea Mays Starch*, Prunus Amygdalus Dulcis Oil*, C15-19 Alkane, Butyrospermum Parkii Butter*, Polyglyceryl-3 Dicitrate/Stearate, Glyceryl Stearate SE, Silica, Sodium Hyaluronate, Stearyl Glycyrrhetinate, Xanthan Gum, Sodium Gluconate, Tocopherol, Lactic Acid, Sodium Hydroxide, Aqua, Glyceryl Caprylate, Glyceryl Undecylenate. (* = ingredient from organic farming)', 'skin_type': 'empfindliche Haut', 'Inhalt': '50 ml', 'scope_of_application': 'Spezialpflege', 'Produkttyp': '24h-Pflege'}"||||||||||||||0|0|2904889_1.png|https://static.mueller.de/pdzoom/5701058012759.webp||||||||||||||||||||||DK-9550 Mariager||||||||||50 ml|Aloe Barbadensis Leaf Extract*, Propanediol, Cocos Nucifera Oil*, Cetearyl Alcohol, Zea Mays Starch*, Prunus Amygdalus Dulcis Oil*, C15-19 Alkane, Butyrospermum Parkii Butter*, Polyglyceryl-3 Dicitrate/Stearate, Glyceryl Stearate SE, Silica, Sodium Hyaluronate, Stearyl Glycyrrhetinate, Xanthan Gum, Sodium Gluconate, Tocopherol, Lactic Acid, Sodium Hydroxide, Aqua, Glyceryl Caprylate, Glyceryl Undecylenate. (* = ingredient from organic farming)||True||2904889P|||||||||10
442798|mueller||||||||2024-10-28|Human|||1|Stk.|Home|Multi-Media|Musik|Rock|Human|||7,99 €|7,99 €||||||||||||||EUR|Home> Multi-Media> Musik> Rock> Human|https://www.mueller.at/p/human-442798/|1 Stk.|||||||||||||||||||||||Non-Organic||||{'medium': 'CD', 'Künstler': 'Three Days Grace', 'Inhalt': '1 Stk.', 'Anzahl Medien im Artikel': '1', 'genre': 'Rock international', 'Label': 'SONY MUSIC'}||||||||||||||0|0|442798_1.png|https://static.mueller.de/pdzoom/phononet_0888430980822_pv_0888430980822-0600px-001.webp|442798_2.png|https://static.mueller.de/pdzoom/phononet_0888430980822_pr_0888430980822-0600px-002.webp|442798_3.png|https://static.mueller.de/486759945-PR-1/pdzoom/human.webp||||||||||||||||||||||||||||1 Stk.|||True||442798P|||||||||5
2747781|mueller||||||||2024-10-28|Gourmet Berner Ugo Arrabbiata|GOURMET BERNER||180|g|Home|Drogerie|Lebensmittel|Nahrung|Saucen|Gourmet Berner Ugo Arrabbiata||4,95 €|4,95 €|||||||||||27,50 € / 1 kg|||EUR|Home> Drogerie> Lebensmittel> Nahrung> Saucen> Gourmet Berner Ugo Arrabbiata|https://www.mueller.at/p/gourmet-berner-ugo-arrabbiata-2747781/|180 g|Scharfe Tomatensoße für Pasta und Fleischgerichte. Nach traditionellem italienischen Rezept.||Nach dem Öffnen im Kühlschrank aufbewahren.|||Deutschland||||||{'Nährwerte je': '100g', 'Brennwert': '284 kj / 68 kcal', 'Fett in g': '4.44', '- davon gesättigte Fettsäuren in g': '0.8', 'Kohlenhydrate in g': '5.7', '- davon Zucker in g': '2.9', 'Eiweiß in g': '1.4', 'Salz in g': '0.4'}|||||||||||Non-Organic||||{'Lagerhinweis': 'Nach dem Öffnen im Kühlschrank aufbewahren.', 'manufacturer': 'Gourmet Berner GmbH', 'Herstelleradresse': 'Bruckwiesenstraße 1, 71384 Weinstadt', 'Herkunftsland': 'Deutschland', 'Inhalt': '180 g', 'Zutaten': 'Tomatensauce (Tomaten, Säuerungsmittel:\nCitronensäure), Paprika scharf (1%), Sonnenblumenöl, Gewürze (Oregano, Petersilie, Chili 1%), Knoblauch, Salz, Antioxidationsmittel (Ascorbinsäure, Citronensäure), Konservierungsstoff: Kaliumsorbat.', 'Produkttyp': 'Ketchup, Saucen & Pesto'}||||||||||||||0|0|2747781_1.png|https://static.mueller.de/6958436112-PV-0/pdzoom/gourmet-berner-ugo-arrabbiata.webp||||||||||||||||||||||Gourmet Berner GmbH||||||||||180 g|||True||2747781P|||||||||10
810087|mueller||||||||2024-10-28|Pelikan Deckersatzfarbe violett|PELIKAN||1|Stk.|Home|Schreibwaren|Bastelbedarf|Farbkasten|Pelikan Deckersatzfarbe violett|||1,49 €|1,49 €||||||||||||||EUR|Home> Schreibwaren> Bastelbedarf> Farbkasten> Pelikan Deckersatzfarbe violett|https://www.mueller.at/p/pelikan-deckersatzfarbe-violett-810087/|1 Stk.|Pelikan Deck-Ersatzfarbe für Farbkästen. Hochergiebig und farbbrillant, lichtechte Pigmente, starke Deckkraft. In silbergrauen Farbschälchen.||||||||||||||||||||||Non-Organic||||{'Inhalt': '1 Stk.', 'Produkttyp': 'Farbkasten'}||||||||||||||0|0|810087_1.png|https://static.mueller.de/6658635050-PV-0/pdzoom/pelikan-deckersatzfarbe-violett.webp||||||||||||||||||||||||||||||||1 Stk.|||True||810087P|||||||||10
810088|mueller||||||||2024-10-28|Pelikan Deckersatzfarbe preussisch blau|PELIKAN||1|Stk.|Home|Schreibwaren|Bastelbedarf|Farbkasten|Pelikan Deckersatzfarbe preussisch blau|||1,49 €|1,49 €||||||||||||||EUR|Home> Schreibwaren> Bastelbedarf> Farbkasten> Pelikan Deckersatzfarbe preussisch blau|https://www.mueller.at/p/pelikan-deckersatzfarbe-preussisch-blau-810088/|1 Stk.|Pelikan Deck-Ersatzfarbe für Farbkästen. Hochergiebig und farbbrillant, lichtechte Pigmente, starke Deckkraft. In silbergrauen Farbschälchen.||||||||||||||||||||||Non-Organic||||{'Inhalt': '1 Stk.', 'Produkttyp': 'Farbkasten'}||||||||||||||0|0|810088_1.png|https://static.mueller.de/6766923251-PV-0/pdzoom/pelikan-deckersatzfarbe-preussisch-blau.webp||||||||||||||||||||||||||||||||1 Stk.|||True||810088P|||||||||10
2747783|mueller||||||||2024-10-28|Gourmet Berner Pesto Rosso|GOURMET BERNER||180|g|Home|Drogerie|Lebensmittel|Nahrung|Saucen|Gourmet Berner Pesto Rosso||6,95 €|6,95 €|||||||||||38,61 € / 1 kg|||EUR|Home> Drogerie> Lebensmittel> Nahrung> Saucen> Gourmet Berner Pesto Rosso|https://www.mueller.at/p/gourmet-berner-pesto-rosso-2747783/|180 g|Tomatensauce nach einem italienischen Originalrezept|||||Deutschland|MILCH, EI, SOJA, NÜSSE|||||{'Nährwerte je': '100g', 'Brennwert': '1625 kj / 394 kcal', 'Fett in g': '38.4', '- davon gesättigte Fettsäuren in g': '6', 'Kohlenhydrate in g': '5.7', '- davon Zucker in g': '5.6', 'Eiweiß in g': '4.9', 'Salz in g': '1.6'}|||||||||||Non-Organic||||{'manufacturer': 'Gourmet Berner GmbH & Co. KG', 'Herstelleradresse': 'Boschstr.7 ,71384 Weinstadt', 'Herkunftsland': 'Deutschland', 'Allergenhinweis': 'MILCH, EI, SOJA, NÜSSE', 'Inhalt': '180 g', 'Zutaten': 'Halbkonzentriertes Tomatenmark 38,2%, Sonnenblumenöl, CASHEWNÜSSE, sonnengetrocknete Tomaten 7 %, KÄSE (MILCH, Salz, Lab) GRANA PADANO KÄSE (enthält MILCH und LYSOZYM aus EIERN), Basilikum, Salz, natives Olivenöl extra, Knoblauch, Emulgator (SOJALECITHIN), Säureregulator: Zitronensäure, Chilischote.', 'Produkttyp': 'Ketchup, Saucen & Pesto'}||||||||||||||0|0|2747783_1.png|https://static.mueller.de/6958436196-PV-0/pdzoom/gourmet-berner-pesto-rosso.webp||||||||||||||||||||||Gourmet Berner GmbH & Co. KG||||||||||180 g|||True||2747783P|||||||||10
810089|mueller||||||||2024-10-28|Pelikan Deckersatzfarbe ultramarinblau|PELIKAN||1|Stk.|Home|Schreibwaren|Bastelbedarf|Farbkasten|Pelikan Deckersatzfarbe ultramarinblau|||1,49 €|1,49 €||||||||||||||EUR|Home> Schreibwaren> Bastelbedarf> Farbkasten> Pelikan Deckersatzfarbe ultramarinblau|https://www.mueller.at/p/pelikan-deckersatzfarbe-ultramarinblau-810089/|1 Stk.|Pelikan Deck-Ersatzfarbe für Farbkästen. Hochergiebig und farbbrillant, lichtechte Pigmente, starke Deckkraft. In silbergrauen Farbschälchen.||||||||||||||||||||||Non-Organic||||{'Inhalt': '1 Stk.', 'Produkttyp': 'Farbkasten'}||||||||||||||0|0|810089_1.png|https://static.mueller.de/6485926035-PV-0/pdzoom/pelikan-deckersatzfarbe-ultramarinblau.webp||||||||||||||||||||||||||||||||1 Stk.|||True||810089P|||||||||10
2640983|mueller||||||||2024-10-28|Goki Kinderkehrschaufel, Handfeger und Besen 15430|GOKI||1|Stk.|Home|Spielwaren|Baby & Kleinkind|Kleinkindspielzeug|Goki Kinderkehrschaufel, Handfeger und Besen  15430|||8,99 €|8,99 €||||||||||||||EUR|Home> Spielwaren> Baby & Kleinkind> Kleinkindspielzeug> Goki Kinderkehrschaufel, Handfeger und Besen  15430|https://www.mueller.at/p/goki-kinderkehrschaufel-handfeger-und-besen-15430-2640983/|1 Stk.|Das farbenfrohe Set - bestehend aus Besen, Kehrschaufel und Handfeger - legt den Grundstein für eine tatkräftige Unterstützung bei der Haus- und Gartenarbeit.||||||||3 Jahre||||||||||||||Non-Organic||||{'target_group': 'Kleinkinder', 'Artikelnummer des Herstellers': '15430', 'license': 'goki Saisonartikel  Herbst', 'Altersempfehlung ab': '3 Jahre', 'Inhalt': '1 Stk.', 'Produkttyp': 'Kindergarten'}||||||||||||||0|0|2640983_1.png|https://static.mueller.de/6918053823-PV-0/pdzoom/goki-kinderkehrschaufel-handfeger-und-besen-15430.webp||||||||||||||||||||||15430||||||||||1 Stk.|||True||2640983P|||||||||3
2747786|mueller||||||||2024-10-28|Gourmet Berner Sugo al Basilico|GOURMET BERNER||180|g|Home|Drogerie|Lebensmittel|Nahrung|Essig & Öl|Gourmet Berner Sugo al Basilico||4,95 €|4,95 €|||||||||||27,50 € / 1 kg|||EUR|Home> Drogerie> Lebensmittel> Nahrung> Essig & Öl> Gourmet Berner Sugo al Basilico|https://www.mueller.at/p/gourmet-berner-sugo-al-basilico-2747786/|180 g|Sugo al Basilico aus dem Hause Berner, nach orginalem Italienischen Rezept.||Nach dem Öffnen im Kühlschrank aufbewahren.|||Deutschland||||||{'Nährwerte je': '100g', 'Brennwert': '268 kj / 64 kcal', 'Fett in g': '3.7', '- davon gesättigte Fettsäuren in g': '0.5', 'Kohlenhydrate in g': '4.5', '- davon Zucker in g': '3.6', 'Eiweiß in g': '1.3', 'Salz in g': '0.5'}|||||||||||Non-Organic||||{'Lagerhinweis': 'Nach dem Öffnen im Kühlschrank aufbewahren.', 'manufacturer': 'Gourmet Berner GmbH', 'Herstelleradresse': '71384 Weinstadt', 'Herkunftsland': 'Deutschland', 'Inhalt': '180 g', 'Zutaten': 'Tomatensauce (Tomaten, Säuerungsmittel: Citronensäure), Sonnenblumenöl, getrockneter Basilikum (5%), Salz, getrocknete Zwiebeln, Antioxidationsmittel (Ascorbinsäure, Citronensäure), Konservierungsstoff: Kaliumsorbat.', 'Produkttyp': 'Essig & Öl'}||||||||||||||0|0|2747786_1.png|https://static.mueller.de/6958436271-PV-0/pdzoom/gourmet-berner-sugo-al-basilico.webp||||||||||||||||||||||Gourmet Berner GmbH||||||||||180 g|||True||2747786P|||||||||10
2640985|mueller||||||||2024-10-28|Goki Kinderkehrschaufel, Handfeger und Besen 15349|GOKI||1|Stk.|Home|Spielwaren|Baby & Kleinkind|Kleinkindspielzeug|Goki Kinderkehrschaufel, Handfeger und Besen  15349|||8,99 €|8,99 €||||||||||||||EUR|Home> Spielwaren> Baby & Kleinkind> Kleinkindspielzeug> Goki Kinderkehrschaufel, Handfeger und Besen  15349|https://www.mueller.at/p/goki-kinderkehrschaufel-handfeger-und-besen-15349-2640985/|1 Stk.|Das farbenfrohe Set - bestehend aus Besen, Kehrschaufel und Handfeger - legt den Grundstein für eine tatkräftige Unterstützung bei der Haus- und Gartenarbeit.||||||||3 Jahre||||||||||||||Non-Organic||||{'target_group': 'Kleinkinder', 'Artikelnummer des Herstellers': '15349', 'license': 'goki Saisonartikel  Herbst', 'Altersempfehlung ab': '3 Jahre', 'Inhalt': '1 Stk.', 'Produkttyp': 'Kindergarten'}||||||||||||||5.0|1|2640985_1.png|https://static.mueller.de/6918053824-PV-0/pdzoom/goki-kinderkehrschaufel-handfeger-und-besen-15349.webp||||||||||||||||||||||15349||||||||||1 Stk.|||True||2640985P|||||||||2
2747788|mueller||||||||2024-10-28|Gourmet Berner Rucola Pesto|GOURMET BERNER||180|g|Home|Drogerie|Lebensmittel|Nahrung|Saucen|Gourmet Berner Rucola Pesto||7,95 €|7,95 €|||||||||||44,17 € / 1 kg|||EUR|Home> Drogerie> Lebensmittel> Nahrung> Saucen> Gourmet Berner Rucola Pesto|https://www.mueller.at/p/gourmet-berner-rucola-pesto-2747788/|180 g|Italienische Spezialität mit frischem Rucola|||||Deutschland|CASHEWKERNE|||||{'Nährwerte je': '100g', 'Brennwert': '2154 kj / 522 kcal', 'Fett in g': '51', '- davon gesättigte Fettsäuren in g': '7.9', 'Kohlenhydrate in g': '9.4', '- davon Zucker in g': '2.3', 'Eiweiß in g': '5.7', 'Salz in g': '4.9'}|||||||||||Non-Organic||||{'manufacturer': 'Gourmet Berner GmbH & Co. KG', 'Herstelleradresse': 'Boschstr.7 ,71384 Weinstadt', 'Herkunftsland': 'Deutschland', 'Allergenhinweis': 'CASHEWKERNE', 'Inhalt': '180 g', 'Zutaten': 'Olivenöl, Rucola (29%), CASHEWKERNE, natives Olivenöl extra, Salz, Pinienkerne, Säuerungsmittel: E270.', 'Produkttyp': 'Ketchup, Saucen & Pesto'}||||||||||||||0|0|2747788_1.png|https://static.mueller.de/6958436324-PV-0/pdzoom/gourmet-berner-rucola-pesto.webp||||||||||||||||||||||Gourmet Berner GmbH & Co. KG||||||||||180 g|||True||2747788P|||||||||10
2904872|mueller||||||||2024-10-28|Simba - Feuerwehrmann Sam - Swift Rettungsflugzeug|SIMBA||1|Stk.|Home|Spielwaren|Verkehr & Action|Actionspielzeug|Simba - Feuerwehrmann Sam - Swift Rettungsflugzeug|||49,99 €|49,99 €||||||||||||||EUR|Home> Spielwaren> Verkehr & Action> Actionspielzeug> Simba - Feuerwehrmann Sam - Swift Rettungsflugzeug|https://www.mueller.at/p/simba-feuerwehrmann-sam-swift-rettungsflugzeug-IPN2904872/|1 Stk.|"Rettungsflugzeug - das 42cm große Rettungsflugzeug aus Feuerwehrmann Sam besitzt einen Griff zum Tragen sowie Rollen zum perfekten Landen. Die zwei Rotoren auf der Seite lassen sich drehen. • Mit Seilwinde - am Haken der Seilwinde können Tiere und Personen mit Rettungsgeschirr befestigt und gerettet werden. • Mit Sounds - das Cockpit lässt sich öffnen und bietet Platz für vier Personen. Eine Leiter erleichtert den Einstieg. Im Inneren befindet sich ein Knopf, mit dem Licht und Sound aktiviert werden können. • Frachtraum zum Öffnen - der Frachtraum des Flugzeuges lässt sich öffnen. Darin kann auch ein Mercury Quad verstaut werden (nicht enthalten). • Pfeilschussfunktion - durch Knopfdruck können zwei Wasserpfeile aus den Wasserkanonen geschossen werden. Im Set ist neben dem Flugzeug auch die Krystyna Figur, Pferd Kilo und Zubehör enthalten. Für Kinder ab 3 Jahren geeignet. • Simba: Elefantenstarker Spielspaß, im Zentrum der Produktentwicklung steht die Begeisterung der Kinder; für Jungen und Mädchen, Klein und Groß; Kinder sollen Spaß haben und gefördert werden.
Pfeilschussfunktion, Seilwinde, L+S Cockpit und Frachtraum zum Öffnen, Figur, Zubehör, L:42cm TV 11/2023"||||||||3 Jahre||||||||||||||Non-Organic||||"{'target_group': 'Kindergartenkinder|Grundschüler', 'Artikelnummer des Herstellers': '109252615', 'Altersempfehlung ab': '3 Jahre', 'Inhalt': '1 Stk.', 'Produkttyp': 'Action Figuren'}"||||||||||||||0|0|2904872_1.png|https://static.mueller.de/pdzoom/4006592087791.webp||||||||||||||||||||||109252615||||||||||1 Stk.|||True||2904872P|||||||||10
810080|mueller||||||||2024-10-28|Pelikan Deckersatzfarbe gelb|PELIKAN||1|Stk.|Home|Schreibwaren|Bastelbedarf|Farbkasten|Pelikan Deckersatzfarbe gelb|||1,49 €|1,49 €||||||||||||||EUR|Home> Schreibwaren> Bastelbedarf> Farbkasten> Pelikan Deckersatzfarbe gelb|https://www.mueller.at/p/pelikan-deckersatzfarbe-gelb-810080/|1 Stk.|Pelikan Deck-Ersatzfarbe für Farbkästen. Hochergiebig und farbbrillant, lichtechte Pigmente, starke Deckkraft. In silbergrauen Farbschälchen.||||||||||||||||||||||Non-Organic||||{'Inhalt': '1 Stk.', 'Produkttyp': 'Farbkasten'}||||||||||||||0|0|810080_1.png|https://static.mueller.de/6485925624-PV-0/pdzoom/pelikan-deckersatzfarbe-gelb.webp||||||||||||||||||||||||||||||||1 Stk.|||True||810080P|||||||||10
810081|mueller||||||||2024-10-28|Pelikan Deckersatzfarbe orange|PELIKAN||1|Stk.|Home|Schreibwaren|Bastelbedarf|Farbkasten|Pelikan Deckersatzfarbe orange|||1,49 €|1,49 €||||||||||||||EUR|Home> Schreibwaren> Bastelbedarf> Farbkasten> Pelikan Deckersatzfarbe orange|https://www.mueller.at/p/pelikan-deckersatzfarbe-orange-810081/|1 Stk.|Pelikan Deck-Ersatzfarbe für Farbkästen. Hochergiebig und farbbrillant, lichtechte Pigmente, starke Deckkraft. In silbergrauen Farbschälchen.||||||||||||||||||||||Non-Organic||||{'Inhalt': '1 Stk.', 'Produkttyp': 'Farbkasten'}||||||||||||||0|0|810081_1.png|https://static.mueller.de/6766922592-PV-0/pdzoom/pelikan-deckersatzfarbe-orange.webp||||||||||||||||||||||||||||||||1 Stk.|||True||810081P|||||||||10
810082|mueller||||||||2024-10-28|Pelikan Deckersatzfarbe zitron|PELIKAN||1|Stk.|Home|Schreibwaren|Bastelbedarf|Farbkasten|Pelikan Deckersatzfarbe zitron|||1,49 €|1,49 €||||||||||||||EUR|Home> Schreibwaren> Bastelbedarf> Farbkasten> Pelikan Deckersatzfarbe zitron|https://www.mueller.at/p/pelikan-deckersatzfarbe-zitron-810082/|1 Stk.|Pelikan Deck-Ersatzfarbe für Farbkästen. Hochergiebig und farbbrillant, lichtechte Pigmente, starke Deckkraft. In silbergrauen Farbschälchen.||||||||||||||||||||||Non-Organic||||{'Inhalt': '1 Stk.', 'Produkttyp': 'Farbkasten'}||||||||||||||0|0|810082_1.png|https://static.mueller.de/6485925748-PV-0/pdzoom/pelikan-deckersatzfarbe-zitron.webp||||||||||||||||||||||||||||||||1 Stk.|||True||810082P|||||||||10
2904874|mueller||||||||2024-10-28|URTEKRAM Fragrance Free Augencreme|URTEKRAM||15|ml|Home|Drogerie|Pflege|Gesichtspflege|Augenpflege|URTEKRAM Fragrance Free Augencreme||8,99 €|8,99 €|||||||||||599,33 € / 1 l|||EUR|Home> Drogerie> Pflege> Gesichtspflege> Augenpflege> URTEKRAM Fragrance Free Augencreme|https://www.mueller.at/p/urtekram-fragrance-free-augencreme-IPN2904874/|15 ml|"Die duftfreie Fragrance Free Augencreme hilft empfindlicher Haut in Balance zu bleiben und pflegt die Augenpartie seidig-weich. Bio-Aloe Vera, Bio-Mandelöl und Bio-Sheabutter nähren die Haut intensiv und versorgen sie mit wertvoller Feuchtigkeit. Allergy certified. Für frische, gesund aussehende Haut ohne zu irritieren. - duftfreie Augencreme - mit Bio-Aloe Vera und Bio-Mandelöl - mit Inhaltsstoffen zu 100 % natürlichen Ursprungs - 100 % vegan und tierversuchsfrei (Veganblume) - ohne Duftstoffe, für Allergiker geeignet. Entdecke weitere Pflegeprodukte der Mindful Beauty Kollektion Find Balance | Fragrance Free - die duftfreie Sensitiv-Pflege: Die milde Fragrance Free Pflegelinie wurde gänzlich ohne Duftstoffe entwickelt und hilft sensibler Haut und Kopfhaut, wieder ins Gleichgewicht zu finden. Allergy Certified. Das macht Produkte von Urtekram besonders: - dänische, zertifizierte Natur- und Biokosmetik nach Ecocert Cosmos Organic Standard - 100 % vegan und tierversuchsfrei (Veganblume) - ohne Mikroplastik, Parabene und synthetische Konservierungsstoffe - mit 100 % biologisch abbaubaren Inhaltsstoffen."||||||||||||||||||||||Non-Organic||||"{'target_group': 'Damen|Herren|Unisex', 'manufacturer': 'Midsona Denmark A/S', 'Herstelleradresse': 'DK-9550 Mariager', 'Kontaktmöglichkeit': 'info@davert.de', 'Anwendungshinweis': 'Die Augencreme morgens und abends nach der Reinigung in der Augenpartie auftragen und mit den Fingerspitzen sanft einklopfen.', 'package_contents': 'Aloe Barbadensis Leaf Extract*, Prunus Amygdalus Dulcis Oil*, Butyrospermum Parkii Butter*, Cetyl Alcohol, Glycerin**, Propanediol, Acacia Senegal Gum, Polyglyceryl-3 Dicitrate/ Stearate, Glyceryl Stearate SE, Glyceryl Caprylate, Simmondsia Chinensis Seed Oil*, Zinc Lactate, Zea Mays Starch*, Beta-Sitosterol, Sodium Hyaluronate, Squalene, Carrageenan, Rhizobian Gum, Xanthan Gum, Sodium Gluconate, Tocopherol, Lactic Acid, Sodium Hydroxide, Aqua. (* = ingredient from organic farming, ** = made using organic ingredients)', 'skin_type': 'empfindliche Haut', 'product_property': 'pflegend', 'Inhalt': '15 ml', 'scope_of_application': 'Augenpflege', 'Produkttyp': 'Creme'}"||||||||||||||0|0|2904874_1.png|https://static.mueller.de/pdzoom/5701058012476.webp||||||||||||||||||||||Midsona Denmark A/S||||||||||15 ml|Aloe Barbadensis Leaf Extract*, Prunus Amygdalus Dulcis Oil*, Butyrospermum Parkii Butter*, Cetyl Alcohol, Glycerin**, Propanediol, Acacia Senegal Gum, Polyglyceryl-3 Dicitrate/ Stearate, Glyceryl Stearate SE, Glyceryl Caprylate, Simmondsia Chinensis Seed Oil*, Zinc Lactate, Zea Mays Starch*, Beta-Sitosterol, Sodium Hyaluronate, Squalene, Carrageenan, Rhizobian Gum, Xanthan Gum, Sodium Gluconate, Tocopherol, Lactic Acid, Sodium Hydroxide, Aqua. (* = ingredient from organic farming, ** = made using organic ingredients)||True||2904874P|||||||||4
810084|mueller||||||||2024-10-28|Pelikan Deckersatzfarbe ockergelb|PELIKAN||1|Stk.|Home|Schreibwaren|Bastelbedarf|Farbkasten|Pelikan Deckersatzfarbe ockergelb|||1,49 €|1,49 €||||||||||||||EUR|Home> Schreibwaren> Bastelbedarf> Farbkasten> Pelikan Deckersatzfarbe ockergelb|https://www.mueller.at/p/pelikan-deckersatzfarbe-ockergelb-810084/|1 Stk.|Pelikan Deck-Ersatzfarbe für Farbkästen. Hochergiebig und farbbrillant, lichtechte Pigmente, starke Deckkraft. In silbergrauen Farbschälchen.||||||||||||||||||||||Non-Organic||||{'Inhalt': '1 Stk.', 'Produkttyp': 'Farbkasten'}||||||||||||||0|0|810084_1.png|https://static.mueller.de/6485925552-PV-0/pdzoom/pelikan-deckersatzfarbe-ockergelb.webp||||||||||||||||||||||||||||||||1 Stk.|||True||810084P|||||||||10
442791|mueller||||||||2024-10-28|POLIBOY Silber-Gold-Bad|POLIBOY||375|ml|Home|Drogerie|Haushalt|Putzen & Reinigen|Spezialreiniger|POLIBOY Silber-Gold-Bad||5,45 €|5,45 €|||||||||||14,53 € / 1 l|||EUR|Home> Drogerie> Haushalt> Putzen & Reinigen> Spezialreiniger> POLIBOY Silber-Gold-Bad|https://www.mueller.at/p/poliboy-silber-gold-bad-442791/|375 ml|||||||||||||||||||||||Non-Organic||||{'PH-Hautneutral': 'Nein', 'manufacturer': 'POLIBOY Brandt & Walther GmbH', 'Herstelleradresse': 'Tornéestraße 5\n\nD-28865 Lilienthal', 'Kontaktmöglichkeit': 'info@poliboy.de', 'package_contents': 'AQUA\nISOPROPYL ALCOHOL\nTHIOUREA\nCITRIC ACID\nHYDROCHLORIC ACID\nMETHYLDIHYDROGENPHOSPHATE\nSODIUM DIPROPIONATES\nPHOSPHORIC ACID', 'Inhalt': '375 ml', 'Produkttyp': 'Bodenreiniger'}||||||||||||||1.0|2|442791_1.png|https://static.mueller.de/markant_00000040161822_pv_2633418/pdzoom/poliboy-silber-gold-bad.webp||||||||||||||||||||||POLIBOY Brandt & Walther GmbH||||||||||375 ml|"AQUA
ISOPROPYL ALCOHOL
THIOUREA
CITRIC ACID
HYDROCHLORIC ACID
METHYLDIHYDROGENPHOSPHATE
SODIUM DIPROPIONATES
PHOSPHORIC ACID"||True||442791P||||Gefahr Gefahr!Verursacht schwere Augenschäden.Kann gegenüber Metallen korrosiv sein. Ist ärztlicher Rat erforderlich, Verpackung oder Kennzeichnungsetikett bereithalten. Darf nicht in die Hände von Kindern gelangen. Vor Gebrauch Kennzeichnungsetikett lesen.Schutzhandschuhe/Augenschutz tragen.Nur im Originalbehälter aufbewahren.Bei Kontakt mit den Augen:einige Minuten lang behutsam mit Wasser spülen.Vorhandene Kontaktlinsen nach Möglichkeit entfernen.Weiter spülen.Sofort Giftinforationszentrum/Arzt anrufen. Verschüttete Mengen aufnehmen, um Materialschäden zu vermeiden.Behälter nur völlig Restentleert der Wertstoffsammlung zuführen.Produktreste bei kommunaler Sammelstelle entsorgen.|||||5
810086|mueller||||||||2024-10-28|Pelikan Deckersatzfarbe kobaltblau|PELIKAN||1|Stk.|Home|Schreibwaren|Bastelbedarf|Farbkasten|Pelikan Deckersatzfarbe kobaltblau|||1,49 €|1,49 €||||||||||||||EUR|Home> Schreibwaren> Bastelbedarf> Farbkasten> Pelikan Deckersatzfarbe kobaltblau|https://www.mueller.at/p/pelikan-deckersatzfarbe-kobaltblau-810086/|1 Stk.|Pelikan Deck-Ersatzfarbe für Farbkästen. Hochergiebig und farbbrillant, lichtechte Pigmente, starke Deckkraft. In silbergrauen Farbschälchen.||||||||||||||||||||||Non-Organic||||{'Inhalt': '1 Stk.', 'Produkttyp': 'Farbkasten'}||||||||||||||0|0|810086_1.png|https://static.mueller.de/6766923215-PV-0/pdzoom/pelikan-deckersatzfarbe-kobaltblau.webp||||||||||||||||||||||||||||||||1 Stk.|||True||810086P|||||||||10
2747789|mueller||||||||2024-10-28|HOME by Berner Geschenkset Küchen Basics|HOME BY BERNER||242|g|Home|Drogerie|Lebensmittel|Nahrung|Gewürze|HOME by Berner Geschenkset Küchen Basics||29,95 €|29,95 €|||||||||||123,76 € / 1 kg|||EUR|Home> Drogerie> Lebensmittel> Nahrung> Gewürze> HOME by Berner Geschenkset Küchen Basics|https://www.mueller.at/p/home-by-berner-geschenkset-kuechen-basics-2747789/|242 g|Präsentkarton: Küchen Basics, Salz & Pfeffermühle, Frikadellen & Hack 75g, Salatkräuter 27g, Servietten|||||Deutschland|SENF||||||||||||||||Non-Organic||||{'manufacturer': 'Home by Berner GmbH', 'Herstelleradresse': 'Boschstraße. 7,  71384 Weinstadt', 'Herkunftsland': 'Deutschland', 'Allergenhinweis': 'SENF', 'Inhalt': '242 g', 'Zutaten': 'Haushaltsbox Frikadellen & Hack Zutaten: Zwiebel, Knoblauch, Meersalz, SENF, Paprika, Pfeffer, Majoran, Piment, Chili, Kümmel, Petersilie.\nHaushaltsbox Salatkräuter Zutaten: Petersilie, Meersalz, Zwiebel, Knoblauch, Dillspitzen, Schnittlauch, Sonnenblumenblüten, Liebstöckel.\nGewürzmühle Pfeffer Zutaten: Schwarzer Pfeffer. Gewürzmühle Salz Zutaten: Meersalz', 'Produkttyp': 'Gewürze'}||||||||||||||0|0|2747789_1.png|https://static.mueller.de/6958436268-PV-0/pdzoom/home-by-berner-geschenkset-kuechen-basics.webp||||||||||||||||||||||Home by Berner GmbH||||||||||242 g|||True||2747789P|||||||||10
153850|mueller||||||||2024-10-28|JAXON Skizzenblock A3|JAXON||1|Stk.|Home|Schreibwaren|Bastelbedarf|Papier & Karton|JAXON Skizzenblock A3|||15,55 €|15,55 €||||||||||||||EUR|Home> Schreibwaren> Bastelbedarf> Papier & Karton> JAXON Skizzenblock A3|https://www.mueller.at/p/jaxon-skizzenblock-a3-153850/|1 Stk.|Der Skizzenblock von JAXON ist das ideale Papier  für Zeichnungen mit Aquarellstiften, Wachsmalkreiden und anderen Soft- und Öl-Pastellkreiden.  Der Block bietet 50Blatt  120 g/qm schweres Papier im Format 30 x 40cm, säurefrei, pH-neutral und alterungsbeständig an der Kopfseite geleimt.||||||||||||||||||||||Non-Organic||||{'Inhalt': '1 Stk.', 'Produkttyp': 'Malpapier'}||||||||||||||0|0|153850_1.png|https://static.mueller.de/5920437730-PV-0/pdzoom/jaxon-skizzenblock-a3.webp||||||||||||||||||||||||||||||||1 Stk.|||True||153850P|||||||||10
2904865|mueller||||||||2024-10-28|URTEKRAM Fragrance Free Reinigungsschaum|URTEKRAM||150|ml|Home|Parfümerie|Pflege|Gesichtspflege|Reinigung|Reinigungsschaum|URTEKRAM Fragrance Free Reinigungsschaum|8,99 €|8,99 €|||||||||||59,93 € / 1 l|||EUR|Home> Parfümerie> Pflege> Gesichtspflege> Reinigung> Reinigungsschaum> URTEKRAM Fragrance Free Reinigungsschaum|https://www.mueller.at/p/urtekram-fragrance-free-reinigungsschaum-IPN2904865/|150 ml|"Der duftfreie Fragrance Free Reinigungsschaum hilft empfindlicher Haut in Balance zu bleiben und entfernt sanft Unreinheiten und Make-up, ohne die Haut auszutrocknen oder zu reizen. Pflegende Inhaltsstoffe wie Bio-Aloe vera spenden wertvolle Feuchtigkeit und schützen die natürliche Hautbarriere. Allergy certified. Für frische, gesund aussehende Haut. - duftfreier Reinigungsschaum - mit Bio-Aloe vera - mit Inhaltsstoffen zu 100 % natürlichen Ursprungs - 100 % vegan und tierversuchsfrei (Veganblume) - ohne Duftstoffe, für Allergiker geeignet. Entdecke weitere Pflegeprodukte der Mindful Beauty Kollektion Find Balance | Fragrance Free - die duftfreie Sensitiv-Pflege: Die milde Fragrance Free Pflegelinie wurde gänzlich ohne Duftstoffe entwickelt und hilft sensibler Haut und Kopfhaut, wieder ins Gleichgewicht zu finden. Allergy Certified. Das macht Produkte von Urtekram besonders: - dänische, zertifizierte Natur- und Biokosmetik nach Ecocert Cosmos Organic Standard - 100 % vegan und tierversuchsfrei (Veganblume) - ohne Mikroplastik, Parabene und synthetische Konservierungsstoffe - mit 100 % biologisch abbaubaren Inhaltsstoffen."||||||||||||||||||||||Non-Organic||||"{'target_group': 'Damen|Herren|Unisex', 'manufacturer': 'Midsona Denmark A/S', 'Herstelleradresse': 'DK-9550 Mariager', 'Kontaktmöglichkeit': 'info@davert.de', 'Anwendungshinweis': 'Morgens und abends mit den Fingerspitzen oder einem (wasch- und wiederverwendbaren) Reinigungspad oder Waschlappen eine kleine Menge auf Gesicht, Hals und Dekolleté mit kleinen, kreisenden Bewegungen sanft auftragen. Die Rückstände anschließend mit lauwarmem Wasser abnehmen.', 'package_contents': 'Aloe Barbadensis Leaf Extract*, Aqua, Propanediol, Polyglyceryl-4 Caprate, Disodium Cocoyl Glutamate, Coco-Glucoside, Sodium Cocoyl Glutamate, Sodium Gluconate, Lactic Acid, Glyceryl Caprylate, GlycerylUndecylenate (* = ingredient from organic farming)', 'skin_type': 'alle Hauttypen', 'product_property': 'pflegend', 'Inhalt': '150 ml', 'scope_of_application': 'Reinigung', 'Produkttyp': 'Reinigungsschaum'}"||||||||||||||0|0|2904865_1.png|https://static.mueller.de/pdzoom/5701058012766.webp||||||||||||||||||||||Midsona Denmark A/S||||||||||150 ml|Aloe Barbadensis Leaf Extract*, Aqua, Propanediol, Polyglyceryl-4 Caprate, Disodium Cocoyl Glutamate, Coco-Glucoside, Sodium Cocoyl Glutamate, Sodium Gluconate, Lactic Acid, Glyceryl Caprylate, GlycerylUndecylenate (* = ingredient from organic farming)||True||2904865P|||||||||10
2733140|mueller||||||||2024-10-28|Fantasia Lippenstift-Etui mit Spiegel|FANTASIA||1|Stk.|Home|Parfümerie|Accessoires|Make-up-Zubehör|Aufbewahrung|Fantasia Lippenstift-Etui mit Spiegel||4,99 €|4,99 €||||||||||||||EUR|Home> Parfümerie> Accessoires> Make-up-Zubehör> Aufbewahrung> Fantasia Lippenstift-Etui mit Spiegel|https://www.mueller.at/p/fantasia-lippenstift-etui-mit-spiegel-2733140/|1 Stk.|"Ein elegantes Lippenstift-Etui in schwarzem Satin-Look. Das Innenleben ist in zeitlosem rot gehalten und mit einem kleinem Spiegel versehen. Das Etui wird mit einem Druckknopf verschlossen. So ist Ihr wertvoller Lippenstift in der Handtasche immer gut geschützt. 

Größe: 8,5 x 3 x 3 cm. 
Lieferung ohne Lippenstift."||||||||||||||||||||||Non-Organic||||{'manufacturer': 'Espig KG', 'Anwendungshinweis': 'Zur sicheren Aufbewahrung Ihres Lippenstifts.', 'Inhalt': '1 Stk.', 'Produkttyp': 'Lippenstiftbox'}||||||||||||||3.6667|3|2733140_1.png|https://static.mueller.de/6995881915-PV-0/pdzoom/fantasia-lippenstift-etui-mit-spiegel.webp|2733140_2.png|https://static.mueller.de/6995881915-PB-1/pdzoom/fantasia-lippenstift-etui-mit-spiegel.webp|2733140_3.png|https://static.mueller.de/6995881915-PB-2/pdzoom/fantasia-lippenstift-etui-mit-spiegel.webp||||||||||||||||||Espig KG||||||||||1 Stk.|||True||2733140P|||||||||10
2733145|mueller||||||||2024-10-28|Helloween (Hologramm)|||1|Stk.|Home|Multi-Media|Musik|Heavy Metal|Helloween (Hologramm)|||26,99 €|26,99 €||||||||||||||EUR|Home> Multi-Media> Musik> Heavy Metal> Helloween (Hologramm)|https://www.mueller.at/p/helloween-hologramm-2733145/|1 Stk.|||||||||||||||||||||||Non-Organic||||{'medium': 'LP (analog)', 'Künstler': 'Helloween', 'Inhalt': '1 Stk.', 'Anzahl Medien im Artikel': '3', 'genre': 'Metal', 'Label': 'AtomicFire'}||||||||||||||0|0|2733145_1.png|https://static.mueller.de/pdzoom/phononet_0727361485832_pv_0727361485832-0600px-001.webp||||||||||||||||||||||||||||||||1 Stk.|||True||2733145P|||||||||5
2733147|mueller||||||||2024-10-28|Butcher's Son 2in1 Body & Hair Rare Sensitive|BUTCHERS SON||420|ml|Home|Drogerie|Pflege|Körperpflege|Duschen|Butcher's Son 2in1 Body & Hair Rare Sensitive||4,35 €|4,35 €|||||||||||10,36 € / 1 l|||EUR|Home> Drogerie> Pflege> Körperpflege> Duschen> Butcher's Son 2in1 Body & Hair Rare Sensitive|https://www.mueller.at/p/butchers-son-2in1-body-hair-rare-sensitive-2733147/|420 ml|Für echte Kerle Ob früh am Morgen oder nach dem Sport – Butcher’s Son 2in1 Body & Hair Rare Sensitive ist pflegende Dusche, Shampoo und berauschendes Dufterlebnis in einem. Die leicht kühlende Frischedusche reinigt empfindliche Männerhaut besonders sanft, ohne sie auszutrocknen. Taurin und Koffein beleben die Kopfhaut, sorgen für glänzendes Haar und bessere Kämmbarkeit. Langanhaltender, unwiderstehlich aquatischer und holziger Duft nach Pomelo, Sandelholz und Moschus für echte Kerle.||||||||||||||||||||||Non-Organic||||"{'scope_of_delivery': '420ml', 'target_group': 'Herren', 'manufacturer': 'Murnauer Markenvertrieb GmbH', 'Herstelleradresse': 'Airport Frankfurt-Egelsbach, Hans-Fleißner-Str. 80, 63329 Egelsbach', 'Kontaktmöglichkeit': 'dialog@klosterfrau-service.de', 'dermatologically_tested': 'Ja', 'Anwendungshinweis': 'Für die tägliche Körperpflege und Haarwäsche geeignet. Hautverträglichkeit dermatologisch getestet. ACHTUNG: Bei Kontakt mit den Augen sofort ausspülen.', 'package_contents': 'Aqua, Sodium Laureth Sulfate, Cocamidopropyl Betaine, Sodium Chloride, Parfum, Coco-Glucoside, Glyceryl Oleate, Caffeine, Sodium Benzoate, Citric Acid, Polyquaternium-10, Potassium Sorbate, Taurine, Glycerin, Limonene', 'product_property': 'erfrischend|reinigend|vitalisierend|kühlend|duftend|geschmeidig|kämmbar|pflegend', 'Inhalt': '420 ml', 'scope_of_application': 'Duschen', 'Produkttyp': 'Duschgel'}"||||||||||||||5.0|1|2733147_1.png|https://static.mueller.de/6932974416-PV-0/pdzoom/butchers-son-2in1-body-hair-rare-sensitive.webp||||||||||||||||||||||Murnauer Markenvertrieb GmbH||||||||||420 ml|Aqua, Sodium Laureth Sulfate, Cocamidopropyl Betaine, Sodium Chloride, Parfum, Coco-Glucoside, Glyceryl Oleate, Caffeine, Sodium Benzoate, Citric Acid, Polyquaternium-10, Potassium Sorbate, Taurine, Glycerin, Limonene||True||2733147P|||||||||10
2747764|mueller||||||||2024-10-28|Gourmet Berner Birnen-Brombeersaft|GOURMET BERNER||0.75|l|Home|Drogerie|Lebensmittel|Getränke|Säfte, Smoothies & Schorlen|Gourmet Berner Birnen-Brombeersaft||6,95 €|6,95 €|||||||||||9,27 € / 1 l|||EUR|Home> Drogerie> Lebensmittel> Getränke> Säfte, Smoothies & Schorlen> Gourmet Berner Birnen-Brombeersaft|https://www.mueller.at/p/gourmet-berner-birnen-brombeersaft-2747764/|0.75 l|Die Oberösterreichische Weinbirne ist eine heimische Birnensorte am  Albtrauf. Die altehrwürdigen, wunderschönen Birnbäume prägen das Bild der Streuobstwiese. Diese milde Birne und die herb-erfrischende Brombeere sind zusammen ein besonderer Genuss.|||||Deutschland||||||{'Nährwerte je': '100ml', 'Brennwert': '161 kj / 38 kcal', 'Fett in g': '0.88', '- davon gesättigte Fettsäuren in g': '0.02', 'Kohlenhydrate in g': '9', '- davon Zucker in g': '8', 'Eiweiß in g': '0.19', 'Salz in g': '0,0075'}|||||||||||Non-Organic||||{'manufacturer': 'Gourmet Berner GmbH', 'Herstelleradresse': 'Bruckwiesenstraße 1, 71384 Weinstadt', 'Herkunftsland': 'Deutschland', 'Inhalt': '0.75 l', 'Zutaten': 'Birnensaft (70%), Brombeersaft (30%).', 'Produkttyp': 'Säfte'}||||||||||||||0|0|2747764_1.png|https://static.mueller.de/6956500157-PV-0/pdzoom/gourmet-berner-birnen-brombeersaft.webp||||||||||||||||||||||Gourmet Berner GmbH||||||||||0.75 l|||True||2747764P|||||||||10
2747766|mueller||||||||2024-10-28|Gourmet Berner Rhabarber Cassis Nektar|GOURMET BERNER||0.74|l|Home|Drogerie|Lebensmittel|Getränke|Säfte, Smoothies & Schorlen|Gourmet Berner Rhabarber Cassis Nektar||6,95 €|6,95 €|||||||||||9,39 € / 1 l|||EUR|Home> Drogerie> Lebensmittel> Getränke> Säfte, Smoothies & Schorlen> Gourmet Berner Rhabarber Cassis Nektar|https://www.mueller.at/p/gourmet-berner-rhabarber-cassis-nektar-2747766/|0.74 l|Intensiver Rhabarber-Duft, vollmundig im Geschmack. Ideal geeignet für Rhabarber-Schorle – die Erfrischung für Frühling- und Sommertage.|||||Deutschland||||||{'Nährwerte je': '100ml', 'Brennwert': '248 kj / 59 kcal', 'Fett in g': '0.1', '- davon gesättigte Fettsäuren in g': '0.1', 'Kohlenhydrate in g': '13.1', '- davon Zucker in g': '13.1', 'Eiweiß in g': '0.3', 'Salz in g': '0.05'}|||||||||||Non-Organic||||{'manufacturer': 'Gourmet Berner GmbH', 'Herstelleradresse': 'Bruckwiesenstraße 1, 71384 Weinstadt', 'Herkunftsland': 'Deutschland', 'Inhalt': '0.74 l', 'Zutaten': 'Rhabarbersaft (60%), Wasser, Zucker, schwarzer Johannisbeersaft.\nGemüsesaftgehalt: mindestens 60%', 'Produkttyp': 'Säfte'}||||||||||||||0|0|2747766_1.png|https://static.mueller.de/6956508517-PV-0/pdzoom/gourmet-berner-rhabarber-cassis-nektar.webp||||||||||||||||||||||Gourmet Berner GmbH||||||||||0.74 l|||True||2747766P|||||||||10
2904850|mueller||||||||2024-10-28|FRESCO Martin Rütter Hundesnack Riegel Echt-Fleisch Pferd|FRESCO||100|g|Home|Tiershop|Tiernahrung|Hund|Belohnung & Snacks|FRESCO Martin Rütter Hundesnack Riegel Echt-Fleisch Pferd||3,49 €|3,49 €|||||||||||34,90 € / 1 kg|||EUR|Home> Tiershop> Tiernahrung> Hund> Belohnung & Snacks> FRESCO Martin Rütter Hundesnack Riegel Echt-Fleisch Pferd|https://www.mueller.at/p/fresco-martin-ruetter-hundesnack-riegel-echt-fleisch-pferd-IPN2904850/|100 g|Natürlicher Monoproteinsnack aus reinem Pferdefleisch in Riegel-Form mit dem Gütesiegel des Hundeprofis Martin Rütter. Aufgrund ihrer weichen Konsistenz lassen sich die Martin Rütter Riegel kinderleicht durchbrechen und so praktisch portionieren– perfekt abgestimmt auf Deinen Hund. Außerdem fetten sie nicht und lassen sich deshalb ganz einfach in der Hosentasche aufbewahren. Damit sind die Riegel optimal für ausgiebige gemeinsame Spaziergänge. Gesund. Lecker. Vom Hundeprofi.||Trocken lagern.|||||||Pferd|||||||||||||Non-Organic||||"{'Lagerhinweis': 'Trocken lagern.', 'Futtermittelart': 'Ergänzungsfutter', 'manufacturer': 'Fresco Dog Foods GmbH', 'Herstelleradresse': 'Markscheiderweg 4, 44536 Lünen', 'Kontaktmöglichkeit': 'info@fresco.dog', 'Zulassungsnummer': 'DE05978003213', 'Geeignet für Lebensphase': 'Adult', 'Geschmacksrichtung': 'Pferd', 'packaging_type': 'Beutel', 'Inhalt': '100 g', 'Eigenschaften': 'Ohne Farbstoffe|Ohne Aromastoffe|Ohne Zusatz von Konservierungsstoffen|Ohne Getreide', 'Analytische Bestandteile': 'Proteine 36%, Rohfett 18%, Rohasche 9%, Rohfaser 1%', 'Zusammensetzung (Futter)': '95% Pferdefleisch, 5% natürliches pflanzliches Glycerin', 'Produkttyp': 'Belohnung & Snacks', 'Tiertyp': 'Hund'}"|||||||||||Pferd|||0|0|2904850_1.png|https://static.mueller.de/pdzoom/4251292873568.webp||||||||||||||||||||||Fresco Dog Foods GmbH||||||||||100 g|||False||2904850P|||||Adult||||1
2747767|mueller||||||||2024-10-28|HOME by Berner Präsent Vassio Connico Grillset|HOME BY BERNER||1|Stk.|Home|Drogerie|Lebensmittel|Nahrung|Gewürze|HOME by Berner Präsent Vassio Connico Grillset||32,95 €|32,95 €||||||||||||||EUR|Home> Drogerie> Lebensmittel> Nahrung> Gewürze> HOME by Berner Präsent Vassio Connico Grillset|https://www.mueller.at/p/home-by-berner-praesent-vassio-connico-grillset-2747767/|1 Stk.|Präsent Vassio Connico: Leckerer Tomaten Balsamessig und feurig deftige Gewürze. Perfekt für Grill und Steak|||||Deutschland|SENF||||||||||||||||Non-Organic||||{'manufacturer': 'Home by Berner GmbH', 'Herstelleradresse': 'Boschstraße. 7,  71384 Weinstadt', 'Herkunftsland': 'Deutschland', 'Allergenhinweis': 'SENF', 'Inhalt': '1 Stk.', 'Zutaten': 'Tomate Balsamessig Zutaten: Weißweinessig (44%), Invertzuckersirup, Glukose, Aroma, Wasser, natürliches Basilikumaroma, Farbstoff: Zuckerkulör (E150a). Steak & Grill Gewürz im Korkenglas Zutaten: Pfeffer schwarz, Rosa Beeren, Koriander, Senfkörner, Kümmel, Zimt, Kardamom, Fenchel, Chili, Sternanis. Feuer & Schlucker in Vitro Zutaten: Chili, Pfeffer, Ingwer, SENF, Knoblauch, Koriander. Haushaltsbox Steak & Grill Zutaten: Meersalz, Paprika, Pfeffer, SENF, Zwiebel, Knoblauch, Kümmel, Oregano, Petersilie.', 'Produkttyp': 'Gewürze'}||||||||||||||0|0|2747767_1.png|https://static.mueller.de/6957288824-PV-0/pdzoom/home-by-berner-praesent-vassio-connico-grillset.webp||||||||||||||||||||||Home by Berner GmbH||||||||||1 Stk.|||True||2747767P|||||||||10
667734|mueller||||||||2024-10-28|Twister [SE]|||1|Stk.|Home|Multi-Media|Filme & TV|Action & Abenteuer|Twister  [SE]|||7,99 €|7,99 €||||||||||||||EUR|Home> Multi-Media> Filme & TV> Action & Abenteuer> Twister  [SE]|https://www.mueller.at/p/twister-se-IPN667734/|1 Stk.|"Ein Haus wird Stück für Stück auseinander gerissen. Eine Kuh wirbelt hilflos durch die Luft. Traktoren werden vom Himmel geschleudert. Ein 15.000 Pfund schwerer Tanklastzug entwickelt sich zur fliegenden Bombe. Mit 300 Meilen pro Stunde rast ein riesiger, alles vernichtender Tornado direkt auf dich zu. TWISTER, der gewaltigste Sturm des Jahrhunderts, hinterläßt ein Bild der Verwüstung. In diesem rasanten Hochspannungsthriller mit einzigartigen Special-Effects verfolgen die Wissenschaftler Jo und Bill den zerstörerischsten Wirbelsturm der letzten 50 Jahre durch das berüchtigte ""Tornado Alley"". Ihr Ziel: elekronische Sensoren in das Zentrum des Orkans zu schleusen. Auf diese Weise hoffen sie, erstmals Meßwerte für ein zuverlässiges Frühwarn-System zu gewinnen. Doch dafür müssen sei sich selbst dem gigantischen Tornado in den Weg stellen. Eine tödliche Jagd beginnt..."||||||||||||||||||||||Non-Organic||||"{'medium': 'DVD', 'Untertitel': 'Deutsch,Englisch', 'manufacturer': 'Universal Pictures Germany GmbH', 'Bildformat': '16:9', 'Zusatzinfos / Bonusmaterial beim Film dabei': 'Original Kino-Trailer;\nFeaturette: Anatomy of the Twister;\nAudio-Kommentar von Regisseur Jan de Bont und Visual Effects Supervisor Stefan Fangheimer;\nMaking Of Twister;\nMusik-Video: Van Halen\'s ""Human Being"";', 'Inhalt': '1 Stk.', 'Laufzeit in min (gesamt)': '108', 'Produktionsjahr': '1996', 'Produktionsland': 'USA', 'Regisseur': 'Jan de Bont', 'Schauspieler': 'Bill Paxton,Helen Hunt,Jami Gertz,Cary Elwes,Philip Seymour Hoffman', 'Special Edition': 'Ja', 'Tonformat-Sprache': 'Deutsch,Englisch,Deutsch', 'Hauptgenre': 'Action'}"||||||||||||||0|0|667734_1.png|https://static.mueller.de/videojakob_3259190695429_pv_131818/pdzoom/twister-se.webp|667734_2.png|https://static.mueller.de/pdzoom/videojakob_3259190695429_pr_131818-back.webp||||||||||||||||||||Universal Pictures Germany GmbH||||||||||1 Stk.|||True||667734P|||||||||5
2194127|mueller||||||||2024-10-28|Unabux Unisex Kniestrümpfe Sterne|UNABUX||1|Stk.|Home|Strümpfe|Damen|Kniestrümpfe|Unabux Unisex Kniestrümpfe Sterne|||9,95 €|9,95 €||||||||||||||EUR|Home> Strümpfe> Damen> Kniestrümpfe> Unabux Unisex Kniestrümpfe Sterne|https://www.mueller.at/p/unabux-unisex-kniestruempfe-sterne-2194127/|1 Stk.|Kniestrümpfe mit Sternen für Sie und Ihn. Das Koblenzer Unternehmen Unabux hat sich auf Socken und Unterwäsche mit abwechslungsreichen Mustern und ansehnlichen Kombinationen spezialisiert. Das Motto der beiden Gründer lautet „Alles fresh untenrum“ und genau das nimmt sich das Unternehmen auch zu Herzen. Mit viel Farbe, modernen Designs und einer Menge Charme bringen Unabux Socken Abwechslung in den Schrank. Bei der Herstellung der Produkte legt das Unternehmen besonders hohen Wert auf qualitativ hochwertige Stoffe und Verarbeitung.||||||||||||||||||||||Non-Organic||||"{'Muster': 'Ja', 'Pflegehinweis': 'Normalwaschgang 30°C, nicht bleichen, nicht im Wäschetrockner trocknen, bügeln bei maximal 150°C', 'target_group': 'Damen|Unisex|Herren', 'manufacturer': 'Unabux Klaus, Daum GbR', 'Herstelleradresse': 'Im Kimmelberg 2a, 5672 Koblenz', 'Materialdetails': '80% Baumwolle, 17% Polyamid, 3% Elasthan', 'Farbe': 'mehrfarbig', 'Inhalt': '1 Stk.'}"||||||mehrfarbig||80% Baumwolle, 17% Polyamid, 3% Elasthan||||||0|0|2194127_1.png|https://static.mueller.de/6850160983-PV-0/pdzoom/unabux-unisex-kniestruempfe-sterne.webp|2194127_2.png|https://static.mueller.de/6850160983-PB-2/pdzoom/unabux-unisex-kniestruempfe-sterne.webp||||||||||||||Normalwaschgang 30°C, nicht bleichen, nicht im Wäschetrockner trocknen, bügeln bei maximal 150°C||||||Unabux Klaus, Daum GbR||||||||||1 Stk.|||True||2194127P|||||||||10
2904845|mueller||||||||2024-10-28|FRESCO Martin Rütter Hundesnack Beef Sticks Ochsenziemenkaustangen|FRESCO||10|Stk.|Home|Tiershop|Tiernahrung|Hund|Belohnung & Snacks|FRESCO Martin Rütter Hundesnack Beef Sticks Ochsenziemenkaustangen||3,99 €|3,99 €|||||||||||3,99 € / 10 Stk.|||EUR|Home> Tiershop> Tiernahrung> Hund> Belohnung & Snacks> FRESCO Martin Rütter Hundesnack Beef Sticks Ochsenziemenkaustangen|https://www.mueller.at/p/fresco-martin-ruetter-hundesnack-beef-sticks-ochsenziemenkaustangen-IPN2904845/|10 Stk.|Die extra-harte Ochsenziemerkaustange wird zu 85% aus frischer, natürlicher Rinderkopfhaut und zu 15% aus natürlichen Ochsenziemern hergestellt. Die harte Konsistenz bietet einen gesunden und langen Kaugenuss und effektive Zahnpflege.||Trocken lagern|||||||Rind|||||||||||||Non-Organic||||{'Lagerhinweis': 'Trocken lagern', 'Futtermittelart': 'Ergänzungsfutter', 'manufacturer': 'Fresco Dog Foods GmbH', 'Herstelleradresse': 'Markscheiderweg 4, 44536 Lünen', 'Kontaktmöglichkeit': 'info@fresco.dog', 'Zulassungsnummer': 'DE05978003213', 'Geeignet für Lebensphase': 'Junior', 'Geschmacksrichtung': 'Rind', 'special_feed': 'Zahnpflege', 'Inhalt': '10 Stk.', 'Analytische Bestandteile': 'Proteine 82,1% Rohfette 4,2% Feuchtigkeit 5,7% Rohasche 2% Rohfaser 2%', 'Zusammensetzung (Futter)': '100% Rind (85% Rinderkopfhaut, 15% Ochsenziemer)', 'Produkttyp': 'Belohnung & Snacks', 'Tiertyp': 'Hund'}|||||||||||Rind|||0|0|2904845_1.png|https://static.mueller.de/pdzoom/4251292871175.webp||||||||||||||||||||||Fresco Dog Foods GmbH||||||||||10 Stk.|||False||2904845P|||||Junior||||1
2708122|mueller||||||||2024-10-28|WILKINSON SWORD Hydro 5 Sensitive|WILKINSON||4|Stk.|Home|Drogerie|Pflege|Herrenpflege & Rasur|Rasur|Rasierklingen|WILKINSON SWORD Hydro 5 Sensitive|11,99 €|11,99 €|||||||||||29,98 € / 10 Stk.|||EUR|Home> Drogerie> Pflege> Herrenpflege & Rasur> Rasur> Rasierklingen> WILKINSON SWORD Hydro 5 Sensitive|https://www.mueller.at/p/wilkinson-sword-hydro-5-sensitive-2708122/|4 Stk.|||||||||||||||||||||||Non-Organic||||{'scope_of_delivery': '4 Stück', 'manufacturer': 'Wilkinson Sword GmbH', 'Herstelleradresse': 'Schützenstraße 110 , 42659 Solingen', 'Kontaktmöglichkeit': 'info@wilkinson.de', 'dermatologically_tested': 'Ja', 'package_contents': 'PEG-115M, POLYQUATERNIUM-10, AQUA, SODIUM ACETATE, SODIUM CHLORIDE, ZINC STEARATE, ISOPROPYLALCOHOL, CYCLODEXTRIN, ALOE BARBADENSIS LEAF JUICE, CALENDULA OFFICINALIS FLOWER, CAMELLIA SINENSIS LEAF, CERAMIDE NG, HYDROGENATED JOJOBA OIL, MALTODEXTRIN, PANTHENOL, SODIUM HYALURONATE, TOCOPHEROL', 'Inhalt': '4 Stk.', 'scope_of_application': 'Rasur', 'Produkttyp': 'Rasierklingen'}||||||||||||||4.25|4|2708122_1.png|https://static.mueller.de/pdzoom/4027800402502_4662764.webp|2708122_2.png|https://static.mueller.de/pdzoom/4027800402502_4662762.webp|2708122_3.png|https://static.mueller.de/pdzoom/4027800402502_4662763.webp||||||||||||||||||Wilkinson Sword GmbH||||||||||4 Stk.|PEG-115M, POLYQUATERNIUM-10, AQUA, SODIUM ACETATE, SODIUM CHLORIDE, ZINC STEARATE, ISOPROPYLALCOHOL, CYCLODEXTRIN, ALOE BARBADENSIS LEAF JUICE, CALENDULA OFFICINALIS FLOWER, CAMELLIA SINENSIS LEAF, CERAMIDE NG, HYDROGENATED JOJOBA OIL, MALTODEXTRIN, PANTHENOL, SODIUM HYALURONATE, TOCOPHEROL||True||2708122P|||||||||10
2904835|mueller||||||||2024-10-28|H&H Kinderbecher ZOE|H&H||1|Stk.|Home|Spielwaren|Kostüme & Partyartikel|Trends|H&H Kinderbecher ZOE|||8,99 €|8,99 €||||||||||||||EUR|Home> Spielwaren> Kostüme & Partyartikel> Trends> H&H Kinderbecher ZOE|https://www.mueller.at/p/h-h-kinderbecher-zoe-IPN2904835/|1 Stk.|Der Personalisierte Kinderbecher besteht aus dem langlebigen, robusten aber leichten Material Melamin – somit ideal für kleine Kinderhände. Es wurde darauf geachtet, dass die Becher spülmaschinengeeignet sind. Ihr Fassungsvermögen beträgt 250ml.||||||||2 Jahre||||||||||||||Non-Organic||||"{'target_group': 'Kleinkinder|Kindergartenkinder|Grundschüler', 'Artikelnummer des Herstellers': '03225060084', 'Altersempfehlung ab': '2 Jahre', 'Inhalt': '1 Stk.', 'Produkttyp': 'Kleinspielzeug'}"||||||||||||||0|0|2904835_1.png|https://static.mueller.de/pdzoom/5099563201448_03225060084_Zoe.webp||||||||||||||||||||||03225060084||||||||||1 Stk.|||True||2904835P|||||||||10
2904837|mueller||||||||2024-10-28|FRESCO Martin Rütter Hundesnack Echt-Fleisch Rind Riegel|FRESCO||100|g|Home|Tiershop|Tiernahrung|Hund|Belohnung & Snacks|FRESCO Martin Rütter Hundesnack Echt-Fleisch Rind Riegel||3,49 €|3,49 €|||||||||||34,90 € / 1 kg|||EUR|Home> Tiershop> Tiernahrung> Hund> Belohnung & Snacks> FRESCO Martin Rütter Hundesnack Echt-Fleisch Rind Riegel|https://www.mueller.at/p/fresco-martin-ruetter-hundesnack-echt-fleisch-rind-riegel-IPN2904837/|100 g|Natürlicher Monoproteinsnack aus reinem Rindfleisch in Riegel-Form mit dem Gütesiegel des Hundeprofis Martin Rütter. Aufgrund ihrer weichen Konsistenz lassen sich die Martin Rütter Riegel kinderleicht durchbrechen und so praktisch portionieren– perfekt abgestimmt auf Deinen Hund. Außerdem fetten sie nicht und lassen sich deshalb ganz einfach in der Hosentasche aufbewahren. Damit sind die Riegel optimal für ausgiebige gemeinsame Spaziergänge. Gesund. Lecker. Vom Hundeprofi.||Trocken lagern|||||||Rind|||||||||||||Non-Organic||||{'Lagerhinweis': 'Trocken lagern', 'Futtermittelart': 'Ergänzungsfutter', 'manufacturer': 'Fresco Dog Foods GmbH', 'Herstelleradresse': 'Markscheiderweg 4, 44536 Lünen', 'Kontaktmöglichkeit': 'info@fresco.dog', 'Zulassungsnummer': 'DE05978003213', 'Geeignet für Lebensphase': 'Junior', 'Geschmacksrichtung': 'Rind', 'packaging_type': 'Beutel', 'Inhalt': '100 g', 'Fütterungsempfehlung': 'Nur als Trainingssnack oder Leckerlie. Die Menge sollte von der Gesamtfuttermenge abgezogen werden.', 'Analytische Bestandteile': 'Proteine 40% Rohfette 15% Feuchtigkeit 14% Rohasche 8% Rohfaser 0,5%', 'Zusammensetzung (Futter)': '95% Rindfleisch, 5% natürliches pflanzliches Glycerin', 'Produkttyp': 'Belohnung & Snacks', 'Tiertyp': 'Hund'}||||Nur als Trainingssnack oder Leckerlie. Die Menge sollte von der Gesamtfuttermenge abgezogen werden.|||||||Rind|||0|0|2904837_1.png|https://static.mueller.de/pdzoom/4251292864726.webp||||||||||||||||||||||Fresco Dog Foods GmbH||||||||||100 g|||False||2904837P|||||Junior||||1
2904830|mueller||||||||2024-10-28|Bella Casa Servietten Rosa 33x33cm|BELLA CASA||20|Stk.|Home|Drogerie|Haushalt|Papierartikel|Servietten|Bella Casa Servietten Rosa 33x33cm||1,00 €|1,00 €|||||||||||0,50 € / 10 Stk.|||EUR|Home> Drogerie> Haushalt> Papierartikel> Servietten> Bella Casa Servietten Rosa 33x33cm|https://www.mueller.at/p/bella-casa-servietten-rosa-33x33cm-IPN2904830/|20 Stk.|Bella Casa Servietten Rosa 33x33cm||||||||||||||||||||||Non-Organic||||{'Gewicht': '120', 'manufacturer': 'Ambiente Europe BV', 'Herstelleradresse': 'Laan de Wijze 19, NL-5835 DS Beugen', 'Kontaktmöglichkeit': 'www.mueller.eu', 'Materialdetails': 'Tissue', 'Höhe': '33 cm', 'Breite': '33 cm', 'Inhalt': '20 Stk.'}||||||||Tissue||||||0|0|2904830_1.png|https://static.mueller.de/pdzoom/8712159195330_PV.webp||||||||||||||||||||||Ambiente Europe BV||||||||||20 Stk.|||True||2904830P|||||||||5
2904832|mueller||||||||2024-10-28|H&H Kinderbecher TIM|H&H||1|Stk.|Home|Spielwaren|Kostüme & Partyartikel|Trends|H&H Kinderbecher TIM|||8,99 €|8,99 €||||||||||||||EUR|Home> Spielwaren> Kostüme & Partyartikel> Trends> H&H Kinderbecher TIM|https://www.mueller.at/p/h-h-kinderbecher-tim-IPN2904832/|1 Stk.|Der Personalisierte Kinderbecher besteht aus dem langlebigen, robusten aber leichten Material Melamin – somit ideal für kleine Kinderhände. Es wurde darauf geachtet, dass die Becher spülmaschinengeeignet sind. Ihr Fassungsvermögen beträgt 250ml.||||||||2 Jahre||||||||||||||Non-Organic||||"{'target_group': 'Kleinkinder|Kindergartenkinder|Grundschüler', 'Artikelnummer des Herstellers': '03225060083', 'Altersempfehlung ab': '2 Jahre', 'Inhalt': '1 Stk.', 'Produkttyp': 'Kleinspielzeug'}"||||||||||||||0|0|2904832_1.png|https://static.mueller.de/pdzoom/5099563201431_03225060083_Tim.webp||||||||||||||||||||||03225060083||||||||||1 Stk.|||True||2904832P|||||||||10
2904833|mueller||||||||2024-10-28|FRESCO Martin Rütter Hundesnack Trainingsknöchelchen Echt-Fleisch Pferd|FRESCO||150|g|Home|Tiershop|Tiernahrung|Hund|Belohnung & Snacks|FRESCO Martin Rütter Hundesnack Trainingsknöchelchen Echt-Fleisch Pferd||3,99 €|3,99 €|||||||||||26,60 € / 1 kg|||EUR|Home> Tiershop> Tiernahrung> Hund> Belohnung & Snacks> FRESCO Martin Rütter Hundesnack Trainingsknöchelchen Echt-Fleisch Pferd|https://www.mueller.at/p/fresco-martin-ruetter-hundesnack-trainingsknoechelchen-echt-fleisch-pferd-IPN2904833/|150 g|Natürlicher Monoproteinsnack aus reinem Pferdefleisch in Knöchelchen-Form mit dem Gütesiegel des Hundeprofis Martin Rütter. Gesund. Lecker. Vom Hundeprofi.||Trocken lagern.|||||||Pferd|||||||||||||Non-Organic||||"{'Lagerhinweis': 'Trocken lagern.', 'Futtermittelart': 'Ergänzungsfutter', 'manufacturer': 'Fresco Dog Foods GmbH', 'Herstelleradresse': 'Markscheiderweg 4, 44536 Lünen', 'Kontaktmöglichkeit': 'info@fresco.dog', 'Zulassungsnummer': 'DE05978003213', 'Geeignet für Lebensphase': 'Adult', 'Geschmacksrichtung': 'Pferd', 'packaging_type': 'Beutel', 'Inhalt': '150 g', 'Eigenschaften': 'Ohne Farbstoffe|Ohne Zusatz von Konservierungsstoffen|Ohne Getreide', 'Fütterungsempfehlung': 'Nur als Trainingssnack oder Leckerlie. Die Menge sollte von der Gesamtfuttermenge abgezogen werden.', 'Analytische Bestandteile': 'Proteine 36%, Rohfett 18%, Feuchtigkeit 8%, Rohasche 9%, Rohfaser 1%', 'Zusammensetzung (Futter)': '95% Pferdefleisch, 5% natürliches pflanzliches Glycerin', 'Produkttyp': 'Belohnung & Snacks', 'Tiertyp': 'Hund'}"||||Nur als Trainingssnack oder Leckerlie. Die Menge sollte von der Gesamtfuttermenge abgezogen werden.|||||||Pferd|||0|0|2904833_1.png|https://static.mueller.de/pdzoom/4251292864351.webp||||||||||||||||||||||Fresco Dog Foods GmbH||||||||||150 g|||True||2904833P|||||Adult||||10
128898|mueller||||||||2024-10-28|J.G. Schrödel - Sheriff antik, 100-Schuss Pistole|JG SCHROEDEL||1|Stk.|Home|Spielwaren|Kostüme & Partyartikel|Kostüme & Schminke|J.G. Schrödel - Sheriff antik, 100-Schuss Pistole|||13,99 €|13,99 €||||||||||||||EUR|Home> Spielwaren> Kostüme & Partyartikel> Kostüme & Schminke> J.G. Schrödel - Sheriff antik, 100-Schuss Pistole|https://www.mueller.at/p/j-g-schroedel-sheriff-antik-100-schuss-pistole-128898/|1 Stk.|"„Sheriff antik"": Spielzeugpistole für Zündplättchen, auf Tester, für 100-Schuss-Munition, 17.5 cm, silber/ braun (404 4581)
Mit der silber-braunen Spielzeugpistole „Sheriff Antik“ kommen große und kleine Pistolenfans voll auf ihre Kosten. Egal ob Sheriff, Cowboy oder Räuber – diese 17,5 cm lange Spielzeugpistole verleiht dem Faschingskostüm den letzten Schliff. Die 100-Schuss-Pistole aus Zink und Kunststoff verfügt über einen handlichen Pistolengriff. Als Munition eignet sich am besten die 100-Schuss Band-Amorces Typ Wicke EURO CAPS® des Herstellers Sohni-Wicke. Dank der hochwertigen Verarbeitung ist langes Spiel, Spaß und Action garantiert. Nicht geeignet für Kinder unter 3 Jahren."||||||||6 Jahre||||||||||||||Non-Organic||||"{'target_group': 'Grundschüler|Jugendliche', 'manufacturer': 'J.G.Schrödel Vertriebsgesellschaft m.b.H', 'Herstelleradresse': 'Hans-Bunte-Straße 2 90431 Nürnberg', 'Kontaktmöglichkeit': 'https://www.bauer-spielwaren.de/', 'Artikelnummer des Herstellers': '404 4581', 'license': 'JG Schroedel 100-Schuss Pistolen', 'Altersempfehlung ab': '6 Jahre', 'Altersempfehlung bis': '99 Jahre', 'Inhalt': '1 Stk.', 'Produkttyp': 'Sonstiges Kostümzubehör'}"||||||||||||||0|0|128898_1.png|https://static.mueller.de/62387085-PB-0/pdzoom/j-g-schroedel-sheriff-antik-100-schuss-pistole.webp|128898_2.png|https://static.mueller.de/62387085-PB-1/pdzoom/j-g-schroedel-sheriff-antik-100-schuss-pistole.webp|128898_3.png|https://static.mueller.de/62387085-PB-2/pdzoom/j-g-schroedel-sheriff-antik-100-schuss-pistole.webp||||||||||||||||||J.G.Schrödel Vertriebsgesellschaft m.b.H||||||||||1 Stk.|||True||128898P|||||||||10
2576058|mueller||||||||2024-10-28|Cry|||1|Stk.|Home|Multi-Media|Musik|Pop|Cry|||9,99 €|9,99 €||||||||||||||EUR|Home> Multi-Media> Musik> Pop> Cry|https://www.mueller.at/p/cry-2576058/|1 Stk.|||||||||||||||||||||||Non-Organic||||{'medium': 'CD', 'Künstler': 'Cigarettes After Sex', 'Inhalt': '1 Stk.', 'Anzahl Medien im Artikel': '1', 'genre': 'Pop international', 'Label': 'PIAS/PARTI'}||||||||||||||0|0|2576058_1.png|https://static.mueller.de/pdzoom/phononet_0720841217329_pv_0720841217329-0600px-001.webp|2576058_2.png|https://static.mueller.de/pdzoom/phononet_0720841217329_pr_0720841217329-0600px-002.webp|2576058_3.png|https://static.mueller.de/6694528281-PR-1/pdzoom/cry.webp||||||||||||||||||||||||||||1 Stk.|||True||2576058P|||||||||5
442748|mueller||||||||2024-10-28|KORRES Almond & Linseed Haarmaske|KORRES||125|ml|Home|Parfümerie|Pflege|Haarpflege|Haarpflege|KORRES Almond & Linseed Haarmaske||16,90 €|16,90 €|||||||||||135,20 € / 1 l|||EUR|Home> Parfümerie> Pflege> Haarpflege> Haarpflege> KORRES Almond & Linseed Haarmaske|https://www.mueller.at/p/korres-almond-linseed-haarmaske-442748/|125 ml|"Der Conditioner für chemisch behandeltes Haar (Färbung, Dauerwelle) schützt die Haarfarbe und versorgt das Haar tiefenwirksam mit Feuchtigkeit. 
Sonnenblumen und Griechischer Bergtee, reich an Polyphenolen, beugen einem vorzeitigen Verblassen der Haarfarbe vor und schützen gegen die Einwirkung von häufigen Haarwäschen, Styling und Sonnenstrahlung."||||||||||||||||||||||Non-Organic||||"{'PH-Hautneutral': 'Ja', 'hair_type': 'coloriertes Haar', 'Effekt': 'pflegend', 'target_group': 'Damen|Herren|Unisex', 'manufacturer': 'KORRES D-A-CH GmbH', 'Herstelleradresse': 'Max-Planck-Straße 6, DE-85609 Aschheim-Dornach', 'Kontaktmöglichkeit': 'kontakt@korres-dach.de', 'Anwendungshinweis': 'Nach der Haarwäsche im feuchten Haar verteilen. Lassen Sie die Pflegespülung 1-2 Minuten einwirken und spülen diese dann gründlich mit Wasser aus.', 'package_contents': 'AQUA/WATER/EAU, CETEARYL ALCOHOL, DISTEAROYLETHYL HYDROXYETHYLMONIUM METHOSULFATE, GLYCERIN, DICAPRYLYL CARBONATE, LIMNANTHES ALBA (MEADOWFOAM) SEED OIL, QUATERNIUM-91, INULIN, POLYQUATERNIUM-37, ALTHAEA OFFICINALIS ROOT EXTRACT, ASTROCARYUM MURUMURU SEED BUTTER, BEHENTRIMONIUM CHLORIDE, BETA VULGARIS (BEET) EXTRACT/BEET ROOT EXTRACT/EXTRAIT DE BETTERAVE, BUTYLENE GLYCOL, BUTYROSPERMUM PARKII (SHEA) BUTTER, CAPRYLIC/CAPRIC TRIGLYCERIDE, CAPRYLYL GLYCOL, CETRIMONIUM METHOSULFATE, GUAR HYDROXYPROPYLTRIMONIUM CHLORIDE, HYDROLYZED CERATONIA SILIQUA SEED EXTRACT, HYDROLYZED WHEAT PROTEIN, HYDROLYZED WHEAT STARCH, HYDROXYPROPYL GUAR, LACTIC ACID, LIMONIUM GERBERI EXTRACT, LINUM USITATISSIMUM (LINSEED) SEED EXTRACT, NIACINAMIDE, ORBIGNYA SPECIOSA KERNEL OIL, ORIGANUM DICTAMNUS FLOWER/LEAF/STEM EXTRACT, ORIGANUM MAJORANA LEAF EXTRACT, PANTHENOL, PHENETHYL ALCOHOL, POLYQUATERNIUM-7, POLYQUATERNIUM-47, PRUNUS AMYGDALUS DULCIS (SWEET ALMOND) FRUIT EXTRACT, SIDERITIS SYRIACA EXTRACT, SODIUM GLUCEPTATE, TOCOPHEROL, XANTHAN GUM, ZEA MAYS (CORN) STARCH, PHENOXYETHANOL, POTASSIUM SORBATE, SODIUM BENZOATE, COUMARIN, LINALOOL, PARFUM/FRAGRANCE.', 'product_property': 'regenerierend|aufbauend|feuchtigkeitsspendend', 'Inhalt': '125 ml', 'Produkttyp': 'Haarmaske'}"||||||||||||||0|0|442748_1.png|https://static.mueller.de/250571703-PV-0/pdzoom/korres-almond-linseed-haarmaske.webp|442748_2.png|https://static.mueller.de/250571703-PR-1/pdzoom/korres-almond-linseed-haarmaske.webp||||||||||||||||||||KORRES D-A-CH GmbH||||||||||125 ml|AQUA/WATER/EAU, CETEARYL ALCOHOL, DISTEAROYLETHYL HYDROXYETHYLMONIUM METHOSULFATE, GLYCERIN, DICAPRYLYL CARBONATE, LIMNANTHES ALBA (MEADOWFOAM) SEED OIL, QUATERNIUM-91, INULIN, POLYQUATERNIUM-37, ALTHAEA OFFICINALIS ROOT EXTRACT, ASTROCARYUM MURUMURU SEED BUTTER, BEHENTRIMONIUM CHLORIDE, BETA VULGARIS (BEET) EXTRACT/BEET ROOT EXTRACT/EXTRAIT DE BETTERAVE, BUTYLENE GLYCOL, BUTYROSPERMUM PARKII (SHEA) BUTTER, CAPRYLIC/CAPRIC TRIGLYCERIDE, CAPRYLYL GLYCOL, CETRIMONIUM METHOSULFATE, GUAR HYDROXYPROPYLTRIMONIUM CHLORIDE, HYDROLYZED CERATONIA SILIQUA SEED EXTRACT, HYDROLYZED WHEAT PROTEIN, HYDROLYZED WHEAT STARCH, HYDROXYPROPYL GUAR, LACTIC ACID, LIMONIUM GERBERI EXTRACT, LINUM USITATISSIMUM (LINSEED) SEED EXTRACT, NIACINAMIDE, ORBIGNYA SPECIOSA KERNEL OIL, ORIGANUM DICTAMNUS FLOWER/LEAF/STEM EXTRACT, ORIGANUM MAJORANA LEAF EXTRACT, PANTHENOL, PHENETHYL ALCOHOL, POLYQUATERNIUM-7, POLYQUATERNIUM-47, PRUNUS AMYGDALUS DULCIS (SWEET ALMOND) FRUIT EXTRACT, SIDERITIS SYRIACA EXTRACT, SODIUM GLUCEPTATE, TOCOPHEROL, XANTHAN GUM, ZEA MAYS (CORN) STARCH, PHENOXYETHANOL, POTASSIUM SORBATE, SODIUM BENZOATE, COUMARIN, LINALOOL, PARFUM/FRAGRANCE.||True||442748P|||||||||10
2904825|mueller||||||||2024-10-28|H&H Kinderbecher SOPHIA|H&H||1|Stk.|Home|Spielwaren|Kostüme & Partyartikel|Trends|H&H Kinderbecher SOPHIA|||8,99 €|8,99 €||||||||||||||EUR|Home> Spielwaren> Kostüme & Partyartikel> Trends> H&H Kinderbecher SOPHIA|https://www.mueller.at/p/h-h-kinderbecher-sophia-IPN2904825/|1 Stk.|Der Personalisierte Kinderbecher besteht aus dem langlebigen, robusten aber leichten Material Melamin – somit ideal für kleine Kinderhände. Es wurde darauf geachtet, dass die Becher spülmaschinengeeignet sind. Ihr Fassungsvermögen beträgt 250ml.||||||||2 Jahre||||||||||||||Non-Organic||||"{'target_group': 'Kleinkinder|Kindergartenkinder|Grundschüler', 'Artikelnummer des Herstellers': '03225060080', 'Altersempfehlung ab': '2 Jahre', 'Inhalt': '1 Stk.', 'Produkttyp': 'Kleinspielzeug'}"||||||||||||||0|0|2904825_1.png|https://static.mueller.de/pdzoom/5099563201400_03225060080_Sophia.webp||||||||||||||||||||||03225060080||||||||||1 Stk.|||True||2904825P|||||||||10
2904827|mueller||||||||2024-10-28|H&H Kinderbecher SOPHIE|H&H||1|Stk.|Home|Spielwaren|Kostüme & Partyartikel|Trends|H&H Kinderbecher SOPHIE|||8,99 €|8,99 €||||||||||||||EUR|Home> Spielwaren> Kostüme & Partyartikel> Trends> H&H Kinderbecher SOPHIE|https://www.mueller.at/p/h-h-kinderbecher-sophie-IPN2904827/|1 Stk.|Der Personalisierte Kinderbecher besteht aus dem langlebigen, robusten aber leichten Material Melamin – somit ideal für kleine Kinderhände. Es wurde darauf geachtet, dass die Becher spülmaschinengeeignet sind. Ihr Fassungsvermögen beträgt 250ml.||||||||2 Jahre||||||||||||||Non-Organic||||"{'target_group': 'Kleinkinder|Kindergartenkinder|Grundschüler', 'Artikelnummer des Herstellers': '03225060081', 'Altersempfehlung ab': '2 Jahre', 'Inhalt': '1 Stk.', 'Produkttyp': 'Kleinspielzeug'}"||||||||||||||0|0|2904827_1.png|https://static.mueller.de/pdzoom/5099563201417_03225060081_Sophie.webp||||||||||||||||||||||03225060081||||||||||1 Stk.|||True||2904827P|||||||||10
2904829|mueller||||||||2024-10-28|H&H Kinderbecher THEA|H&H||1|Stk.|Home|Spielwaren|Kostüme & Partyartikel|Trends|H&H Kinderbecher THEA|||8,99 €|8,99 €||||||||||||||EUR|Home> Spielwaren> Kostüme & Partyartikel> Trends> H&H Kinderbecher THEA|https://www.mueller.at/p/h-h-kinderbecher-thea-IPN2904829/|1 Stk.|Der Personalisierte Kinderbecher besteht aus dem langlebigen, robusten aber leichten Material Melamin – somit ideal für kleine Kinderhände. Es wurde darauf geachtet, dass die Becher spülmaschinengeeignet sind. Ihr Fassungsvermögen beträgt 250ml.||||||||2 Jahre||||||||||||||Non-Organic||||"{'target_group': 'Kleinkinder|Kindergartenkinder|Grundschüler', 'Artikelnummer des Herstellers': '03225060082', 'Altersempfehlung ab': '2 Jahre', 'Inhalt': '1 Stk.', 'Produkttyp': 'Kleinspielzeug'}"||||||||||||||0|0|2904829_1.png|https://static.mueller.de/pdzoom/5099563201424_03225060082_Theo.webp||||||||||||||||||||||03225060082||||||||||1 Stk.|||True||2904829P|||||||||10
810090|mueller||||||||2024-10-28|Pelikan Deckersatzfarbe türkisblau|PELIKAN||1|Stk.|Home|Schreibwaren|Bastelbedarf|Farbkasten|Pelikan Deckersatzfarbe türkisblau|||1,49 €|1,49 €||||||||||||||EUR|Home> Schreibwaren> Bastelbedarf> Farbkasten> Pelikan Deckersatzfarbe türkisblau|https://www.mueller.at/p/pelikan-deckersatzfarbe-tuerkisblau-810090/|1 Stk.|Pelikan Deck-Ersatzfarbe für Farbkästen. Hochergiebig und farbbrillant, lichtechte Pigmente, starke Deckkraft. In silbergrauen Farbschälchen.||||||||||||||||||||||Non-Organic||||{'Inhalt': '1 Stk.', 'Produkttyp': 'Farbkasten'}||||||||||||||0|0|810090_1.png|https://static.mueller.de/6485926066-PV-0/pdzoom/pelikan-deckersatzfarbe-tuerkisblau.webp||||||||||||||||||||||||||||||||1 Stk.|||True||810090P|||||||||10
810091|mueller||||||||2024-10-28|Pelikan Deckersatzfarbe cyanblau|PELIKAN||1|Stk.|Home|Schreibwaren|Bastelbedarf|Farbkasten|Pelikan Deckersatzfarbe cyanblau|||1,49 €|1,49 €||||||||||||||EUR|Home> Schreibwaren> Bastelbedarf> Farbkasten> Pelikan Deckersatzfarbe cyanblau|https://www.mueller.at/p/pelikan-deckersatzfarbe-cyanblau-810091/|1 Stk.|Pelikan Deck-Ersatzfarbe für Farbkästen. Hochergiebig und farbbrillant, lichtechte Pigmente, starke Deckkraft. In silbergrauen Farbschälchen.||||||||||||||||||||||Non-Organic||||{'Inhalt': '1 Stk.', 'Produkttyp': 'Farbkasten'}||||||||||||||0|0|810091_1.png|https://static.mueller.de/6485925994-PV-0/pdzoom/pelikan-deckersatzfarbe-cyanblau.webp||||||||||||||||||||||||||||||||1 Stk.|||True||810091P|||||||||10
810092|mueller||||||||2024-10-28|Pelikan Deckersatzfarbe blaugrün|PELIKAN||1|Stk.|Home|Schreibwaren|Bastelbedarf|Farbkasten|Pelikan Deckersatzfarbe blaugrün|||1,49 €|1,49 €||||||||||||||EUR|Home> Schreibwaren> Bastelbedarf> Farbkasten> Pelikan Deckersatzfarbe blaugrün|https://www.mueller.at/p/pelikan-deckersatzfarbe-blaugruen-810092/|1 Stk.|Pelikan Deck-Ersatzfarbe für Farbkästen. Hochergiebig und farbbrillant, lichtechte Pigmente, starke Deckkraft. In silbergrauen Farbschälchen.||||||||||||||||||||||Non-Organic||||{'Inhalt': '1 Stk.', 'Produkttyp': 'Farbkasten'}||||||||||||||0|0|810092_1.png|https://static.mueller.de/6658635163-PV-0/pdzoom/pelikan-deckersatzfarbe-blaugruen.webp||||||||||||||||||||||||||||||||1 Stk.|||True||810092P|||||||||10
810094|mueller||||||||2024-10-28|Pelikan Deckersatzfarbe französisch grün|PELIKAN||1|Stk.|Home|Schreibwaren|Bastelbedarf|Farbkasten|Pelikan Deckersatzfarbe französisch grün|||1,49 €|1,49 €||||||||||||||EUR|Home> Schreibwaren> Bastelbedarf> Farbkasten> Pelikan Deckersatzfarbe französisch grün|https://www.mueller.at/p/pelikan-deckersatzfarbe-franzoesisch-gruen-810094/|1 Stk.|Pelikan Deck-Ersatzfarbe für Farbkästen. Hochergiebig und farbbrillant, lichtechte Pigmente, starke Deckkraft. In silbergrauen Farbschälchen.||||||||||||||||||||||Non-Organic||||{'Inhalt': '1 Stk.', 'Produkttyp': 'Farbkasten'}||||||||||||||0|0|810094_1.png|https://static.mueller.de/6766923452-PV-0/pdzoom/pelikan-deckersatzfarbe-franzoesisch-gruen.webp||||||||||||||||||||||||||||||||1 Stk.|||True||810094P|||||||||10
2904820|mueller||||||||2024-10-28|H&H Kinderbecher PAUL|H&H||1|Stk.|Home|Spielwaren|Kostüme & Partyartikel|Trends|H&H Kinderbecher PAUL|||8,99 €|8,99 €||||||||||||||EUR|Home> Spielwaren> Kostüme & Partyartikel> Trends> H&H Kinderbecher PAUL|https://www.mueller.at/p/h-h-kinderbecher-paul-IPN2904820/|1 Stk.|Der Personalisierte Kinderbecher besteht aus dem langlebigen, robusten aber leichten Material Melamin – somit ideal für kleine Kinderhände. Es wurde darauf geachtet, dass die Becher spülmaschinengeeignet sind. Ihr Fassungsvermögen beträgt 250ml.||||||||2 Jahre||||||||||||||Non-Organic||||"{'target_group': 'Kleinkinder|Kindergartenkinder|Grundschüler', 'Artikelnummer des Herstellers': '03225060078', 'Altersempfehlung ab': '2 Jahre', 'Inhalt': '1 Stk.', 'Produkttyp': 'Kleinspielzeug'}"||||||||||||||0|0|2904820_1.png|https://static.mueller.de/pdzoom/5099563201387_03225060078_Paul.webp||||||||||||||||||||||03225060078||||||||||1 Stk.|||True||2904820P|||||||||10
810095|mueller||||||||2024-10-28|Pelikan Deckersatzfarbe gelbgrün|PELIKAN||1|Stk.|Home|Schreibwaren|Bastelbedarf|Farbkasten|Pelikan Deckersatzfarbe gelbgrün|||1,49 €|1,49 €||||||||||||||EUR|Home> Schreibwaren> Bastelbedarf> Farbkasten> Pelikan Deckersatzfarbe gelbgrün|https://www.mueller.at/p/pelikan-deckersatzfarbe-gelbgruen-810095/|1 Stk.|Pelikan Deck-Ersatzfarbe für Farbkästen. Hochergiebig und farbbrillant, lichtechte Pigmente, starke Deckkraft. In silbergrauen Farbschälchen.||||||||||||||||||||||Non-Organic||||{'Inhalt': '1 Stk.', 'Produkttyp': 'Farbkasten'}||||||||||||||0|0|810095_1.png|https://static.mueller.de/6485926138-PV-0/pdzoom/pelikan-deckersatzfarbe-gelbgruen.webp||||||||||||||||||||||||||||||||1 Stk.|||True||810095P|||||||||10
2904821|mueller||||||||2024-10-28|H&H Kinderbecher SIMON|H&H||1|Stk.|Home|Spielwaren|Kostüme & Partyartikel|Trends|H&H Kinderbecher SIMON|||8,99 €|8,99 €||||||||||||||EUR|Home> Spielwaren> Kostüme & Partyartikel> Trends> H&H Kinderbecher SIMON|https://www.mueller.at/p/h-h-kinderbecher-simon-IPN2904821/|1 Stk.|Der Personalisierte Kinderbecher besteht aus dem langlebigen, robusten aber leichten Material Melamin – somit ideal für kleine Kinderhände. Es wurde darauf geachtet, dass die Becher spülmaschinengeeignet sind. Ihr Fassungsvermögen beträgt 250ml.||||||||2 Jahre||||||||||||||Non-Organic||||"{'target_group': 'Kleinkinder|Kindergartenkinder|Grundschüler', 'Artikelnummer des Herstellers': '03225060079', 'Altersempfehlung ab': '2 Jahre', 'Inhalt': '1 Stk.', 'Produkttyp': 'Kleinspielzeug'}"||||||||||||||0|0|2904821_1.png|https://static.mueller.de/pdzoom/5099563201394_03225060079_Simon.webp||||||||||||||||||||||03225060079||||||||||1 Stk.|||True||2904821P|||||||||10
810097|mueller||||||||2024-10-28|Pelikan Deckersatzfarbe gebrannte Sienna|PELIKAN||1|Stk.|Home|Schreibwaren|Bastelbedarf|Farbkasten|Pelikan Deckersatzfarbe gebrannte Sienna|||1,49 €|1,49 €||||||||||||||EUR|Home> Schreibwaren> Bastelbedarf> Farbkasten> Pelikan Deckersatzfarbe gebrannte Sienna|https://www.mueller.at/p/pelikan-deckersatzfarbe-gebrannte-sienna-810097/|1 Stk.|Pelikan Deck-Ersatzfarbe für Farbkästen. Hochergiebig und farbbrillant, lichtechte Pigmente, starke Deckkraft. In silbergrauen Farbschälchen.||||||||||||||||||||||Non-Organic||||{'Inhalt': '1 Stk.', 'Produkttyp': 'Farbkasten'}||||||||||||||0|0|810097_1.png|https://static.mueller.de/6658635083-PV-0/pdzoom/pelikan-deckersatzfarbe-gebrannte-sienna.webp||||||||||||||||||||||||||||||||1 Stk.|||True||810097P|||||||||10
2733101|mueller||||||||2024-10-28|SOUR|||1|Stk.|Home|Multi-Media|Musik|Pop|SOUR|||13,99 €|13,99 €||||||||||||||EUR|Home> Multi-Media> Musik> Pop> SOUR|https://www.mueller.at/p/sour-2733101/|1 Stk.|||||||||||||||||||||||Non-Organic||||{'medium': 'CD', 'Künstler': 'Rodrigo,Olivia', 'Inhalt': '1 Stk.', 'Anzahl Medien im Artikel': '1', 'genre': 'Pop international', 'Label': 'Geffen'}||||||||||||||0|0|2733101_1.png|https://static.mueller.de/pdzoom/phononet_0602438077441_pv_0602438077441-0600px-001.webp|2733101_2.png|https://static.mueller.de/pdzoom/phononet_0602438077441_pr_0602438077441-0600px-002.webp|2733101_3.png|https://static.mueller.de/6934255071-PR-1/pdzoom/sour.webp||||||||||||||||||||||||||||1 Stk.|||True||2733101P|||||||||5
2747713|mueller||||||||2024-10-28|JIMMY CHOO Urban Hero Gold Eau de Parfum|JIMMY CHOO||50|ml|Home|Parfümerie|Düfte für Ihn|Düfte|JIMMY CHOO Urban Hero Gold Eau de Parfum|||69,95 €|69,95 €|||||||||||1 399,00 € / 1 l|||EUR|Home> Parfümerie> Düfte für Ihn> Düfte> JIMMY CHOO Urban Hero Gold Eau de Parfum|https://www.mueller.at/p/jimmy-choo-urban-hero-gold-eau-de-parfum-2747713/|50 ml|"Urban Hero Gold ist ein anspruchsvoller Duft mit einem wilden Herzen. Rebellisch und doch kreativ, raffiniert und gewagt. Ein Duft der Widersprüche und Kontraste - bei dem die Nacht auf den Tag, Eleganz auf Härte und Kunst auf Leben trifft.
Urban Hero Gold ist elegant und doch facettenreich - ein Mann der Widersprüche und Kontraste, der die Freiheit liebt. Dieser verführerische Sinn für Dualität spiegelt sich sowohl im Duft als auch in den leuchtenden Gold- und Schwarztönen des Flakons wider - Farbtöne, die von den leuchtenden Farben inspiriert sind, die von den talentiertesten Straßenkünstlern der Welt verwendet werden."||||||||||||||||||||||Non-Organic||||{'target_group': 'Herren', 'manufacturer': 'Nobilis Group GmbH', 'Herstelleradresse': 'Rheingaustraße 32, DE-65201 Wiesbaden', 'Kontaktmöglichkeit': 'info@nobilis-group.com', 'fragrance_concentration': 'Eau de Parfum', 'top_note': 'Ananas, Blutorange, Basilikum', 'heart_note': 'Lavandin, Tonkabohne, Ambertonic', 'base_note': 'Sandelholz, Moos, Moschus', 'Anwendungshinweis': 'Auf die gesunde Haut aufsprühen und Kontakt mit den Augen vermeiden.', 'application_type': 'Pumpzerstäuber', 'package_contents': 'ALCOHOL DENAT. (SD ALCOHOL 39-C), PARFUM (FRAGRANCE), AQUA (WATER), ETHYLHEXYL METHOXYCINNAMATE, ETHYLHEXYL SALICYLATE, BUTYL METHOXYDIBENZOYLMETHANE, BHT, ALPHA-ISOMETHYL IONONE, CINNAMAL, CITRAL, CITRONELLOL, COUMARIN, EUGENOL, GERANIOL, LIMONENE, LINALOOL, CI 429 (BLUE 1), CI 147 (RED 4), CI 1914 (YELLOW 5).', 'Inhalt': '50 ml', 'Produkttyp': 'Eau de Parfum'}||||||||||||||0|0|2747713_1.png|https://static.mueller.de/6973729644-PV-0/pdzoom/jimmy-choo-urban-hero-gold-eau-de-parfum.webp|2747713_2.png|https://static.mueller.de/6973729644-PUV-1/pdzoom/jimmy-choo-urban-hero-gold-eau-de-parfum.webp|2747713_3.png|https://static.mueller.de/6973729644-VV-2/pdzoom/jimmy-choo-urban-hero-gold-eau-de-parfum.webp||||||||||||||||||Nobilis Group GmbH||||||||||50 ml|ALCOHOL DENAT. (SD ALCOHOL 39-C), PARFUM (FRAGRANCE), AQUA (WATER), ETHYLHEXYL METHOXYCINNAMATE, ETHYLHEXYL SALICYLATE, BUTYL METHOXYDIBENZOYLMETHANE, BHT, ALPHA-ISOMETHYL IONONE, CINNAMAL, CITRAL, CITRONELLOL, COUMARIN, EUGENOL, GERANIOL, LIMONENE, LINALOOL, CI 429 (BLUE 1), CI 147 (RED 4), CI 1914 (YELLOW 5).||True||2747713P|||||||||10
2747716|mueller||||||||2024-10-28|sardinha Sardinen in Tomatensauce mit Olivenöl|SARDINHA||120|g|Home|Drogerie|Lebensmittel|Nahrung|Fertiggerichte & Konserven|Schnelle Küche|sardinha Sardinen in Tomatensauce mit Olivenöl|3,95 €|3,95 €|||||||||||32,92 € / 1 kg|||EUR|Home> Drogerie> Lebensmittel> Nahrung> Fertiggerichte & Konserven> Schnelle Küche> sardinha Sardinen in Tomatensauce mit Olivenöl|https://www.mueller.at/p/sardinha-sardinen-in-tomatensauce-mit-olivenoel-2747716/|120 g|Sardine in der Dose, kann so verzehrt werden und braucht keine gesonderte Zubereitung. Dose öffnen und geniessen!|||||Portugal||||||{'Nährwerte je': '100g', 'Brennwert': '1403 kj / 339 kcal', 'Fett in g': '29', '- davon gesättigte Fettsäuren in g': '5.6', 'Kohlenhydrate in g': '<05', '- davon Zucker in g': '<0,5', 'Eiweiß in g': '20', 'Salz in g': '0.8'}|||||||||||Non-Organic||||{'manufacturer': 'Feinkost Käfer GmbH', 'Herstelleradresse': 'Heimstettener Str. 1, 85599 Parsdorf', 'Herkunftsland': 'Portugal', 'Inhalt': '120 g', 'Zutaten': 'Sardine (SardinaPilchardus)– min 70%, Wasser, Tomate – 7%, Sönnenblumenöl, Salz', 'Produkttyp': 'Schnelle Küche'}||||||||||||||0|0|2747716_1.png|https://static.mueller.de/6956445353-PV-0/pdzoom/sardinha-sardinen-in-tomatensauce-mit-olivenoel.webp||||||||||||||||||||||Feinkost Käfer GmbH||||||||||120 g|||False||2747716P|||||||||1
2576071|mueller||||||||2024-10-28|Terra Naturi CLEAR Anti-Pickel SOS-Gel|TERRA NATURI||15|ml|Home|Parfümerie|Pflege|Gesichtspflege|Reinigung|Reinigungsgel|Terra Naturi CLEAR Anti-Pickel SOS-Gel|3,45 €|3,45 €|||||||||||230,00 € / 1 l|||EUR|Home> Parfümerie> Pflege> Gesichtspflege> Reinigung> Reinigungsgel> Terra Naturi CLEAR Anti-Pickel SOS-Gel|https://www.mueller.at/p/terra-naturi-clear-anti-pickel-sos-gel-2576071/|15 ml|"Das Terra Naturi CLEAR Anti-Pickel SOS-Gel ist eine Spezialpflege zur gezielten Bekämpfung von Pickeln und Unreinheiten.Der Extrakt aus Weidenrinde enthält natürliche Salicylsäure, die der Entstehung von Unreinheiten
vorbeugt.Zink PCA wirkt pickelverursachenden Bakterien entgegen und der Wirkstoffkomplex aus weißer Tonerde und Heilerde mattiert die Haut.Pflanzliches Bisabolol beruhigt gestresste und gerötete Haut, mildert Irritationen und unterstützt den natürlichen Regenerationsprozess."||||||||||||||||||||||Non-Organic||||"{'target_group': 'Damen|Unisex|Herren', 'manufacturer': 'Femia Cosmetic Vertriebsgesellschaft mbH', 'Herstelleradresse': 'Gut Weide 1, DE-52078 Aachen', 'Anwendungshinweis': 'Nach der gründlichen Reinigung eine kleine Menge gezielt auf Pickel und Unreinheiten auftragen. Bei Bedarf Anwendung wiederholen.', 'package_contents': 'AQUA, ALCOHOL, KAOLIN, SALIX NIGRA BARK EXTRACT, DIATOMACEOUS EARTH, XANTHAN GUM, ZINC PCA, BISABOLOL, GELLAN GUM, LEVULINIC ACID, PARFUM, CITRIC ACID, SODIUM LEVULINATE, GLYCERIN, LINALOOL, GERANIOL, BENZYL ALCOHOL', 'skin_type': 'Mischhaut|ölige Haut|unreine Haut', 'product_property': 'reinigend|beruhigend|pflegend|regenerierend', 'Inhalt': '15 ml', 'scope_of_application': 'Reinigung', 'Produkttyp': 'Reinigungsgel'}"||||||||||||||5.0|1|2576071_1.png|https://static.mueller.de/6803862592-PV-0/pdzoom/terra-naturi-clear-anti-pickel-sos-gel.webp|2576071_2.png|https://static.mueller.de/6803862592-PUV-1/pdzoom/terra-naturi-clear-anti-pickel-sos-gel.webp||||||||||||||||||||Femia Cosmetic Vertriebsgesellschaft mbH||||||||||15 ml|AQUA, ALCOHOL, KAOLIN, SALIX NIGRA BARK EXTRACT, DIATOMACEOUS EARTH, XANTHAN GUM, ZINC PCA, BISABOLOL, GELLAN GUM, LEVULINIC ACID, PARFUM, CITRIC ACID, SODIUM LEVULINATE, GLYCERIN, LINALOOL, GERANIOL, BENZYL ALCOHOL||True||2576071P|||||||||10
2576072|mueller||||||||2024-10-28|Terra Naturi CLEAR Hydrogel|TERRA NATURI||30|ml|Home|Parfümerie|Pflege|Gesichtspflege|Reinigung|Reinigungsgel|Terra Naturi CLEAR Hydrogel|3,95 €|3,95 €|||||||||||131,67 € / 1 l|||EUR|Home> Parfümerie> Pflege> Gesichtspflege> Reinigung> Reinigungsgel> Terra Naturi CLEAR Hydrogel|https://www.mueller.at/p/terra-naturi-clear-hydrogel-2576072/|30 ml|Das ölfreie Terra Naturi CLEAR Hydrogel reduziert unschönen Hautglanz sofort und effektiv und schenkt der Haut ein samtig-weiches Hautgefühl. Der Extrakt aus Weidenrinde enthält natürliche Salicylsäure, die der Entstehung von Unreinheiten vorbeugt. Weiße Tonerde und Heilerde absorbieren überschüssiges Hautfett und mattieren die Haut. Pflanzliches Bisabolol beruhigt gestresste und gerötete Haut, mildert Irritationen und unterstützt ihren natürlichen Regenerationsprozess.||||||||||||||||||||||Non-Organic||||"{'target_group': 'Damen|Unisex|Herren', 'manufacturer': 'Femia Cosmetic Vertriebsgesellschaft mbH', 'Herstelleradresse': 'Gut Weide 1, DE-52078 Aachen', 'Anwendungshinweis': 'Nach der Reinigung täglich morgens und abends auf Gesicht, Hals und Dekolleté auftragen.', 'package_contents': 'AQUA, ALCOHOL, GLYCERIN, BETAINE, KAOLIN, SALIX NIGRA BARK EXTRACT, DIATOMACEOUS EARTH, BISABOLOL, XANTHAN GUM, LEVULINIC ACID, GELLAN GUM, PARFUM, SODIUM LEVULINATE, SODIUM HYDROXIDE, LINALOOL, GERANIOL, BENZYL ALCOHOL', 'skin_type': 'Mischhaut|ölige Haut|unreine Haut', 'product_property': 'pflegend|reinigend|beruhigend', 'Inhalt': '30 ml', 'scope_of_application': 'Reinigung', 'Produkttyp': 'Reinigungsgel'}"||||||||||||||5.0|2|2576072_1.png|https://static.mueller.de/6803862555-PV-0/pdzoom/terra-naturi-clear-hydrogel.webp||||||||||||||||||||||Femia Cosmetic Vertriebsgesellschaft mbH||||||||||30 ml|AQUA, ALCOHOL, GLYCERIN, BETAINE, KAOLIN, SALIX NIGRA BARK EXTRACT, DIATOMACEOUS EARTH, BISABOLOL, XANTHAN GUM, LEVULINIC ACID, GELLAN GUM, PARFUM, SODIUM LEVULINATE, SODIUM HYDROXIDE, LINALOOL, GERANIOL, BENZYL ALCOHOL||True||2576072P|||||||||10
2904814|mueller||||||||2024-10-28|H&H Kinderbecher NIKLAS|H&H||1|Stk.|Home|Spielwaren|Kostüme & Partyartikel|Trends|H&H Kinderbecher NIKLAS|||8,99 €|8,99 €||||||||||||||EUR|Home> Spielwaren> Kostüme & Partyartikel> Trends> H&H Kinderbecher NIKLAS|https://www.mueller.at/p/h-h-kinderbecher-niklas-IPN2904814/|1 Stk.|Der Personalisierte Kinderbecher besteht aus dem langlebigen, robusten aber leichten Material Melamin – somit ideal für kleine Kinderhände. Es wurde darauf geachtet, dass die Becher spülmaschinengeeignet sind. Ihr Fassungsvermögen beträgt 250ml.||||||||2 Jahre||||||||||||||Non-Organic||||"{'target_group': 'Kleinkinder|Kindergartenkinder|Grundschüler', 'Artikelnummer des Herstellers': '03225060075', 'Altersempfehlung ab': '2 Jahre', 'Inhalt': '1 Stk.', 'Produkttyp': 'Kleinspielzeug'}"||||||||||||||0|0|2904814_1.png|https://static.mueller.de/pdzoom/5099563201356_03225060075_Niklas.webp||||||||||||||||||||||03225060075||||||||||1 Stk.|||True||2904814P|||||||||6
2904817|mueller||||||||2024-10-28|H&H Kinderbecher NOAH|H&H||1|Stk.|Home|Spielwaren|Kostüme & Partyartikel|Trends|H&H Kinderbecher NOAH|||8,99 €|8,99 €||||||||||||||EUR|Home> Spielwaren> Kostüme & Partyartikel> Trends> H&H Kinderbecher NOAH|https://www.mueller.at/p/h-h-kinderbecher-noah-IPN2904817/|1 Stk.|Der Personalisierte Kinderbecher besteht aus dem langlebigen, robusten aber leichten Material Melamin – somit ideal für kleine Kinderhände. Es wurde darauf geachtet, dass die Becher spülmaschinengeeignet sind. Ihr Fassungsvermögen beträgt 250ml.||||||||2 Jahre||||||||||||||Non-Organic||||"{'target_group': 'Kleinkinder|Kindergartenkinder|Grundschüler', 'Artikelnummer des Herstellers': '03225060076', 'Altersempfehlung ab': '2 Jahre', 'Inhalt': '1 Stk.', 'Produkttyp': 'Kleinspielzeug'}"||||||||||||||0|0|2904817_1.png|https://static.mueller.de/pdzoom/5099563201363_03225060076_Noah.webp||||||||||||||||||||||03225060076||||||||||1 Stk.|||True||2904817P|||||||||10
2904818|mueller||||||||2024-10-28|H&H Kinderbecher OSKAR|H&H||1|Stk.|Home|Spielwaren|Kostüme & Partyartikel|Trends|H&H Kinderbecher OSKAR|||8,99 €|8,99 €||||||||||||||EUR|Home> Spielwaren> Kostüme & Partyartikel> Trends> H&H Kinderbecher OSKAR|https://www.mueller.at/p/h-h-kinderbecher-oskar-IPN2904818/|1 Stk.|Der Personalisierte Kinderbecher besteht aus dem langlebigen, robusten aber leichten Material Melamin – somit ideal für kleine Kinderhände. Es wurde darauf geachtet, dass die Becher spülmaschinengeeignet sind. Ihr Fassungsvermögen beträgt 250ml.||||||||2 Jahre||||||||||||||Non-Organic||||"{'target_group': 'Kleinkinder|Kindergartenkinder|Grundschüler', 'Artikelnummer des Herstellers': '03225060077', 'Altersempfehlung ab': '2 Jahre', 'Inhalt': '1 Stk.', 'Produkttyp': 'Kleinspielzeug'}"||||||||||||||0|0|2904818_1.png|https://static.mueller.de/pdzoom/5099563201370_03225060077_Oskar.webp||||||||||||||||||||||03225060077||||||||||1 Stk.|||True||2904818P|||||||||4
153800|mueller||||||||2024-10-28|HAMA Steckdosenleiste 6-fach, mit Schalter, 1,4 m, Weiß|HAMA||1|Stk.|Home|Multi-Media|Unterhaltungselektronik|Kabel & Adapter|HAMA Steckdosenleiste 6-fach, mit Schalter, 1,4 m, Weiß|||8,99 €|8,99 €||||||||||||||EUR|Home> Multi-Media> Unterhaltungselektronik> Kabel & Adapter> HAMA Steckdosenleiste 6-fach, mit Schalter, 1,4 m, Weiß|https://www.mueller.at/p/hama-steckdosenleiste-6-fach-mit-schalter-1-4-m-weiss-153800/|1 Stk.|"
zum Anschluss von bis zu sechs elektrischen Verbrauchern
mit beleuchtetem Ein-/Ausschalter
mit erhöhtem Berührungsschutz, um unbeabsichtigten Kontakt zu vermeiden
Steckdosen um 45° gedreht
GS-geprüft
"||||||||||||||||||||||Non-Organic||||{'Modellnummer': '00030530', 'Kabellänge': '1.4 m', 'Anschlüsse': 'Schutzkontakt-Kupplung', 'manufacturer': 'Hama GmbH & Co. KG', 'Herstelleradresse': 'Dresdner Str. 9, 86653 Monheim', 'Kontaktmöglichkeit': 'info.de@hama.de', 'Farbe': 'Weiß', 'Inhalt': '1 Stk.', 'Produkttyp': 'Kabel, Stecker & Adapter'}||||||Weiß|00030530|||||||0|0|153800_1.png|https://static.mueller.de/6806919997-PV-0/pdzoom/hama-steckdosenleiste-6-fach-mit-schalter-1-4-m-weiss.webp||||||||||||||||||||||Hama GmbH & Co. KG||||||||||1 Stk.|||True||153800P|||||||||3
153804|mueller||||||||2024-10-28|"HAMA Schutzkontakt-Verlängerungskabel ""Profi"", 3 m, Weiß"|HAMA||1|Stk.|Home|Multi-Media|Unterhaltungselektronik|Kabel & Adapter|"HAMA Schutzkontakt-Verlängerungskabel ""Profi"", 3 m, Weiß"|||7,99 €|7,99 €||||||||||||||EUR|"Home> Multi-Media> Unterhaltungselektronik> Kabel & Adapter> HAMA Schutzkontakt-Verlängerungskabel ""Profi"", 3 m, Weiß"|https://www.mueller.at/p/hama-schutzkontakt-verlaengerungskabel-profi-3-m-weiss-153804/|1 Stk.|"
zum Verlängern von Anschlussleitungen
Schutzkontakt-Stecker
Schutzkontakt-Kupplung
Stecker und Kupplung angespritzt (für bessere Zugentlastung, Knickschutz und höhere mechanische Belastbarkeit)
mit erhöhtem Berührungsschutz, um unbeabsichtigten Kontakt zu vermeiden
Kabel: H05VV-F
"||||||||||||||||||||||Non-Organic||||{'Modellnummer': '00047865', 'scope_of_delivery': '1', 'Anschlüsse': 'Schutzkontakt-Kupplung', 'Kabellänge': '3 m', 'manufacturer': 'Hama GmbH & Co. KG', 'Herstelleradresse': 'Dresdner Str. 9, 86653 Monheim', 'Kontaktmöglichkeit': 'info.de@hama.de', 'Farbe': 'Weiß', 'Inhalt': '1 Stk.', 'Produkttyp': 'Kabel, Stecker & Adapter'}||||||Weiß|00047865|||||||0|0|153804_1.png|https://static.mueller.de/6806924640-PV-0/pdzoom/hama-schutzkontakt-verlaengerungskabel-profi-3-m-weiss.webp||||||||||||||||||||||Hama GmbH & Co. KG||||||||||1 Stk.|||True||153804P|||||||||3
2194119|mueller||||||||2024-10-28|Unabux Unisex Kniestrümpfe Herzen|UNABUX||1|Stk.|Home|Strümpfe|Damen|Kniestrümpfe|Unabux Unisex Kniestrümpfe Herzen|||9,95 €|9,95 €||||||||||||||EUR|Home> Strümpfe> Damen> Kniestrümpfe> Unabux Unisex Kniestrümpfe Herzen|https://www.mueller.at/p/unabux-unisex-kniestruempfe-herzen-2194119/|1 Stk.|Kniestrümpfe mit Herzen für Sie und Ihn. Das Koblenzer Unternehmen Unabux hat sich auf Socken und Unterwäsche mit abwechslungsreichen Mustern und ansehnlichen Kombinationen spezialisiert. Das Motto der beiden Gründer lautet „Alles fresh untenrum“ und genau das nimmt sich das Unternehmen auch zu Herzen. Mit viel Farbe, modernen Designs und einer Menge Charme bringen Unabux Socken Abwechslung in den Schrank. Bei der Herstellung der Produkte legt das Unternehmen besonders hohen Wert auf qualitativ hochwertige Stoffe und Verarbeitung.||||||||||||||||||||||Non-Organic||||"{'Muster': 'Ja', 'Pflegehinweis': 'Normalwaschgang 30°C, nicht bleichen, nicht im Wäschetrockner trocknen, bügeln bei maximal 150°C', 'target_group': 'Damen|Unisex|Herren', 'manufacturer': 'Unabux Klaus, Daum GbR', 'Herstelleradresse': 'Im Kimmelberg 2a, 5672 Koblenz', 'Materialdetails': '80% Baumwolle, 17% Polyamid, 3% Elasthan', 'Farbe': 'mehrfarbig', 'Inhalt': '1 Stk.'}"||||||mehrfarbig||80% Baumwolle, 17% Polyamid, 3% Elasthan||||||0|0|2194119_1.png|https://static.mueller.de/6850157994-PV-0/pdzoom/unabux-unisex-kniestruempfe-herzen.webp|2194119_2.png|https://static.mueller.de/6850157994-PB-2/pdzoom/unabux-unisex-kniestruempfe-herzen.webp||||||||||||||Normalwaschgang 30°C, nicht bleichen, nicht im Wäschetrockner trocknen, bügeln bei maximal 150°C||||||Unabux Klaus, Daum GbR||||||||||1 Stk.|||True||2194119P|||||||||10
2904812|mueller||||||||2024-10-28|H&H Kinderbecher NICO|H&H||1|Stk.|Home|Spielwaren|Kostüme & Partyartikel|Trends|H&H Kinderbecher NICO|||8,99 €|8,99 €||||||||||||||EUR|Home> Spielwaren> Kostüme & Partyartikel> Trends> H&H Kinderbecher NICO|https://www.mueller.at/p/h-h-kinderbecher-nico-IPN2904812/|1 Stk.|Der Personalisierte Kinderbecher besteht aus dem langlebigen, robusten aber leichten Material Melamin – somit ideal für kleine Kinderhände. Es wurde darauf geachtet, dass die Becher spülmaschinengeeignet sind. Ihr Fassungsvermögen beträgt 250ml.||||||||2 Jahre||||||||||||||Non-Organic||||"{'target_group': 'Kleinkinder|Kindergartenkinder|Grundschüler', 'Artikelnummer des Herstellers': '03225060074', 'Altersempfehlung ab': '2 Jahre', 'Inhalt': '1 Stk.', 'Produkttyp': 'Kleinspielzeug'}"||||||||||||||0|0|2904812_1.png|https://static.mueller.de/pdzoom/5099563201349_03225060074_Nico.webp||||||||||||||||||||||03225060074||||||||||1 Stk.|||True||2904812P|||||||||1
2904924|mueller||||||||2024-10-28|URTEKRAM Dare to Dream Ageless Serum|URTEKRAM||30|ml|Home|Parfümerie|Pflege|Gesichtspflege|Spezialpflege|Seren & Ampullen|URTEKRAM Dare to Dream Ageless Serum|16,99 €|16,99 €|||||||||||566,33 € / 1 l|||EUR|Home> Parfümerie> Pflege> Gesichtspflege> Spezialpflege> Seren & Ampullen> URTEKRAM Dare to Dream Ageless Serum|https://www.mueller.at/p/urtekram-dare-to-dream-ageless-serum-IPN2904924/|30 ml|"Das revitalisierende Dare to Dream Ageless Serum für alle Hauttypen pflegt die Haut intensiv mit einem Wirkstoffkomplex aus Vitamin C und Bio-Hagebuttenöl. Die Power-Inhaltsstoffe helfen der Haut, Anzeichen vorzeitiger Hautalterung, feinen Linien und Fältchen vorzubeugen. Nährende Bio-Sheabutter und Murumurubutter verleihen der Haut einen zusätzlichen Feuchtigkeits-Boost. Für einen strahlenden Teint mit einem jugendlichen Glow.Wir empfehlen die Verwendung dieser intensiv feuchtigkeitsspendenden Pflegelinie bei den ersten Zeichen der Zeit ab einem Alter von ca. 30 Jahren.

Feuchtigkeitsspendendes Serum für alle Hauttypen
Mit Vitamin C und Bio-Hagebuttenöl
Mit Inhaltsstoffen zu 100 % natürlichen Ursprungs
100 % vegan und tierversuchsfrei
Mit dem zarten Duft der Hagebuttenrose
"||||||||||||||||||||||Non-Organic||||"{'target_group': 'Damen|Herren|Unisex', 'manufacturer': 'Midsona Denmark A/S', 'Herstelleradresse': 'DK-9550 Mariager', 'Kontaktmöglichkeit': 'info@davert.de', 'Anwendungshinweis': 'Zwei bis drei Tropfen morgens und abends nach der Reinigung auf Gesicht, Hals und Dekolleté auftragen und sanft einmassieren. Als anschließende Feuchtigkeitspflege empfehlen wir die Dare to Dream Tages- oder Nachtcreme.', 'package_contents': 'Aloe Barbadensis Leaf Extract*, Aqua, Butyrospermum Parkii Butter*, Propanediol, Cetearyl Alcohol, Polyglyceryl-3 Dicitrate/Stearate, Zea Mays Starch*, C15-19 Alkane, Rosa Damascena Flower Water*, Rosa Canina Fruit Extract*, Rosa Canina Fruit Oil*, Centella Asiatica Leaf Extract, Hedychium Coronarium Root Extract, Magnolia Officinalis Bark Extract, Ascorbyl Glucoside, Bidens Pilosa Extract, Sodium Hyaluronate, Astrocaryum Murumuru Seed Butter, Avena Sativa Kernel Oil, Gossypium Herbaceum Seed Oil, Linum Usitatissimum Seed Oil, Glycerin, Xanthan Gum, CI 77491, Mica, Sodium Gluconate, Tocopherol, Lactic Acid, Sodium Hydroxide, Glyceryl Caprylate, Glyceryl Undecylenate, Parfum, Citral, Geraniol, Limonene, Linalool. (* = ingredient from organic farming)', 'skin_type': 'alle Hauttypen', 'product_property': 'pflegend', 'Inhalt': '30 ml', 'scope_of_application': 'Spezialpflege', 'Produkttyp': 'Serum'}"||||||||||||||0|0|2904924_1.png|https://static.mueller.de/pdzoom/5701058012780.webp||||||||||||||||||||||Midsona Denmark A/S||||||||||30 ml|Aloe Barbadensis Leaf Extract*, Aqua, Butyrospermum Parkii Butter*, Propanediol, Cetearyl Alcohol, Polyglyceryl-3 Dicitrate/Stearate, Zea Mays Starch*, C15-19 Alkane, Rosa Damascena Flower Water*, Rosa Canina Fruit Extract*, Rosa Canina Fruit Oil*, Centella Asiatica Leaf Extract, Hedychium Coronarium Root Extract, Magnolia Officinalis Bark Extract, Ascorbyl Glucoside, Bidens Pilosa Extract, Sodium Hyaluronate, Astrocaryum Murumuru Seed Butter, Avena Sativa Kernel Oil, Gossypium Herbaceum Seed Oil, Linum Usitatissimum Seed Oil, Glycerin, Xanthan Gum, CI 77491, Mica, Sodium Gluconate, Tocopherol, Lactic Acid, Sodium Hydroxide, Glyceryl Caprylate, Glyceryl Undecylenate, Parfum, Citral, Geraniol, Limonene, Linalool. (* = ingredient from organic farming)||True||2904924P|||||||||10
2390893|mueller||||||||2024-10-28|JOJO Happy Birthday Püppkes|JOJO||1|Stk.|Home|Haushalt|Wohnen & Dekorieren|Deko-Zubehör|JOJO Happy Birthday Püppkes|||3,49 €|3,49 €||||||||||||||EUR|Home> Haushalt> Wohnen & Dekorieren> Deko-Zubehör> JOJO Happy Birthday Püppkes|https://www.mueller.at/p/jojo-happy-birthday-pueppkes-2390893/|1 Stk.|"Das optimale Geschenk für jeden Anlass.

Sortierter Artikel. Die Charaktere sind nicht frei wählbar."||||||||||||||||||||||Non-Organic||||{'manufacturer': 'JOJO Joachim Kürz e.K.', 'Herstelleradresse': 'Dr.-Rudolf-Eberle-Str. 12, DE-79725 Laufenburg', 'Kontaktmöglichkeit': 'info@jojo-line.de', 'Inhalt': '1 Stk.'}||||||||||||||0|0|2390893_1.png|https://static.mueller.de/6350350542-PV-0/pdzoom/jojo-happy-birthday-pueppkes.webp||||||||||||||||||||||JOJO Joachim Kürz e.K.||||||||||1 Stk.|||True||2390893P|||||||||10
2904928|mueller||||||||2024-10-28|Lady Becher - Mama großartig|H&H||1|Stk.|Home|Haushalt|Essen & Trinken|Geschirr|Becher & Tassen|Lady Becher - Mama großartig||11,99 €|11,99 €||||||||||||||EUR|Home> Haushalt> Essen & Trinken> Geschirr> Becher & Tassen> Lady Becher - Mama großartig|https://www.mueller.at/p/lady-becher-mama-grossartig-IPN2904928/|1 Stk.|"Die Becher sind die perfekten Begleiter für den
Camping Ausflug, das Picknick, den Festival-Besuch
und eignen sich auch dann, wenn Sie während der
Gartenarbeit eine Pause einlegen möchten."||||||||||||||||||||||Non-Organic||||{'manufacturer': 'History & Heraldry GmbH', 'Herstelleradresse': 'Speersort 166 ,21723 Hollern- Twielenfleth', 'Artikelnummer des Herstellers': '03221060001', 'Inhalt': '1 Stk.'}||||||||||||||0|0|2904928_1.png|https://static.mueller.de/pdzoom/5051276454016_01_Mama.webp||||||||||||||||||||||History & Heraldry GmbH||||||||||1 Stk.|||True||2904928P|||||||||4
2390896|mueller||||||||2024-10-28|Silit Küchenschüssel Set 3-tlg.|SILIT||1|Stk.|Home|Haushalt|Kochen & Backen|Backzubehör|Rührschüsseln|Silit Küchenschüssel Set 3-tlg.||45,99 €|45,99 €|45,99 €|37,99 €||||17%|Sie sparen 17%|||||||EUR|Home> Haushalt> Kochen & Backen> Backzubehör> Rührschüsseln> Silit Küchenschüssel Set 3-tlg.|https://www.mueller.at/p/silit-kuechenschuessel-set-3-tlg-2390896/|1 Stk.|"Perfekt zum Aufschlagen von Eiern oder Sahne und zum Vorbereiten von z. B. Salat. 

- leicht zu reinigen
- Edelstahl rostfrei 18/10
- Ø 18, 22 und 24 cm"||||||||||||||||||||||Non-Organic||||{'Inhalt': '1 Stk.'}||||||||||||||5.0|1|2390896_1.png|https://static.mueller.de/6350350439-PV-0/pdzoom/silit-kuechenschuessel-set-3-tlg.webp||||||||||||||||||||||||||||||||1 Stk.|||True||2390896P|||||||||10
3013752|mueller||||||||2024-10-28|L'ORÉAL PARIS Brow Color Augenbrauenfarbe 3.0 Dunkelbraun|L'ORÉAL PARIS||1|Stk.|Home|Parfümerie|Make-up|Augen|Augenbrauenfarbe|L'ORÉAL PARIS Brow Color Augenbrauenfarbe 3.0 Dunkelbraun||15,99 €|15,99 €||||||||||||||EUR|Home> Parfümerie> Make-up> Augen> Augenbrauenfarbe> L'ORÉAL PARIS Brow Color Augenbrauenfarbe 3.0 Dunkelbraun|https://www.mueller.at/p/loreal-paris-brow-color-augenbrauenfarbe-3-0-dunkelbraun-IPN3013752/|1 Stk.|Brow Color Augenbrauenfarbe von L’Oréal Paris ist semi-permanent. Für bis zu 5 Wochen sehen die Augenbrauen perfekt coloriert aus und garantieren somit eine lange Haltbarkeit. Dabei hält eine Packung für bis zu 10 Anwendungen. Zudem überzeugt die Formel mit einem angenehmen Geruch, da sie ohne Ammoniak auskommt. Dank der ammoniakfreien Formel kann in nur 5 Minuten ein perfekt definiertes Ergebnis erzielt werden – für eine ausdrucksstarke Augenpartie. Die L’Oréal Paris Brow Color Augenbrauenfarbe färbt die Augenbrauen semi-permanentDank langer Haltbarkeit sehen die Augenbrauen für bis zu 5 Wochen perfekt coloriert aus – bei bis zu 10 Anwendungen pro PackungDie Formel für die Augenbrauen kommt ohne Ammoniak aus – für einen angenehmen GeruchMit Brow Color werden die Augenbrauen schnell & einfach gefärbtDank der ammoniakfreien Formel kann in nur 5 Minuten ein Ergebnis erzielt werden – für eine ausdrucksstarke Augenpartie||"Haarfärbemittel können schwere, allergische Reaktionen hervorrufen. Dieses Produkt ist nicht für Personen unter 16 Jahren bestimmt. Färben Sie Ihre Braue nicht, wenn Sie einen Ausschlag im Gesicht haben oder wenn Ihre Haut empfindlich, gereizt oder verletzt ist, wenn Sie schon einmal nach dem Färben Ihres Haares oder Ihrer Braue eine Reaktion festgestellt haben, wenn eine temporäre Tätowierung mit ""schwarzem Henna"" bei Ihnen schon einmal eine Reaktion verursacht hat. Das Nichtbeachten einer vorliegenden Allergie kann lebensbedrohlich sein. Es ist unbedingt erforderlich, einen Allergieverdachtstest 48 Stunden vor jeder Anwendung des Produkts durchzuführen, auch wenn Sie Haarfarben bereits früher verwendet haben. Denken Sie deshalb daran, das Produkt 48 Stunden vorher zu kaufen (Gebrauchsanweisung beachten). Bei einer Reaktion oder falls Sie Fragen zur persönlichen Verträglichkeit haben, wenden Sie sich vor Anwendung einer Haarfarbe an einen Arzt."||||||||||||||||||||Non-Organic||||"{'Lagerhinweis': 'Haarfärbemittel können schwere, allergische Reaktionen hervorrufen. Dieses Produkt ist nicht für Personen unter 16 Jahren bestimmt. Färben Sie Ihre Braue nicht, wenn Sie einen Ausschlag im Gesicht haben oder wenn Ihre Haut empfindlich, gereizt oder verletzt ist, wenn Sie schon einmal nach dem Färben Ihres Haares oder Ihrer Braue eine Reaktion festgestellt haben, wenn eine temporäre Tätowierung mit ""schwarzem Henna"" bei Ihnen schon einmal eine Reaktion verursacht hat. Das Nichtbeachten einer vorliegenden Allergie kann lebensbedrohlich sein. Es ist unbedingt erforderlich, einen Allergieverdachtstest 48 Stunden vor jeder Anwendung des Produkts durchzuführen, auch wenn Sie Haarfarben bereits früher verwendet haben. Denken Sie deshalb daran, das Produkt 48 Stunden vorher zu kaufen (Gebrauchsanweisung beachten). Bei einer Reaktion oder falls Sie Fragen zur persönlichen Verträglichkeit haben, wenden Sie sich vor Anwendung einer Haarfarbe an einen Arzt.', 'consistency': 'Gel', 'target_group': 'Damen', 'manufacturer': ""L'Oréal Deutschland GmbH"", 'Herstelleradresse': 'TSA 75000 93684 ST OUEN CEDEX FR', 'Anwendungshinweis': 'Vor dem Färben der Augenbrauen Metallschmuck (wie Piercings) aus den Augenbrauen entfernen. Danach die Augenbrauen gründlich von Make-up befreien und trocknen lassen. Vaseline oder Gesichtscreme helfen dabei, Hautflecken zu vermeiden. Im Anschluss eine kleine Menge mit der Bürste auf die trockenen, ungeschminkten Augenbrauen auftragen. Die gewünschte Form durch Nachziehen der Ränder mit der Präzisionsspitze des Applikators genau definieren. Nicht auf die Wimpern auftragen und Kontakt mit den Augen vermeiden. Mit der Brow Color Augenbrauenfarbe werden die Brauen in einem kräftigen Schwarz gefärbt.', 'package_contents': 'AQUA / WATER • HYDROGEN PEROXIDE • CETEARYL ALCOHOL • SODIUM SALICYLATE • TRIDECETH-2 CARBOXAMIDE MEA • PHOSPHORIC ACID • CETEARETH-25 • TETRASODIUM ETIDRONATE • TETRASODIUM PYROPHOSPHATE • GLYCERIN (F.I.L. C202318/2).,INGREDIENTS: AQUA / WATER • CETEARYL ALCOHOL • DECETH-3 • PROPYLENE GLYCOL • LAURETH-12 • ETHANOLAMINE • OLETH-30 • LAURIC ACID • GLYCOL DISTEARATE • TOLUENE-2,5-DIAMINE • CARBOMER • SILICA DIMETHYL SILYLATE [NANO] / SILICA DIMETHYL SILYLATE • N,N-BIS(2-HYDROXYETHYL)-p-PHENYLENEDIAMINE SULFATE • m-AMINOPHENOL • 2-AMINO-3-HYDROXYPYRIDINE • ASCORBIC ACID • SODIUM METABISULFITE • HYDROXYBENZOMORPHOLINE • HYDROXYETHYL-3,4-METHYLENEDIOXYANILINE HCL • 6-HYDROXYINDOLE • THIOGLYCERIN • TETRASODIUM GLUTAMATE DIACETATE • 2,4-DIAMINOPHENOXYETHANOL HCL • PARFUM / FRAGRANCE (F.I.L. Z70036991/1).', 'Farbe': 'dunkelbraun', 'skin_type': 'reife Haut', 'Inhalt': '1 Stk.', 'scope_of_application': 'Augen', 'Batterien erforderlich': 'Nein', 'Produkttyp': 'Augenbrauenfarbe'}"||||||dunkelbraun||||||||4.5|2|3013752_1.png|https://static.mueller.de/markant_03600524135898_pv_4500837/pdzoom/loreal-paris-brow-color-augenbrauenfarbe-3-0-dunkelbraun.webp|3013752_2.png|https://static.mueller.de/markant_03600524135898_pd_4665647/pdzoom/loreal-paris-brow-color-augenbrauenfarbe-3-0-dunkelbraun.webp|3013752_3.png|https://static.mueller.de/markant_03600524135898_pd_4665644/pdzoom/loreal-paris-brow-color-augenbrauenfarbe-3-0-dunkelbraun.webp|3013752_4.png|https://static.mueller.de/markant_03600524135898_pd_4665642/pdzoom/loreal-paris-brow-color-augenbrauenfarbe-3-0-dunkelbraun.webp|3013752_5.png|https://static.mueller.de/markant_03600524135898_pd_4665646/pdzoom/loreal-paris-brow-color-augenbrauenfarbe-3-0-dunkelbraun.webp|3013752_6.png|https://static.mueller.de/markant_03600524135898_pd_4665643/pdzoom/loreal-paris-brow-color-augenbrauenfarbe-3-0-dunkelbraun.webp||||||||||||L'Oréal Deutschland GmbH||||||||||1 Stk.|AQUA / WATER • HYDROGEN PEROXIDE • CETEARYL ALCOHOL • SODIUM SALICYLATE • TRIDECETH-2 CARBOXAMIDE MEA • PHOSPHORIC ACID • CETEARETH-25 • TETRASODIUM ETIDRONATE • TETRASODIUM PYROPHOSPHATE • GLYCERIN (F.I.L. C202318/2).,INGREDIENTS: AQUA / WATER • CETEARYL ALCOHOL • DECETH-3 • PROPYLENE GLYCOL • LAURETH-12 • ETHANOLAMINE • OLETH-30 • LAURIC ACID • GLYCOL DISTEARATE • TOLUENE-2,5-DIAMINE • CARBOMER • SILICA DIMETHYL SILYLATE [NANO] / SILICA DIMETHYL SILYLATE • N,N-BIS(2-HYDROXYETHYL)-p-PHENYLENEDIAMINE SULFATE • m-AMINOPHENOL • 2-AMINO-3-HYDROXYPYRIDINE • ASCORBIC ACID • SODIUM METABISULFITE • HYDROXYBENZOMORPHOLINE • HYDROXYETHYL-3,4-METHYLENEDIOXYANILINE HCL • 6-HYDROXYINDOLE • THIOGLYCERIN • TETRASODIUM GLUTAMATE DIACETATE • 2,4-DIAMINOPHENOXYETHANOL HCL • PARFUM / FRAGRANCE (F.I.L. Z70036991/1).||True||3013752P||||"Haarfärbemittel können schwere, allergische Reaktionen hervorrufen. Dieses Produkt ist nicht für Personen unter 16 Jahren bestimmt. Färben Sie Ihre Braue nicht, wenn Sie einen Ausschlag im Gesicht haben oder wenn Ihre Haut empfindlich, gereizt oder verletzt ist, wenn Sie schon einmal nach dem Färben Ihres Haares oder Ihrer Braue eine Reaktion festgestellt haben, wenn eine temporäre Tätowierung mit ""schwarzem Henna"" bei Ihnen schon einmal eine Reaktion verursacht hat. Das Nichtbeachten einer vorliegenden Allergie kann lebensbedrohlich sein. Es ist unbedingt erforderlich, einen Allergieverdachtstest 48 Stunden vor jeder Anwendung des Produkts durchzuführen, auch wenn Sie Haarfarben bereits früher verwendet haben. Denken Sie deshalb daran, das Produkt 48 Stunden vorher zu kaufen (Gebrauchsanweisung beachten). Bei einer Reaktion oder falls Sie Fragen zur persönlichen Verträglichkeit haben, wenden Sie sich vor Anwendung einer Haarfarbe an einen Arzt. Außer Reichweite von Kindern aufbewahren"|||||10
2390890|mueller||||||||2024-10-28|Silit Schaumlöffel|SILIT||1|Stk.|Home|Haushalt|Kochen & Backen|Küchenhelfer & -textilien|Spezialhelfer|Silit Schaumlöffel||16,99 €|16,99 €||||||||||||||EUR|Home> Haushalt> Kochen & Backen> Küchenhelfer & -textilien> Spezialhelfer> Silit Schaumlöffel|https://www.mueller.at/p/silit-schaumloeffel-2390890/|1 Stk.|Mit dem Silit Schaumlöffel können Sie im Handumdrehen überschüssiges Fett oder Speisestärke abschöpfen. Doch auch Gemüse, Gnocchi, gefüllte Teigtaschen und Frittiertes können Sie spielend leicht aus Kochtöpfen, Dampfgarern, Fritteusen und Co. entnehmen. Flüssigkeiten tropfen beim Entnehmen der Speisen durch die Löcher in der Kelle schnell ab, und der lange Stiel schützt Sie vor heißen Wasser- und Fettspritzern.||||||||||||||||||||||Non-Organic||||{'Geeignet für': 'Spuelmaschinen', 'Tiefe': '33 cm', 'Inhalt': '1 Stk.'}||||||||||||||0|0|2390890_1.png|https://static.mueller.de/6483699411-PV-0/pdzoom/silit-schaumloeffel.webp|2390890_2.png|https://static.mueller.de/6483699411-PB-1/pdzoom/silit-schaumloeffel.webp||||||||||||||||||||||||||||||1 Stk.|||True||2390890P|||||Spuelmaschinen||||10
2640963|mueller||||||||2024-10-28|ecomed Infrarot-Thermometer TM-65E|ECOMED||1|Stk.|Home|Haushalt|Schönheit & Gesundheit|Fitness|Messgeräte|ecomed Infrarot-Thermometer TM-65E||32,95 €|32,95 €|32,95 €|14,99 €||||55%|Sie sparen 55%|||||||EUR|Home> Haushalt> Schönheit & Gesundheit> Fitness> Messgeräte> ecomed Infrarot-Thermometer TM-65E|https://www.mueller.at/p/ecomed-infrarot-thermometer-tm-65e-IPN2640963/|1 Stk.|"Fieber ist ein Warnsignal des Körpers, das erkannt und beachtet werden sollte. Denn in der Regel ist es das messbare Symptom für eine Erkrankung. Ein nützlicher Helfer um Fieber zu erkennen ist das Infrarot-Fieberthermometer TM-65E von ecomed. Das Thermometer zeigt die präzise gemessene Temperatur in Sekundenschnelle in seinem großen, beleuchteten LCD-Display an - wahlweise in Grad Celsius oder in Grad Fahrenheit. Liegt die gemessene Körpertemperatur unter 38 Grad Celsius (100.4 Fahrenheit), erscheint ein lachendes Gesicht im Display des TM-65E und ein Piepton wird ausgegeben. Ist die Temperatur gleich oder höher, erscheint ein trauriges Gesicht, es piept dreimal und die Signal-LED leuchtet rot. Ist die Messung erfolgt, schaltet sich das Gerät nach 30 Sekunden automatisch ab. Durch seine automatische Speicherfunktion merkt es sich zudem die letzten 30 Messwerte.
• Präzise, berührungslose Messung der Körpertemperatur• Optischer Fieberalarm• Zusatzfunktion: Messung von Umgebungstemperatur, Flüssigkeiten und Oberflächen• Messergebnis in wenigen Sekunden• Automatische Speicherung der letzten 30 Messwerte• Umstellung von °C auf °F• Zertifiziertes Medizinprodukt"||||||||||||||||||||||Non-Organic||||{'Modellnummer': 'TM65E', 'scope_of_delivery': 'Aufbewahrungstasche, Batterien: 2x 1,5 V (AAA)', 'medical_device': 'Ja', 'manufacturer': 'medisana GmbH', 'Herstelleradresse': 'Carl-Schurz-Straße 2, DE-41460 Neuss', 'Kontaktmöglichkeit': 'info@medisana.com', 'Höhe': '17.3 cm', 'Breite': '11.2 cm', 'Tiefe': '5.8 cm', 'Batterie-Typ': 'Al/Mn', 'Inhalt': '1 Stk.', 'Anzahl erforderliche Batterien': '2', 'Batterien eingebaut': 'Nein', 'Batterien erforderlich': 'Ja'}|||||||TM65E|||||||0|0|2640963_1.png|https://static.mueller.de/pdzoom/4015588234002_1.webp|2640963_2.png|https://static.mueller.de/pdzoom/4015588234002_2.webp|2640963_3.png|https://static.mueller.de/pdzoom/4015588234002_3.webp||||||||||||||||||medisana GmbH||||||||||1 Stk.|||False||2640963P|||||||||1
3013754|mueller||||||||2024-10-28|L'ORÉAL PARIS Brow Color Augenbrauenfarbe 6.0 Hellbraun|L'ORÉAL PARIS||1|Stk.|Home|Parfümerie|Make-up|Augen|Augenbrauenfarbe|L'ORÉAL PARIS Brow Color Augenbrauenfarbe 6.0 Hellbraun||15,99 €|15,99 €||||||||||||||EUR|Home> Parfümerie> Make-up> Augen> Augenbrauenfarbe> L'ORÉAL PARIS Brow Color Augenbrauenfarbe 6.0 Hellbraun|https://www.mueller.at/p/loreal-paris-brow-color-augenbrauenfarbe-6-0-hellbraun-IPN3013754/|1 Stk.|Brow Color Augenbrauenfarbe von L’Oréal Paris ist semi-permanent. Für bis zu 5 Wochen sehen die Augenbrauen perfekt coloriert aus und garantieren somit eine lange Haltbarkeit. Dabei hält eine Packung für bis zu 10 Anwendungen. Zudem überzeugt die Formel mit einem angenehmen Geruch, da sie ohne Ammoniak auskommt. Dank der ammoniakfreien Formel kann in nur 5 Minuten ein perfekt definiertes Ergebnis erzielt werden – für eine ausdrucksstarke Augenpartie. Die L’Oréal Paris Brow Color Augenbrauenfarbe färbt die Augenbrauen semi-permanentDank langer Haltbarkeit sehen die Augenbrauen für bis zu 5 Wochen perfekt coloriert aus – bei bis zu 10 Anwendungen pro PackungDie Formel für die Augenbrauen kommt ohne Ammoniak aus – für einen angenehmen GeruchMit Brow Color werden die Augenbrauen schnell & einfach gefärbtDank der ammoniakfreien Formel kann in nur 5 Minuten ein Ergebnis erzielt werden – für eine ausdrucksstarke Augenpartie||"Haarfärbemittel können schwere, allergische Reaktionen hervorrufen. Dieses Produkt ist nicht für Personen unter 16 Jahren bestimmt. Färben Sie Ihre Braue nicht, wenn Sie einen Ausschlag im Gesicht haben oder wenn Ihre Haut empfindlich, gereizt oder verletzt ist, wenn Sie schon einmal nach dem Färben Ihres Haares oder Ihrer Braue eine Reaktion festgestellt haben, wenn eine temporäre Tätowierung mit ""schwarzem Henna"" bei Ihnen schon einmal eine Reaktion verursacht hat. Das Nichtbeachten einer vorliegenden Allergie kann lebensbedrohlich sein. Es ist unbedingt erforderlich, einen Allergieverdachtstest 48 Stunden vor jeder Anwendung des Produkts durchzuführen, auch wenn Sie Haarfarben bereits früher verwendet haben. Denken Sie deshalb daran, das Produkt 48 Stunden vorher zu kaufen (Gebrauchsanweisung beachten). Bei einer Reaktion oder falls Sie Fragen zur persönlichen Verträglichkeit haben, wenden Sie sich vor Anwendung einer Haarfarbe an einen Arzt."||||||||||||||||||||Non-Organic||||"{'Lagerhinweis': 'Haarfärbemittel können schwere, allergische Reaktionen hervorrufen. Dieses Produkt ist nicht für Personen unter 16 Jahren bestimmt. Färben Sie Ihre Braue nicht, wenn Sie einen Ausschlag im Gesicht haben oder wenn Ihre Haut empfindlich, gereizt oder verletzt ist, wenn Sie schon einmal nach dem Färben Ihres Haares oder Ihrer Braue eine Reaktion festgestellt haben, wenn eine temporäre Tätowierung mit ""schwarzem Henna"" bei Ihnen schon einmal eine Reaktion verursacht hat. Das Nichtbeachten einer vorliegenden Allergie kann lebensbedrohlich sein. Es ist unbedingt erforderlich, einen Allergieverdachtstest 48 Stunden vor jeder Anwendung des Produkts durchzuführen, auch wenn Sie Haarfarben bereits früher verwendet haben. Denken Sie deshalb daran, das Produkt 48 Stunden vorher zu kaufen (Gebrauchsanweisung beachten). Bei einer Reaktion oder falls Sie Fragen zur persönlichen Verträglichkeit haben, wenden Sie sich vor Anwendung einer Haarfarbe an einen Arzt.', 'consistency': 'Gel', 'target_group': 'Damen', 'manufacturer': ""L'Oréal Deutschland GmbH"", 'Herstelleradresse': 'TSA 75000 93684 ST OUEN CEDEX FR', 'Anwendungshinweis': 'Vor dem Färben der Augenbrauen Metallschmuck (wie Piercings) aus den Augenbrauen entfernen. Danach die Augenbrauen gründlich von Make-up befreien und trocknen lassen. Vaseline oder Gesichtscreme helfen dabei, Hautflecken zu vermeiden. Im Anschluss eine kleine Menge mit der Bürste auf die trockenen, ungeschminkten Augenbrauen auftragen. Die gewünschte Form durch Nachziehen der Ränder mit der Präzisionsspitze des Applikators genau definieren. Nicht auf die Wimpern auftragen und Kontakt mit den Augen vermeiden. Mit der Brow Color Augenbrauenfarbe werden die Brauen in einem kräftigen Schwarz gefärbt.', 'package_contents': 'AQUA / WATER • HYDROGEN PEROXIDE • CETEARYL ALCOHOL • SODIUM SALICYLATE • TRIDECETH-2 CARBOXAMIDE MEA • PHOSPHORIC ACID • CETEARETH-25 • TETRASODIUM ETIDRONATE • TETRASODIUM PYROPHOSPHATE • GLYCERIN (F.I.L. C202318/2).,INGREDIENTS: AQUA / WATER • CETEARYL ALCOHOL • DECETH-3 • PROPYLENE GLYCOL • LAURETH-12 • ETHANOLAMINE • OLETH-30 • LAURIC ACID • GLYCOL DISTEARATE • CARBOMER • SILICA DIMETHYL SILYLATE [NANO] / SILICA DIMETHYL SILYLATE • 2-AMINO-3-HYDROXYPYRIDINE • m-AMINOPHENOL • p-AMINOPHENOL • ASCORBIC ACID • SODIUM METABISULFITE • HYDROXYBENZOMORPHOLINE • HYDROXYETHYL-3,4-METHYLENEDIOXYANILINE HCL • 6-HYDROXYINDOLE • THIOGLYCERIN • TOLUENE-2,5-DIAMINE • N,N-BIS(2-HYDROXYETHYL)-p-PHENYLENEDIAMINE SULFATE • TETRASODIUM GLUTAMATE DIACETATE • 2,4-DIAMINOPHENOXYETHANOL HCL • PARFUM / FRAGRANCE (F.I.L. Z70036989/1).', 'Farbnummer': '6.0', 'Farbe': 'hellbraun', 'skin_type': 'reife Haut', 'Inhalt': '1 Stk.', 'scope_of_application': 'Augen', 'Batterien erforderlich': 'Nein', 'Produkttyp': 'Augenbrauenfarbe'}"||||||hellbraun||||||||1.0|1|3013754_1.png|https://static.mueller.de/markant_03600524135911_pv_4500843/pdzoom/loreal-paris-brow-color-augenbrauenfarbe-6-0-hellbraun.webp|3013754_2.png|https://static.mueller.de/markant_03600524135911_pd_4665657/pdzoom/loreal-paris-brow-color-augenbrauenfarbe-6-0-hellbraun.webp|3013754_3.png|https://static.mueller.de/markant_03600524135911_pd_4665658/pdzoom/loreal-paris-brow-color-augenbrauenfarbe-6-0-hellbraun.webp|3013754_4.png|https://static.mueller.de/markant_03600524135911_pd_4665656/pdzoom/loreal-paris-brow-color-augenbrauenfarbe-6-0-hellbraun.webp|3013754_5.png|https://static.mueller.de/markant_03600524135911_pd_4665654/pdzoom/loreal-paris-brow-color-augenbrauenfarbe-6-0-hellbraun.webp|3013754_6.png|https://static.mueller.de/markant_03600524135911_pd_4665659/pdzoom/loreal-paris-brow-color-augenbrauenfarbe-6-0-hellbraun.webp||||||||||||L'Oréal Deutschland GmbH||||||||||1 Stk.|AQUA / WATER • HYDROGEN PEROXIDE • CETEARYL ALCOHOL • SODIUM SALICYLATE • TRIDECETH-2 CARBOXAMIDE MEA • PHOSPHORIC ACID • CETEARETH-25 • TETRASODIUM ETIDRONATE • TETRASODIUM PYROPHOSPHATE • GLYCERIN (F.I.L. C202318/2).,INGREDIENTS: AQUA / WATER • CETEARYL ALCOHOL • DECETH-3 • PROPYLENE GLYCOL • LAURETH-12 • ETHANOLAMINE • OLETH-30 • LAURIC ACID • GLYCOL DISTEARATE • CARBOMER • SILICA DIMETHYL SILYLATE [NANO] / SILICA DIMETHYL SILYLATE • 2-AMINO-3-HYDROXYPYRIDINE • m-AMINOPHENOL • p-AMINOPHENOL • ASCORBIC ACID • SODIUM METABISULFITE • HYDROXYBENZOMORPHOLINE • HYDROXYETHYL-3,4-METHYLENEDIOXYANILINE HCL • 6-HYDROXYINDOLE • THIOGLYCERIN • TOLUENE-2,5-DIAMINE • N,N-BIS(2-HYDROXYETHYL)-p-PHENYLENEDIAMINE SULFATE • TETRASODIUM GLUTAMATE DIACETATE • 2,4-DIAMINOPHENOXYETHANOL HCL • PARFUM / FRAGRANCE (F.I.L. Z70036989/1).||True||3013754P||||"Haarfärbemittel können schwere, allergische Reaktionen hervorrufen. Dieses Produkt ist nicht für Personen unter 16 Jahren bestimmt. Färben Sie Ihre Braue nicht, wenn Sie einen Ausschlag im Gesicht haben oder wenn Ihre Haut empfindlich, gereizt oder verletzt ist, wenn Sie schon einmal nach dem Färben Ihres Haares oder Ihrer Braue eine Reaktion festgestellt haben, wenn eine temporäre Tätowierung mit ""schwarzem Henna"" bei Ihnen schon einmal eine Reaktion verursacht hat. Das Nichtbeachten einer vorliegenden Allergie kann lebensbedrohlich sein. Es ist unbedingt erforderlich, einen Allergieverdachtstest 48 Stunden vor jeder Anwendung des Produkts durchzuführen, auch wenn Sie Haarfarben bereits früher verwendet haben. Denken Sie deshalb daran, das Produkt 48 Stunden vorher zu kaufen (Gebrauchsanweisung beachten). Bei einer Reaktion oder falls Sie Fragen zur persönlichen Verträglichkeit haben, wenden Sie sich vor Anwendung einer Haarfarbe an einen Arzt. Außer Reichweite von Kindern aufbewahren"|||||10
3013755|mueller||||||||2024-10-28|L'ORÉAL PARIS Brow Color Augenbrauenfarbe 7.0 Dunkelblond|L'ORÉAL PARIS||1|Stk.|Home|Parfümerie|Make-up|Augen|Augenbrauenfarbe|L'ORÉAL PARIS Brow Color Augenbrauenfarbe 7.0 Dunkelblond||15,99 €|15,99 €||||||||||||||EUR|Home> Parfümerie> Make-up> Augen> Augenbrauenfarbe> L'ORÉAL PARIS Brow Color Augenbrauenfarbe 7.0 Dunkelblond|https://www.mueller.at/p/loreal-paris-brow-color-augenbrauenfarbe-7-0-dunkelblond-IPN3013755/|1 Stk.|Brow Color Augenbrauenfarbe von L’Oréal Paris ist semi-permanent. Für bis zu 5 Wochen sehen die Augenbrauen perfekt coloriert aus und garantieren somit eine lange Haltbarkeit. Dabei hält eine Packung für bis zu 10 Anwendungen. Zudem überzeugt die Formel mit einem angenehmen Geruch, da sie ohne Ammoniak auskommt. Dank der ammoniakfreien Formel kann in nur 5 Minuten ein perfekt definiertes Ergebnis erzielt werden – für eine ausdrucksstarke Augenpartie. Die L’Oréal Paris Brow Color Augenbrauenfarbe färbt die Augenbrauen semi-permanentDank langer Haltbarkeit sehen die Augenbrauen für bis zu 5 Wochen perfekt coloriert aus – bei bis zu 10 Anwendungen pro PackungDie Formel für die Augenbrauen kommt ohne Ammoniak aus – für einen angenehmen GeruchMit Brow Color werden die Augenbrauen schnell & einfach gefärbtDank der ammoniakfreien Formel kann in nur 5 Minuten ein Ergebnis erzielt werden – für eine ausdrucksstarke Augenpartie||"Haarfärbemittel können schwere, allergische Reaktionen hervorrufen. Dieses Produkt ist nicht für Personen unter 16 Jahren bestimmt. Färben Sie Ihre Braue nicht, wenn Sie einen Ausschlag im Gesicht haben oder wenn Ihre Haut empfindlich, gereizt oder verletzt ist, wenn Sie schon einmal nach dem Färben Ihres Haares oder Ihrer Braue eine Reaktion festgestellt haben, wenn eine temporäre Tätowierung mit ""schwarzem Henna"" bei Ihnen schon einmal eine Reaktion verursacht hat. Das Nichtbeachten einer vorliegenden Allergie kann lebensbedrohlich sein. Es ist unbedingt erforderlich, einen Allergieverdachtstest 48 Stunden vor jeder Anwendung des Produkts durchzuführen, auch wenn Sie Haarfarben bereits früher verwendet haben. Denken Sie deshalb daran, das Produkt 48 Stunden vorher zu kaufen (Gebrauchsanweisung beachten). Bei einer Reaktion oder falls Sie Fragen zur persönlichen Verträglichkeit haben, wenden Sie sich vor Anwendung einer Haarfarbe an einen Arzt."||||||||||||||||||||Non-Organic||||"{'Lagerhinweis': 'Haarfärbemittel können schwere, allergische Reaktionen hervorrufen. Dieses Produkt ist nicht für Personen unter 16 Jahren bestimmt. Färben Sie Ihre Braue nicht, wenn Sie einen Ausschlag im Gesicht haben oder wenn Ihre Haut empfindlich, gereizt oder verletzt ist, wenn Sie schon einmal nach dem Färben Ihres Haares oder Ihrer Braue eine Reaktion festgestellt haben, wenn eine temporäre Tätowierung mit ""schwarzem Henna"" bei Ihnen schon einmal eine Reaktion verursacht hat. Das Nichtbeachten einer vorliegenden Allergie kann lebensbedrohlich sein. Es ist unbedingt erforderlich, einen Allergieverdachtstest 48 Stunden vor jeder Anwendung des Produkts durchzuführen, auch wenn Sie Haarfarben bereits früher verwendet haben. Denken Sie deshalb daran, das Produkt 48 Stunden vorher zu kaufen (Gebrauchsanweisung beachten). Bei einer Reaktion oder falls Sie Fragen zur persönlichen Verträglichkeit haben, wenden Sie sich vor Anwendung einer Haarfarbe an einen Arzt.', 'consistency': 'Gel', 'target_group': 'Damen', 'manufacturer': ""L'Oréal Deutschland GmbH"", 'Herstelleradresse': 'TSA 75000 93684 ST OUEN CEDEX FR', 'Anwendungshinweis': 'Vor dem Färben der Augenbrauen Metallschmuck (wie Piercings) aus den Augenbrauen entfernen. Danach die Augenbrauen gründlich von Make-up befreien und trocknen lassen. Vaseline oder Gesichtscreme helfen dabei, Hautflecken zu vermeiden. Im Anschluss eine kleine Menge mit der Bürste auf die trockenen, ungeschminkten Augenbrauen auftragen. Die gewünschte Form durch Nachziehen der Ränder mit der Präzisionsspitze des Applikators genau definieren. Nicht auf die Wimpern auftragen und Kontakt mit den Augen vermeiden. Mit der Brow Color Augenbrauenfarbe werden die Brauen in einem kräftigen Schwarz gefärbt.', 'package_contents': 'AQUA / WATER • HYDROGEN PEROXIDE • CETEARYL ALCOHOL • SODIUM SALICYLATE • TRIDECETH-2 CARBOXAMIDE MEA • PHOSPHORIC ACID • CETEARETH-25 • TETRASODIUM ETIDRONATE • TETRASODIUM PYROPHOSPHATE • GLYCERIN (F.I.L. C202318/2).,INGREDIENTS: AQUA / WATER • CETEARYL ALCOHOL • DECETH-3 • PROPYLENE GLYCOL • LAURETH-12 • ETHANOLAMINE • OLETH-30 • LAURIC ACID • GLYCOL DISTEARATE • CARBOMER • SILICA DIMETHYL SILYLATE [NANO] / SILICA DIMETHYL SILYLATE • 2-AMINO-3-HYDROXYPYRIDINE • m-AMINOPHENOL • p-AMINOPHENOL • ASCORBIC ACID • SODIUM METABISULFITE • HYDROXYBENZOMORPHOLINE • HYDROXYETHYL-3,4-METHYLENEDIOXYANILINE HCL • 6-HYDROXYINDOLE • THIOGLYCERIN • TOLUENE-2,5-DIAMINE • N,N-BIS(2-HYDROXYETHYL)-p-PHENYLENEDIAMINE SULFATE • TETRASODIUM GLUTAMATE DIACETATE • 2,4-DIAMINOPHENOXYETHANOL HCL • PARFUM / FRAGRANCE (F.I.L. Z70036990/1).', 'Farbnummer': '7.0', 'Farbe': 'dunkelblond', 'skin_type': 'reife Haut', 'Inhalt': '1 Stk.', 'scope_of_application': 'Augen', 'Batterien erforderlich': 'Nein', 'Produkttyp': 'Augenbrauenfarbe'}"||||||dunkelblond||||||||1.0|1|3013755_1.png|https://static.mueller.de/markant_03600524135935_pv_4500846/pdzoom/loreal-paris-brow-color-augenbrauenfarbe-7-0-dunkelblond.webp|3013755_2.png|https://static.mueller.de/markant_03600524135935_pd_4665665/pdzoom/loreal-paris-brow-color-augenbrauenfarbe-7-0-dunkelblond.webp|3013755_3.png|https://static.mueller.de/markant_03600524135935_pd_4665663/pdzoom/loreal-paris-brow-color-augenbrauenfarbe-7-0-dunkelblond.webp|3013755_4.png|https://static.mueller.de/markant_03600524135935_pd_4665661/pdzoom/loreal-paris-brow-color-augenbrauenfarbe-7-0-dunkelblond.webp|3013755_5.png|https://static.mueller.de/markant_03600524135935_pd_4665662/pdzoom/loreal-paris-brow-color-augenbrauenfarbe-7-0-dunkelblond.webp|3013755_6.png|https://static.mueller.de/markant_03600524135935_pd_4665660/pdzoom/loreal-paris-brow-color-augenbrauenfarbe-7-0-dunkelblond.webp||||||||||||L'Oréal Deutschland GmbH||||||||||1 Stk.|AQUA / WATER • HYDROGEN PEROXIDE • CETEARYL ALCOHOL • SODIUM SALICYLATE • TRIDECETH-2 CARBOXAMIDE MEA • PHOSPHORIC ACID • CETEARETH-25 • TETRASODIUM ETIDRONATE • TETRASODIUM PYROPHOSPHATE • GLYCERIN (F.I.L. C202318/2).,INGREDIENTS: AQUA / WATER • CETEARYL ALCOHOL • DECETH-3 • PROPYLENE GLYCOL • LAURETH-12 • ETHANOLAMINE • OLETH-30 • LAURIC ACID • GLYCOL DISTEARATE • CARBOMER • SILICA DIMETHYL SILYLATE [NANO] / SILICA DIMETHYL SILYLATE • 2-AMINO-3-HYDROXYPYRIDINE • m-AMINOPHENOL • p-AMINOPHENOL • ASCORBIC ACID • SODIUM METABISULFITE • HYDROXYBENZOMORPHOLINE • HYDROXYETHYL-3,4-METHYLENEDIOXYANILINE HCL • 6-HYDROXYINDOLE • THIOGLYCERIN • TOLUENE-2,5-DIAMINE • N,N-BIS(2-HYDROXYETHYL)-p-PHENYLENEDIAMINE SULFATE • TETRASODIUM GLUTAMATE DIACETATE • 2,4-DIAMINOPHENOXYETHANOL HCL • PARFUM / FRAGRANCE (F.I.L. Z70036990/1).||True||3013755P||||"Haarfärbemittel können schwere, allergische Reaktionen hervorrufen. Dieses Produkt ist nicht für Personen unter 16 Jahren bestimmt. Färben Sie Ihre Braue nicht, wenn Sie einen Ausschlag im Gesicht haben oder wenn Ihre Haut empfindlich, gereizt oder verletzt ist, wenn Sie schon einmal nach dem Färben Ihres Haares oder Ihrer Braue eine Reaktion festgestellt haben, wenn eine temporäre Tätowierung mit ""schwarzem Henna"" bei Ihnen schon einmal eine Reaktion verursacht hat. Das Nichtbeachten einer vorliegenden Allergie kann lebensbedrohlich sein. Es ist unbedingt erforderlich, einen Allergieverdachtstest 48 Stunden vor jeder Anwendung des Produkts durchzuführen, auch wenn Sie Haarfarben bereits früher verwendet haben. Denken Sie deshalb daran, das Produkt 48 Stunden vorher zu kaufen (Gebrauchsanweisung beachten). Bei einer Reaktion oder falls Sie Fragen zur persönlichen Verträglichkeit haben, wenden Sie sich vor Anwendung einer Haarfarbe an einen Arzt. Außer Reichweite von Kindern aufbewahren"|||||10
3013757|mueller||||||||2024-10-28|Alnatura Bio Abendbrei Hafer & Dinkel|ALNATURA||190|g|Home|Naturshop|Lebensmittel|Babynahrung|Beikost|Abendbreie|Alnatura Bio Abendbrei Hafer & Dinkel|1,15 €|1,15 €|||||||||||6,05 € / 1 kg|||EUR|Home> Naturshop> Lebensmittel> Babynahrung> Beikost> Abendbreie> Alnatura Bio Abendbrei Hafer & Dinkel|https://www.mueller.at/p/alnatura-bio-abendbrei-hafer-dinkel-IPN3013757/|190 g|Dieser fein pürierte Bio-Brei hat Magermilch sowie Hafer- und Dinkelgetreide als Basis, Zucker wird nicht zugesetzt, die Zutaten enthalten von Natur aus Zucker. Der Alnatura Abendbrei Hafer & Dinkel im Gläschen schmeckt warm oder kalt und eignet sich für Babys ab dem 6. Lebensmonat. Naturland-Qualität. ||Wieder verschlossener Rest bleibt im Kühlschrank 1 Tag haltbar.||||||6 Monate|||{'Nährwerte je': '100  g', 'Brennwert': '263 kj / 63 kcal', 'Fett in g': '1.7 g', '- davon gesättigte Fettsäuren in g': '0.2 g', 'Kohlenhydrate in g': '8.5 g', '- davon Zucker in g': '3.0 g', 'Ballaststoffe in g': '0.6 g', 'Eiweiß in g': '3.0 g', 'Salz in g': '0.08 g'}|||||||||||Organic||||{'Lagerhinweis': 'Wieder verschlossener Rest bleibt im Kühlschrank 1 Tag haltbar.', 'manufacturer': 'Alnatura GmbH', 'Herstelleradresse': 'Mahatma-Gandhi-Straße 7, DE-64295 Darmstadt', 'Kontaktmöglichkeit': 'www.alnatura.de', 'Öko-Kontrollstelle': 'DE-ÖKO-003', 'Altersempfehlung ab': '6 Monate', 'Inhalt': '190 g', 'Bio': 'Ja', 'Zutaten': 'MAGERMILCH* 61 %, Wasser, HAFERVOLLKORNFLOCKEN* grob gemahlen 4%, DINKELGRIEß*¹ 2%, DINKELVOLLKORNMEHL*¹ 1,5 %, Rapsöl* 1,3 %, Reisgrieß*, Thiamin (Vitamin B1) *aus biologischer Landwirtschaft ¹ Dinkel ist eine WEIZENART\nKann Spuren von Soja und Lupine enthalten.', 'Produkttyp': 'Abendbreie', 'Zubereitungshinweis': 'Schmeckt warm und kalt. Wichtig: Geöffnetes Glas bzw. gewünschte Menge im Wasserbad erwärmen, gut umrühren, Temperatur prüfen.'}||||||||||||||0|0|3013757_1.png|https://static.mueller.de/markant_04104420253445_pv_4759634/pdzoom/alnatura-bio-abendbrei-hafer-dinkel.webp||||||||||||||||||||||Alnatura GmbH||||||||||190 g|||True||3013757P||||glutenhaltig|||||3
2747813|mueller||||||||2024-10-28|Gourmet Berner Aceto Balsamico Bianco Condimento|GOURMET BERNER||200|ml|Home|Drogerie|Lebensmittel|Nahrung|Essig & Öl|Gourmet Berner Aceto Balsamico Bianco Condimento||9,00 €|9,00 €|||||||||||45,00 € / 1 l|||EUR|Home> Drogerie> Lebensmittel> Nahrung> Essig & Öl> Gourmet Berner Aceto Balsamico Bianco Condimento|https://www.mueller.at/p/gourmet-berner-aceto-balsamico-bianco-condimento-2747813/|200 ml|Diese süß-saure, helle Balsamwürze wird aus sonnengereiften Pinot-Trauben gewonnen. Ideal für Salate, Gemüsegerichte, gekochte Kartoffeln sowie für gekochtes und gegrilltes Fleisch. 6% Säure.|||||Italien|SCHWEFELDIOXID|||||{'Nährwerte je': '100ml', 'Brennwert': '446 kj / 106 kcal', 'Fett in g': '0', '- davon gesättigte Fettsäuren in g': '0', 'Kohlenhydrate in g': '26', '- davon Zucker in g': '26', 'Eiweiß in g': '0.3', 'Salz in g': '0.01'}|||||||||||Non-Organic||||{'manufacturer': 'Gourmet Berner GmbH & Co. KG', 'Herstelleradresse': 'Boschstr.7 ,71384 Weinstadt', 'Herkunftsland': 'Italien', 'Allergenhinweis': 'SCHWEFELDIOXID', 'Inhalt': '200 ml', 'Zutaten': 'Weinessig (Weißwein, Wasser, Antioxidationsmittel: SCHWEFELDIOXID), konzentrierter Traubenmost (23%), Farbstoff: E150d.', 'Produkttyp': 'Essig & Öl'}||||||||||||||0|0|2747813_1.png|https://static.mueller.de/6958437005-PV-0/pdzoom/gourmet-berner-aceto-balsamico-bianco-condimento.webp||||||||||||||||||||||Gourmet Berner GmbH & Co. KG||||||||||200 ml|||True||2747813P|||||||||10
2747814|mueller||||||||2024-10-28|Käfer Bio Earl Grey Schwarzer Tee|KÄFER||42.5|g|Home|Drogerie|Lebensmittel|Tee & Kaffee|Tee|Käfer Bio Earl Grey Schwarzer Tee||9,95 €|9,95 €|||||||||||234,12 € / 1 kg|||EUR|Home> Drogerie> Lebensmittel> Tee & Kaffee> Tee> Käfer Bio Earl Grey Schwarzer Tee|https://www.mueller.at/p/kaefer-bio-earl-grey-schwarzer-tee-2747814/|42.5 g|Biologisch angebauter, schwarzer Tee aus Indien ist die Grundlage für diesen Klassiker. Allerdings wird er durch ein Meer farbenfroher Kornblumenblüten abgerundet und erhält einen leicht süßlichen Geschmack.|||||Indien||||||{'Nährwerte je': '100g'}|||||||||||Organic||||{'manufacturer': 'Feinkost Käfer GmbH', 'Herstelleradresse': 'Heimstettener Str. 1, 85599 Parsdorf', 'Herkunftsland': 'Indien', 'Inhalt': '42.5 g', 'Bio': 'Ja', 'Zutaten': 'Schwarzer Tee* aus Indien, Kornblumenblüten*, natürliches Aroma.', 'Produkttyp': 'Schwarz- & Grüntee'}||||||||||||||0|0|2747814_1.png|https://static.mueller.de/6956724831-PV-0/pdzoom/kaefer-bio-earl-grey-schwarzer-tee.webp||||||||||||||||||||||Feinkost Käfer GmbH||||||||||42.5 g|||True||2747814P|||||||||8
2390882|mueller||||||||2024-10-28|Silit Wender mit Kunststoff|SILIT||1|Stk.|Home|Haushalt|Kochen & Backen|Küchenhelfer & -textilien|Weitere Küchenhelfer|Silit Wender mit Kunststoff||16,99 €|16,99 €||||||||||||||EUR|Home> Haushalt> Kochen & Backen> Küchenhelfer & -textilien> Weitere Küchenhelfer> Silit Wender mit Kunststoff|https://www.mueller.at/p/silit-wender-mit-kunststoff-2390882/|1 Stk.|Mit dem Silit Pfannenwender können Sie leckere Speisen, wie zum Beispiel Fisch, sanft heben und wenden. Die dünne Oberfläche -hergestellt aus synthetischem Material - ermöglicht es, das kochende Essen leicht zu wenden.||||||||||||||||||||||Non-Organic||||{'Geeignet für': 'Spuelmaschinen', 'Tiefe': '35 cm', 'Inhalt': '1 Stk.'}||||||||||||||0|0|2390882_1.png|https://static.mueller.de/6683270135-PV-0/pdzoom/silit-wender-mit-kunststoff.webp|2390882_2.png|https://static.mueller.de/6683270135-PB-1/pdzoom/silit-wender-mit-kunststoff.webp||||||||||||||||||||||||||||||1 Stk.|||True||2390882P|||||Spuelmaschinen||||10
2904915|mueller||||||||2024-10-28|Bella Casa Servietten 33x33cm Zweige roségold|BELLA CASA||20|Stk.|Home|Drogerie|Haushalt|Papierartikel|Servietten|Bella Casa Servietten 33x33cm Zweige roségold||1,00 €|1,00 €|||||||||||0,50 € / 10 Stk.|||EUR|Home> Drogerie> Haushalt> Papierartikel> Servietten> Bella Casa Servietten 33x33cm Zweige roségold|https://www.mueller.at/p/bella-casa-servietten-33x33cm-zweige-rosegold-IPN2904915/|20 Stk.|Serviette Tissue 3lg. 33x33 cm||||||||||||||||||||||Non-Organic||||{'manufacturer': 'Paper+Design GmbH tabletop', 'Herstelleradresse': 'An der Heinzebank 15, 09429 Wolkenstein', 'Kontaktmöglichkeit': 'www.mueller.eu', 'Materialdetails': 'Tissue', 'Höhe': '33 cm', 'Breite': '33 cm', 'Inhalt': '20 Stk.'}||||||||Tissue||||||0|0|2904915_1.png|https://static.mueller.de/pdzoom/2200290491580_PV.webp||||||||||||||||||||||Paper+Design GmbH tabletop||||||||||20 Stk.|||True||2904915P|||||||||5
2390885|mueller||||||||2024-10-28|JOJO Persönlicher Schutzengel Püppkes|JOJO||1|Stk.|Home|Haushalt|Wohnen & Dekorieren|Deko-Zubehör|JOJO Persönlicher Schutzengel Püppkes|||4,99 €|4,99 €||||||||||||||EUR|Home> Haushalt> Wohnen & Dekorieren> Deko-Zubehör> JOJO Persönlicher Schutzengel Püppkes|https://www.mueller.at/p/jojo-persoenlicher-schutzengel-pueppkes-2390885/|1 Stk.|"Dein persönlicher Schutzengel
für jede Situation."||||||||||||||||||||||Non-Organic||||{'manufacturer': 'JOJO Joachim Kürz e.K.', 'Herstelleradresse': 'Dr.-Rudolf-Eberle-Str. 12, DE-79725 Laufenburg', 'Kontaktmöglichkeit': 'info@jojo-line.de', 'Inhalt': '1 Stk.'}||||||||||||||0|0|2390885_1.png|https://static.mueller.de/6350350438-PV-0/pdzoom/jojo-persoenlicher-schutzengel-pueppkes.webp||||||||||||||||||||||JOJO Joachim Kürz e.K.||||||||||1 Stk.|||True||2390885P|||||||||10
2390886|mueller||||||||2024-10-28|Silit Sparschäler|SILIT||1|Stk.|Home|Haushalt|Kochen & Backen|Küchenhelfer & -textilien|Sparschäler|Silit Sparschäler||10,99 €|10,99 €||||||||||||||EUR|Home> Haushalt> Kochen & Backen> Küchenhelfer & -textilien> Sparschäler> Silit Sparschäler|https://www.mueller.at/p/silit-sparschaeler-2390886/|1 Stk.|Mit den Silit Gemüseschälern befreien Sie Obst und Gemüse im Handumdrehen von seiner Schale. Das Vorbereiten wird Ihnen mit den formschönen Modellen in Zukunft nicht nur leichter, sondern auch mit Freude von der Hand gehen. Dabei gleiten die scharfen Klingen selbst über Unebenheiten hinweg, und die Vitamine unter der Schale bleiben erhalten.||||||||||||||||||||||Non-Organic||||{'Tiefe': '19 cm', 'Inhalt': '1 Stk.'}||||||||||||||0|0|2390886_1.png|https://static.mueller.de/6483698204-PV-0/pdzoom/silit-sparschaeler.webp|2390886_2.png|https://static.mueller.de/6483698204-PB-1/pdzoom/silit-sparschaeler.webp||||||||||||||||||||||||||||||1 Stk.|||True||2390886P|||||||||10
2904918|mueller||||||||2024-10-28|URTEKRAM Dare to Dream Nachtcreme|URTEKRAM||50|ml|Home|Parfümerie|Pflege|Gesichtspflege|Nachtpflege|URTEKRAM Dare to Dream Nachtcreme||13,99 €|13,99 €|||||||||||279,80 € / 1 l|||EUR|Home> Parfümerie> Pflege> Gesichtspflege> Nachtpflege> URTEKRAM Dare to Dream Nachtcreme|https://www.mueller.at/p/urtekram-dare-to-dream-nachtcreme-IPN2904918/|50 ml|"Die nährende Dare to Dream Ageless Nachtcreme für alle Hauttypen pflegt die Haut seidig-weich. Der Power-Inhaltsstoff Vitamin C hilft der Haut, Anzeichen vorzeitiger Hautalterung, feinen Linien und Fältchen vorzubeugen. Bio-Hagebuttenöl und Tigergrasextrakt schützen vor Umwelteinflüssen, während Hyaluronsäure wertvolle Feuchtigkeit spendet. Nährendes Bio-Jojobaöl und Bio-Mandelöl unterstützen die Haut bei der nächtlichen Regeneration. Für einen strahlenden Teint mit einem jugendlichen Glow. Wir empfehlen die Verwendung dieser intensiv feuchtigkeitsspendenden Pflegelinie bei den ersten Zeichen der Zeit ab einem Alter von ca. 30 Jahren. - nährende Nachtcreme für alle Hauttypen - mit Vitamin C, Hyaluronsäure, Bio-Hagebuttenöl und Tigergras - mit Inhaltsstoffen zu 100 % natürlichen Ursprungs - 100 % vegan und tierversuchsfrei (Veganblume) - mit dem zarten Duft der Hagebuttenrose Entdecke weitere Pflegeprodukte der Mindful Beauty Kollektion Dare to Dream | Soft Wild Rose: Lass deine Sinne in ein Blütenmeer eintauchen und traue dich zu träumen mit dem verwöhnenden, zarten Duft der Hagebuttenrose. Das macht Produkte von Urtekram besonders: - dänische, zertifizierte Natur- und Biokosmetik nach Ecocert Cosmos Organic Standard - 100 % vegan und tierversuchsfrei (Veganblume) - ohne Mikroplastik, Parabene und synthetische Konservierungsstoffe - mit 100 % biologisch abbaubaren Inhaltsstoffen."||||||||||||||||||||||Non-Organic||||"{'manufacturer': 'Midsona Denmark A/S', 'Herstelleradresse': 'DK-9550 Mariager', 'Kontaktmöglichkeit': 'info@davert.de', 'Anwendungshinweis': 'Ein bis zwei Pumpstöße abends nach der Reinigung auf Gesicht, Hals und Dekolleté auftragen.', 'package_contents': 'Aloe Barbadensis Leaf Extract*, Butyrospermum Parkii Butter*, Propanediol, Polyglyceryl-3 Dicitrate/Stearate, Cetearyl Alcohol, Zea Mays Starch*, Glyceryl Stearate SE, Prunus Amygdalus Dulcis Oil*, Coco-Caprylate, Silica, Rosa Canina Fruit Oil*, Simmondsia Chinensis Seed Oil*, Centella Asiatica Leaf Extract, Magnolia Officinalis Bark Extract, Ascorbyl Glucoside, Bidens Pilosa Extract, Sodium Hyaluronate, Astrocaryum Murumuru Seed Butter, Gossypium Herbaceum Seed Oil, Linum Usitatissimum Seed Oil, Squalene, Glycerin, Xanthan Gum, CI 77491, Mica, Sodium Gluconate, Tocopherol, Lactic Acid, Sodium Hydroxide, Aqua, Glyceryl Caprylate, Glyceryl Undecylenate, Parfum, Citral, Geraniol, Limonene, Linalool. (* = ingredient from organic farming).', 'skin_type': 'alle Hauttypen', 'product_property': 'pflegend|feuchtigkeitsspendend', 'Inhalt': '50 ml', 'scope_of_application': 'Nachtpflege', 'Produkttyp': 'Creme'}"||||||||||||||0|0|2904918_1.png|https://static.mueller.de/pdzoom/5701058012797.webp||||||||||||||||||||||Midsona Denmark A/S||||||||||50 ml|Aloe Barbadensis Leaf Extract*, Butyrospermum Parkii Butter*, Propanediol, Polyglyceryl-3 Dicitrate/Stearate, Cetearyl Alcohol, Zea Mays Starch*, Glyceryl Stearate SE, Prunus Amygdalus Dulcis Oil*, Coco-Caprylate, Silica, Rosa Canina Fruit Oil*, Simmondsia Chinensis Seed Oil*, Centella Asiatica Leaf Extract, Magnolia Officinalis Bark Extract, Ascorbyl Glucoside, Bidens Pilosa Extract, Sodium Hyaluronate, Astrocaryum Murumuru Seed Butter, Gossypium Herbaceum Seed Oil, Linum Usitatissimum Seed Oil, Squalene, Glycerin, Xanthan Gum, CI 77491, Mica, Sodium Gluconate, Tocopherol, Lactic Acid, Sodium Hydroxide, Aqua, Glyceryl Caprylate, Glyceryl Undecylenate, Parfum, Citral, Geraniol, Limonene, Linalool. (* = ingredient from organic farming).||True||2904918P|||||||||3
3013760|mueller||||||||2024-10-28|L'ORÉAL PARIS Brow Color Augenbrauenfarbe 1.0 Schwarz|L'ORÉAL PARIS||1|Stk.|Home|Parfümerie|Make-up|Augen|Augenbrauenfarbe|L'ORÉAL PARIS Brow Color Augenbrauenfarbe 1.0 Schwarz||15,99 €|15,99 €||||||||||||||EUR|Home> Parfümerie> Make-up> Augen> Augenbrauenfarbe> L'ORÉAL PARIS Brow Color Augenbrauenfarbe 1.0 Schwarz|https://www.mueller.at/p/loreal-paris-brow-color-augenbrauenfarbe-1-0-schwarz-IPN3013760/|1 Stk.|Brow Color Augenbrauenfarbe von L’Oréal Paris ist semi-permanent. Für bis zu 5 Wochen sehen die Augenbrauen perfekt coloriert aus und garantieren somit eine lange Haltbarkeit. Dabei hält eine Packung für bis zu 10 Anwendungen. Zudem überzeugt die Formel mit einem angenehmen Geruch, da sie ohne Ammoniak auskommt. Dank der ammoniakfreien Formel kann in nur 5 Minuten ein perfekt definiertes Ergebnis erzielt werden – für eine ausdrucksstarke Augenpartie. Die L’Oréal Paris Brow Color Augenbrauenfarbe färbt die Augenbrauen semi-permanentDank langer Haltbarkeit sehen die Augenbrauen für bis zu 5 Wochen perfekt coloriert aus – bei bis zu 10 Anwendungen pro PackungDie Formel für die Augenbrauen kommt ohne Ammoniak aus – für einen angenehmen GeruchMit Brow Color werden die Augenbrauen schnell & einfach gefärbtDank der ammoniakfreien Formel kann in nur 5 Minuten ein Ergebnis erzielt werden – für eine ausdrucksstarke Augenpartie||"Haarfärbemittel können schwere, allergische Reaktionen hervorrufen. Dieses Produkt ist nicht für Personen unter 16 Jahren bestimmt. Färben Sie Ihre Braue nicht, wenn Sie einen Ausschlag im Gesicht haben oder wenn Ihre Haut empfindlich, gereizt oder verletzt ist, wenn Sie schon einmal nach dem Färben Ihres Haares oder Ihrer Braue eine Reaktion festgestellt haben, wenn eine temporäre Tätowierung mit ""schwarzem Henna"" bei Ihnen schon einmal eine Reaktion verursacht hat. Das Nichtbeachten einer vorliegenden Allergie kann lebensbedrohlich sein. Es ist unbedingt erforderlich, einen Allergieverdachtstest 48 Stunden vor jeder Anwendung des Produkts durchzuführen, auch wenn Sie Haarfarben bereits früher verwendet haben. Denken Sie deshalb daran, das Produkt 48 Stunden vorher zu kaufen (Gebrauchsanweisung beachten). Bei einer Reaktion oder falls Sie Fragen zur persönlichen Verträglichkeit haben, wenden Sie sich vor Anwendung einer Haarfarbe an einen Arzt."||||||||||||||||||||Non-Organic||||"{'Lagerhinweis': 'Haarfärbemittel können schwere, allergische Reaktionen hervorrufen. Dieses Produkt ist nicht für Personen unter 16 Jahren bestimmt. Färben Sie Ihre Braue nicht, wenn Sie einen Ausschlag im Gesicht haben oder wenn Ihre Haut empfindlich, gereizt oder verletzt ist, wenn Sie schon einmal nach dem Färben Ihres Haares oder Ihrer Braue eine Reaktion festgestellt haben, wenn eine temporäre Tätowierung mit ""schwarzem Henna"" bei Ihnen schon einmal eine Reaktion verursacht hat. Das Nichtbeachten einer vorliegenden Allergie kann lebensbedrohlich sein. Es ist unbedingt erforderlich, einen Allergieverdachtstest 48 Stunden vor jeder Anwendung des Produkts durchzuführen, auch wenn Sie Haarfarben bereits früher verwendet haben. Denken Sie deshalb daran, das Produkt 48 Stunden vorher zu kaufen (Gebrauchsanweisung beachten). Bei einer Reaktion oder falls Sie Fragen zur persönlichen Verträglichkeit haben, wenden Sie sich vor Anwendung einer Haarfarbe an einen Arzt.', 'consistency': 'Gel', 'target_group': 'Damen', 'manufacturer': ""L'Oréal Deutschland GmbH"", 'Herstelleradresse': 'TSA 75000 93684 ST OUEN CEDEX FR', 'Anwendungshinweis': 'Vor dem Färben der Augenbrauen Metallschmuck (wie Piercings) aus den Augenbrauen entfernen. Danach die Augenbrauen gründlich von Make-up befreien und trocknen lassen. Vaseline oder Gesichtscreme helfen dabei, Hautflecken zu vermeiden. Im Anschluss eine kleine Menge mit der Bürste auf die trockenen, ungeschminkten Augenbrauen auftragen. Die gewünschte Form durch Nachziehen der Ränder mit der Präzisionsspitze des Applikators genau definieren. Nicht auf die Wimpern auftragen und Kontakt mit den Augen vermeiden. Mit der Brow Color Augenbrauenfarbe werden die Brauen in einem kräftigen Schwarz gefärbt.', 'package_contents': 'AQUA / WATER • HYDROGEN PEROXIDE • CETEARYL ALCOHOL • SODIUM SALICYLATE • TRIDECETH-2 CARBOXAMIDE MEA • PHOSPHORIC ACID • CETEARETH-25 • TETRASODIUM ETIDRONATE • TETRASODIUM PYROPHOSPHATE • GLYCERIN (F.I.L. C202318/2).,INGREDIENTS: AQUA / WATER • CETEARYL ALCOHOL • DECETH-3 • PROPYLENE GLYCOL • LAURETH-12 • ETHANOLAMINE • OLETH-30 • LAURIC ACID • GLYCOL DISTEARATE • TOLUENE-2,5-DIAMINE • CARBOMER • N,N-BIS(2-HYDROXYETHYL)-p-PHENYLENEDIAMINE SULFATE • m-AMINOPHENOL • SILICA DIMETHYL SILYLATE [NANO] / SILICA DIMETHYL SILYLATE • 2-AMINO-3-HYDROXYPYRIDINE • ASCORBIC ACID • HYDROXYBENZOMORPHOLINE • SODIUM METABISULFITE • HYDROXYETHYL-3,4-METHYLENEDIOXYANILINE HCL • 6-HYDROXYINDOLE • THIOGLYCERIN • TETRASODIUM GLUTAMATE DIACETATE • 2,4-DIAMINOPHENOXYETHANOL HCL • PARFUM / FRAGRANCE (F.I.L. Z70036987/1).', 'Farbnummer': '1.0', 'Farbe': 'Schwarz', 'skin_type': 'reife Haut', 'Inhalt': '1 Stk.', 'scope_of_application': 'Augen', 'Batterien erforderlich': 'Nein', 'Produkttyp': 'Augenbrauenfarbe'}"||||||Schwarz||||||||5.0|3|3013760_1.png|https://static.mueller.de/markant_03600524135881_pv_4500835/pdzoom/loreal-paris-brow-color-augenbrauenfarbe-1-0-schwarz.webp|3013760_2.png|https://static.mueller.de/markant_03600524135881_pd_4665636/pdzoom/loreal-paris-brow-color-augenbrauenfarbe-1-0-schwarz.webp|3013760_3.png|https://static.mueller.de/markant_03600524135881_pd_4665639/pdzoom/loreal-paris-brow-color-augenbrauenfarbe-1-0-schwarz.webp|3013760_4.png|https://static.mueller.de/markant_03600524135881_pd_4665640/pdzoom/loreal-paris-brow-color-augenbrauenfarbe-1-0-schwarz.webp|3013760_5.png|https://static.mueller.de/markant_03600524135881_pd_4665641/pdzoom/loreal-paris-brow-color-augenbrauenfarbe-1-0-schwarz.webp|3013760_6.png|https://static.mueller.de/markant_03600524135881_pd_4665637/pdzoom/loreal-paris-brow-color-augenbrauenfarbe-1-0-schwarz.webp||||||||||||L'Oréal Deutschland GmbH||||||||||1 Stk.|AQUA / WATER • HYDROGEN PEROXIDE • CETEARYL ALCOHOL • SODIUM SALICYLATE • TRIDECETH-2 CARBOXAMIDE MEA • PHOSPHORIC ACID • CETEARETH-25 • TETRASODIUM ETIDRONATE • TETRASODIUM PYROPHOSPHATE • GLYCERIN (F.I.L. C202318/2).,INGREDIENTS: AQUA / WATER • CETEARYL ALCOHOL • DECETH-3 • PROPYLENE GLYCOL • LAURETH-12 • ETHANOLAMINE • OLETH-30 • LAURIC ACID • GLYCOL DISTEARATE • TOLUENE-2,5-DIAMINE • CARBOMER • N,N-BIS(2-HYDROXYETHYL)-p-PHENYLENEDIAMINE SULFATE • m-AMINOPHENOL • SILICA DIMETHYL SILYLATE [NANO] / SILICA DIMETHYL SILYLATE • 2-AMINO-3-HYDROXYPYRIDINE • ASCORBIC ACID • HYDROXYBENZOMORPHOLINE • SODIUM METABISULFITE • HYDROXYETHYL-3,4-METHYLENEDIOXYANILINE HCL • 6-HYDROXYINDOLE • THIOGLYCERIN • TETRASODIUM GLUTAMATE DIACETATE • 2,4-DIAMINOPHENOXYETHANOL HCL • PARFUM / FRAGRANCE (F.I.L. Z70036987/1).||True||3013760P||||"Haarfärbemittel können schwere, allergische Reaktionen hervorrufen. Dieses Produkt ist nicht für Personen unter 16 Jahren bestimmt. Färben Sie Ihre Braue nicht, wenn Sie einen Ausschlag im Gesicht haben oder wenn Ihre Haut empfindlich, gereizt oder verletzt ist, wenn Sie schon einmal nach dem Färben Ihres Haares oder Ihrer Braue eine Reaktion festgestellt haben, wenn eine temporäre Tätowierung mit ""schwarzem Henna"" bei Ihnen schon einmal eine Reaktion verursacht hat. Das Nichtbeachten einer vorliegenden Allergie kann lebensbedrohlich sein. Es ist unbedingt erforderlich, einen Allergieverdachtstest 48 Stunden vor jeder Anwendung des Produkts durchzuführen, auch wenn Sie Haarfarben bereits früher verwendet haben. Denken Sie deshalb daran, das Produkt 48 Stunden vorher zu kaufen (Gebrauchsanweisung beachten). Bei einer Reaktion oder falls Sie Fragen zur persönlichen Verträglichkeit haben, wenden Sie sich vor Anwendung einer Haarfarbe an einen Arzt. Außer Reichweite von Kindern aufbewahren"|||||10
3013762|mueller||||||||2024-10-28|L'ORÉAL PARIS Brow Color Augenbrauenfarbe 5.0 Braun|L'ORÉAL PARIS||1|Stk.|Home|Parfümerie|Make-up|Augen|Augenbrauenfarbe|L'ORÉAL PARIS Brow Color Augenbrauenfarbe 5.0 Braun||15,99 €|15,99 €||||||||||||||EUR|Home> Parfümerie> Make-up> Augen> Augenbrauenfarbe> L'ORÉAL PARIS Brow Color Augenbrauenfarbe 5.0 Braun|https://www.mueller.at/p/loreal-paris-brow-color-augenbrauenfarbe-5-0-braun-IPN3013762/|1 Stk.|Brow Color Augenbrauenfarbe von L’Oréal Paris ist semi-permanent. Für bis zu 5 Wochen sehen die Augenbrauen perfekt coloriert aus und garantieren somit eine lange Haltbarkeit. Dabei hält eine Packung für bis zu 10 Anwendungen. Zudem überzeugt die Formel mit einem angenehmen Geruch, da sie ohne Ammoniak auskommt. Dank der ammoniakfreien Formel kann in nur 5 Minuten ein perfekt definiertes Ergebnis erzielt werden – für eine ausdrucksstarke Augenpartie. Die L’Oréal Paris Brow Color Augenbrauenfarbe färbt die Augenbrauen semi-permanentDank langer Haltbarkeit sehen die Augenbrauen für bis zu 5 Wochen perfekt coloriert aus – bei bis zu 10 Anwendungen pro PackungDie Formel für die Augenbrauen kommt ohne Ammoniak aus – für einen angenehmen GeruchMit Brow Color werden die Augenbrauen schnell & einfach gefärbtDank der ammoniakfreien Formel kann in nur 5 Minuten ein Ergebnis erzielt werden – für eine ausdrucksstarke Augenpartie||"Haarfärbemittel können schwere, allergische Reaktionen hervorrufen. Dieses Produkt ist nicht für Personen unter 16 Jahren bestimmt. Färben Sie Ihre Braue nicht, wenn Sie einen Ausschlag im Gesicht haben oder wenn Ihre Haut empfindlich, gereizt oder verletzt ist, wenn Sie schon einmal nach dem Färben Ihres Haares oder Ihrer Braue eine Reaktion festgestellt haben, wenn eine temporäre Tätowierung mit ""schwarzem Henna"" bei Ihnen schon einmal eine Reaktion verursacht hat. Das Nichtbeachten einer vorliegenden Allergie kann lebensbedrohlich sein. Es ist unbedingt erforderlich, einen Allergieverdachtstest 48 Stunden vor jeder Anwendung des Produkts durchzuführen, auch wenn Sie Haarfarben bereits früher verwendet haben. Denken Sie deshalb daran, das Produkt 48 Stunden vorher zu kaufen (Gebrauchsanweisung beachten). Bei einer Reaktion oder falls Sie Fragen zur persönlichen Verträglichkeit haben, wenden Sie sich vor Anwendung einer Haarfarbe an einen Arzt."||||||||||||||||||||Non-Organic||||"{'Lagerhinweis': 'Haarfärbemittel können schwere, allergische Reaktionen hervorrufen. Dieses Produkt ist nicht für Personen unter 16 Jahren bestimmt. Färben Sie Ihre Braue nicht, wenn Sie einen Ausschlag im Gesicht haben oder wenn Ihre Haut empfindlich, gereizt oder verletzt ist, wenn Sie schon einmal nach dem Färben Ihres Haares oder Ihrer Braue eine Reaktion festgestellt haben, wenn eine temporäre Tätowierung mit ""schwarzem Henna"" bei Ihnen schon einmal eine Reaktion verursacht hat. Das Nichtbeachten einer vorliegenden Allergie kann lebensbedrohlich sein. Es ist unbedingt erforderlich, einen Allergieverdachtstest 48 Stunden vor jeder Anwendung des Produkts durchzuführen, auch wenn Sie Haarfarben bereits früher verwendet haben. Denken Sie deshalb daran, das Produkt 48 Stunden vorher zu kaufen (Gebrauchsanweisung beachten). Bei einer Reaktion oder falls Sie Fragen zur persönlichen Verträglichkeit haben, wenden Sie sich vor Anwendung einer Haarfarbe an einen Arzt.', 'consistency': 'Gel', 'target_group': 'Damen', 'manufacturer': ""L'Oréal Deutschland GmbH"", 'Herstelleradresse': 'TSA 75000 93684 ST OUEN CEDEX FR', 'Anwendungshinweis': 'Vor dem Färben der Augenbrauen Metallschmuck (wie Piercings) aus den Augenbrauen entfernen. Danach die Augenbrauen gründlich von Make-up befreien und trocknen lassen. Vaseline oder Gesichtscreme helfen dabei, Hautflecken zu vermeiden. Im Anschluss eine kleine Menge mit der Bürste auf die trockenen, ungeschminkten Augenbrauen auftragen. Die gewünschte Form durch Nachziehen der Ränder mit der Präzisionsspitze des Applikators genau definieren. Nicht auf die Wimpern auftragen und Kontakt mit den Augen vermeiden. Mit der Brow Color Augenbrauenfarbe werden die Brauen in einem kräftigen Schwarz gefärbt.', 'package_contents': 'AQUA / WATER • CETEARYL ALCOHOL • DECETH-3 • PROPYLENE GLYCOL • LAURETH-12 • ETHANOLAMINE • OLETH-30 • LAURIC ACID • GLYCOL DISTEARATE • CARBOMER • SILICA DIMETHYL SILYLATE [NANO] / SILICA DIMETHYL SILYLATE • TOLUENE-2,5-DIAMINE • 2-AMINO-3-HYDROXYPYRIDINE • m-AMINOPHENOL • p-AMINOPHENOL • ASCORBIC ACID • SODIUM METABISULFITE • HYDROXYBENZOMORPHOLINE • HYDROXYETHYL-3,4-METHYLENEDIOXYANILINE HCL • 6-HYDROXYINDOLE • THIOGLYCERIN • N,N-BIS(2-HYDROXYETHYL)-p-PHENYLENEDIAMINE SULFATE • TETRASODIUM GLUTAMATE DIACETATE • 2,4-DIAMINOPHENOXYETHANOL HCL • PARFUM / FRAGRANCE (F.I.L. Z70036988/1).,INGREDIENTS: AQUA / WATER • HYDROGEN PEROXIDE • CETEARYL ALCOHOL • SODIUM SALICYLATE • TRIDECETH-2 CARBOXAMIDE MEA • PHOSPHORIC ACID • CETEARETH-25 • TETRASODIUM ETIDRONATE • TETRASODIUM PYROPHOSPHATE • GLYCERIN (F.I.L. C202318/2).', 'Farbnummer': '5.0', 'Farbe': 'braun', 'skin_type': 'reife Haut', 'Inhalt': '1 Stk.', 'scope_of_application': 'Augen', 'Batterien erforderlich': 'Nein', 'Produkttyp': 'Augenbrauenfarbe'}"||||||braun||||||||4.5752|1589|3013762_1.png|https://static.mueller.de/markant_03600524135904_pv_4500840/pdzoom/loreal-paris-brow-color-augenbrauenfarbe-5-0-braun.webp|3013762_2.png|https://static.mueller.de/markant_03600524135904_pd_4665648/pdzoom/loreal-paris-brow-color-augenbrauenfarbe-5-0-braun.webp|3013762_3.png|https://static.mueller.de/markant_03600524135904_pd_4665650/pdzoom/loreal-paris-brow-color-augenbrauenfarbe-5-0-braun.webp|3013762_4.png|https://static.mueller.de/markant_03600524135904_pd_4665651/pdzoom/loreal-paris-brow-color-augenbrauenfarbe-5-0-braun.webp|3013762_5.png|https://static.mueller.de/markant_03600524135904_pd_4665649/pdzoom/loreal-paris-brow-color-augenbrauenfarbe-5-0-braun.webp|3013762_6.png|https://static.mueller.de/markant_03600524135904_pd_4665652/pdzoom/loreal-paris-brow-color-augenbrauenfarbe-5-0-braun.webp||||||||||||L'Oréal Deutschland GmbH||||||||||1 Stk.|AQUA / WATER • CETEARYL ALCOHOL • DECETH-3 • PROPYLENE GLYCOL • LAURETH-12 • ETHANOLAMINE • OLETH-30 • LAURIC ACID • GLYCOL DISTEARATE • CARBOMER • SILICA DIMETHYL SILYLATE [NANO] / SILICA DIMETHYL SILYLATE • TOLUENE-2,5-DIAMINE • 2-AMINO-3-HYDROXYPYRIDINE • m-AMINOPHENOL • p-AMINOPHENOL • ASCORBIC ACID • SODIUM METABISULFITE • HYDROXYBENZOMORPHOLINE • HYDROXYETHYL-3,4-METHYLENEDIOXYANILINE HCL • 6-HYDROXYINDOLE • THIOGLYCERIN • N,N-BIS(2-HYDROXYETHYL)-p-PHENYLENEDIAMINE SULFATE • TETRASODIUM GLUTAMATE DIACETATE • 2,4-DIAMINOPHENOXYETHANOL HCL • PARFUM / FRAGRANCE (F.I.L. Z70036988/1).,INGREDIENTS: AQUA / WATER • HYDROGEN PEROXIDE • CETEARYL ALCOHOL • SODIUM SALICYLATE • TRIDECETH-2 CARBOXAMIDE MEA • PHOSPHORIC ACID • CETEARETH-25 • TETRASODIUM ETIDRONATE • TETRASODIUM PYROPHOSPHATE • GLYCERIN (F.I.L. C202318/2).||True||3013762P||||"Haarfärbemittel können schwere, allergische Reaktionen hervorrufen. Dieses Produkt ist nicht für Personen unter 16 Jahren bestimmt. Färben Sie Ihre Braue nicht, wenn Sie einen Ausschlag im Gesicht haben oder wenn Ihre Haut empfindlich, gereizt oder verletzt ist, wenn Sie schon einmal nach dem Färben Ihres Haares oder Ihrer Braue eine Reaktion festgestellt haben, wenn eine temporäre Tätowierung mit ""schwarzem Henna"" bei Ihnen schon einmal eine Reaktion verursacht hat. Das Nichtbeachten einer vorliegenden Allergie kann lebensbedrohlich sein. Es ist unbedingt erforderlich, einen Allergieverdachtstest 48 Stunden vor jeder Anwendung des Produkts durchzuführen, auch wenn Sie Haarfarben bereits früher verwendet haben. Denken Sie deshalb daran, das Produkt 48 Stunden vorher zu kaufen (Gebrauchsanweisung beachten). Bei einer Reaktion oder falls Sie Fragen zur persönlichen Verträglichkeit haben, wenden Sie sich vor Anwendung einer Haarfarbe an einen Arzt. Außer Reichweite von Kindern aufbewahren"|||||10
2904911|mueller||||||||2024-10-28|Bella Casa Servietten 33x33cm Ornamente taupe|BELLA CASA||20|Stk.|Home|Drogerie|Haushalt|Papierartikel|Servietten|Bella Casa Servietten 33x33cm Ornamente taupe||1,99 €|1,99 €|||||||||||1,00 € / 10 Stk.|||EUR|Home> Drogerie> Haushalt> Papierartikel> Servietten> Bella Casa Servietten 33x33cm Ornamente taupe|https://www.mueller.at/p/bella-casa-servietten-33x33cm-ornamente-taupe-IPN2904911/|20 Stk.|Serviette Tissue 3lg. 33x33 cm||||||||||||||||||||||Non-Organic||||{'manufacturer': 'Paper+Design GmbH tabletop', 'Herstelleradresse': 'An der Heinzebank 15, 09429 Wolkenstein', 'Kontaktmöglichkeit': 'www.mueller.eu', 'Materialdetails': 'Tissue', 'Höhe': '33 cm', 'Breite': '33 cm', 'Inhalt': '20 Stk.'}||||||||Tissue||||||0|0|2904911_1.png|https://static.mueller.de/pdzoom/2200290491108_PV.webp||||||||||||||||||||||Paper+Design GmbH tabletop||||||||||20 Stk.|||False||2904911P|||||||||1
2879403|mueller||||||||2024-10-28|Catrice Art Couleurs Eyeshadow|CATRICE||2.4|g|Home|Parfümerie|Make-up|Augen|Lidschatten|Catrice Art Couleurs Eyeshadow||2,95 €|2,95 €||||||||||||||EUR|Home> Parfümerie> Make-up> Augen> Lidschatten> Catrice Art Couleurs Eyeshadow|https://www.mueller.at/p/catrice-art-couleurs-eyeshadow-IPN2879403/|2.4 g|Die Art Couleurs Eyeshadows überzeugen mit einer hochpigmentierten Pudertextur, intensiver Deckkraft und verschiedenen Effekten mit matten, schimmernden bis metallischen Finishes. Lidschatten mit verschiedenen EffektenHochpigmentierte PudertexturLanganhaltend||||||||||||||||||||||Non-Organic||||{'target_group': 'Damen', 'manufacturer': 'cosnova', 'Herstelleradresse': 'Frankfurt (D-65843) - New York (NY 10003) – London (EC4A 4AB)', 'Kontaktmöglichkeit': 'service@cosnova.eu', 'Anwendungshinweis': 'Die CATRICE Art Couleurs Eyeshadows lassen sich nach individuellen Präferenzen zusammenstellen. Auf dem beweglichen Augenlid sorgt ein schimmernder Ton für einen 3D-Effekt, in der Lidfalte verleiht eine matte Nuance Tiefe und mit einer hellen Shade lassen sich im inneren Augenwinkel und unter dem Brauenbogen Highlights setzen.', 'package_contents': 'MICA, OCTYLDODECYL STEAROYL STEARATE, SYNTHETIC FLUORPHLOGOPITE, COCO-CAPRYLATE/CAPRATE, ZINC STEARATE, C10-18 TRIGLYCERIDES, CALCIUM ALUMINUM BOROSILICATE, DIMETHICONE, CAPRYLIC/CAPRIC TRIGLYCERIDE, C20-24 ALKYL DIMETHICONE, DIISOSTEARYL MALATE, HYDROGENATED POLYCYCLOPENTADIENE, CAPRYLYL GLYCOL, SILICA, HEXYLENE GLYCOL, LAUROYL LYSINE, PHENOXYETHANOL, DEHYDROACETIC ACID, TIN OXIDE, CI 77288 (CHROMIUM OXIDE GREENS), CI 77492 (IRON OXIDES), CI 77891 (TITANIUM DIOXIDE).', 'Farbnummer': '410', 'Farbe': 'Jungle Jade', 'Inhalt': '2.4 g', 'scope_of_application': 'Augen', 'Produkttyp': 'Lidschatten'}||||||Jungle Jade||||||||3.0|2|2879403_1.png|https://static.mueller.de/markant_04059729397942_pv_4545783/pdzoom/catrice-art-couleurs-eyeshadow.webp|2879403_2.png|https://static.mueller.de/markant_04059729397942_pd_4034596/pdzoom/catrice-art-couleurs-eyeshadow.webp|2879403_3.png|https://static.mueller.de/markant_04059729397942_pd_4032161/pdzoom/catrice-art-couleurs-eyeshadow.webp|2879403_4.png|https://static.mueller.de/markant_04059729397942_pd_4032162/pdzoom/catrice-art-couleurs-eyeshadow.webp|2879403_5.png|https://static.mueller.de/markant_04059729397942_pd_4159363/pdzoom/catrice-art-couleurs-eyeshadow.webp|2879403_6.png|https://static.mueller.de/markant_04059729397942_pd_4032160/pdzoom/catrice-art-couleurs-eyeshadow.webp||||||||||||cosnova||||||||||2.4 g|MICA, OCTYLDODECYL STEAROYL STEARATE, SYNTHETIC FLUORPHLOGOPITE, COCO-CAPRYLATE/CAPRATE, ZINC STEARATE, C10-18 TRIGLYCERIDES, CALCIUM ALUMINUM BOROSILICATE, DIMETHICONE, CAPRYLIC/CAPRIC TRIGLYCERIDE, C20-24 ALKYL DIMETHICONE, DIISOSTEARYL MALATE, HYDROGENATED POLYCYCLOPENTADIENE, CAPRYLYL GLYCOL, SILICA, HEXYLENE GLYCOL, LAUROYL LYSINE, PHENOXYETHANOL, DEHYDROACETIC ACID, TIN OXIDE, CI 77288 (CHROMIUM OXIDE GREENS), CI 77492 (IRON OXIDES), CI 77891 (TITANIUM DIOXIDE).||True||2879403P|||||||||10
22081|mueller||||||||2024-10-28|folia Fotokartonblock 10 Blatt 22 x 33 cm|FOLIA||1|Stk.|Home|Schreibwaren|Bastelbedarf|Papier & Karton|folia Fotokartonblock 10 Blatt 22 x 33 cm|||3,69 €|3,69 €||||||||||||||EUR|Home> Schreibwaren> Bastelbedarf> Papier & Karton> folia Fotokartonblock 10 Blatt 22 x 33 cm|https://www.mueller.at/p/folia-fotokartonblock-10-blatt-22-x-33-cm-22081/|1 Stk.|Block mit 10 farbig sortierten Blättern Fotokarton für Bastelarbeiten und das Erstellen von Fotoalben und Kalendern.||||||||||||||||||||||Non-Organic||||{'Grammatur in g/m2': '300', 'scope_of_delivery': '10 Blatt in 22 x 33 cm', 'Farbe': 'sortiert', 'Inhalt': '1 Stk.', 'Produkttyp': 'Bastelpapier & -karton'}||||||sortiert||||||||0|0|22081_1.png|https://static.mueller.de/5741189725-PV-0/pdzoom/folia-fotokartonblock-10-blatt-22-x-33-cm.webp|22081_2.png|https://static.mueller.de/5741189725-PB-1/pdzoom/folia-fotokartonblock-10-blatt-22-x-33-cm.webp||||||||||||||||||||||||||||||1 Stk.|||True||22081P|||||||||10
3013766|mueller||||||||2024-10-28|Alnatura Bio Banane Beere Hafer Riegel|ALNATURA||23|g|Home|Drogerie|Kind & Mama|Babynahrung|Beikost|Menüs|Alnatura Bio Banane Beere Hafer Riegel|0,85 €|0,85 €|||||||||||36,96 € / 1 kg|||EUR|Home> Drogerie> Kind & Mama> Babynahrung> Beikost> Menüs> Alnatura Bio Banane Beere Hafer Riegel|https://www.mueller.at/p/alnatura-bio-banane-beere-hafer-riegel-IPN3013766/|23 g|Alnatura Haferriegel mit Banane und Beere.||Trocken lagern, vor Wärme schützen.,Conserver au sec et à l’abri de la chaleur.|||||||||{'Nährwerte je': '100  g', 'Brennwert': '1491 kj / 353 kcal', 'Fett in g': '4.0 g', '- davon gesättigte Fettsäuren in g': '0.6 g', 'Kohlenhydrate in g': '71.4 g', '- davon Zucker in g': '37.4 g', 'Ballaststoffe in g': '6.1 g', 'Eiweiß in g': '4.7 g', 'Salz in g': '0.03 g'}|||||||||||Organic||||{'Lagerhinweis': 'Trocken lagern, vor Wärme schützen.,Conserver au sec et à l’abri de la chaleur.', 'manufacturer': 'Alnatura GmbH', 'Herstelleradresse': 'Mahatma-Gandhi-Straße 7, DE-64295 Darmstadt', 'Kontaktmöglichkeit': 'www.alnatura.de', 'Öko-Kontrollstelle': 'DE-ÖKO-003', 'Inhalt': '23 g', 'Bio': 'Ja', 'Zutaten': 'Bananenflocken* 19%, HAFERVOLLKORNFLOCKEN* 18%, Birnensaftkonzentrat*, Traubensaftkonzentrat* rot 14%, HAFERVOLLKORNMEHL* 13%, Apfelpulver*, Schwarzes Johannisbeersaftkonzentrat* 5%, Oblaten* (Kartoffelstärke*, Sonnenblumenöl*), Sonnenblumenöl* *aus biologischer Landwirtschaft\nKann Spuren von Milch, Mandel, Haselnuss, Walnuss, Cashewnuss und Sesam enthalten', 'Produkttyp': 'Menüs'}||||||||||||||0|0|3013766_1.png|https://static.mueller.de/markant_00000040045382_pv_4656377/pdzoom/alnatura-bio-banane-beere-hafer-riegel.webp||||||||||||||||||||||Alnatura GmbH||||||||||23 g|||True||3013766P||||"Bitte nur unter Aufsicht und im Sitzen geben und auf eine regelmäßige Zahnpflege sowie eine ausgewogene und abwechslungsreiche Ernährung achten.
Für Kinder ab 3 Jahren"|||||10
2708211|mueller||||||||2024-10-28|Frauengefängnis - Flucht von der Todesinsel|||1|Stk.|Home|Multi-Media|Filme & TV|Action & Abenteuer|Frauengefängnis - Flucht von der Todesinsel|||4,99 €|4,99 €||||||||||||||EUR|Home> Multi-Media> Filme & TV> Action & Abenteuer> Frauengefängnis - Flucht von der Todesinsel|https://www.mueller.at/p/frauengefaengnis-flucht-von-der-todesinsel-2708211/|1 Stk.|"Auf ""Prison Island"" einer Felseninsel mitten im Ozean, befindet sich eine Festung, die als Frauengefängnis fungiert. Fast unerreichbar, wird sie auf einer Seite von einem tödlichen Dschungel, auf der anderen Seite von einer steilen Felsküste umgeben. Eines der inhaftierten Mädchen wurde angeblich unschuldig in das Gefängnis gesteckt und ihr reicher Vater möchte sie dort rausholen lassen. Also stationiert er eine engagierte Truppe von Kämpfern auf der Insel. Es kommt aber zu unvorhersehbaren Komplikationen für alle Beteiligten."||||||||||||||||||||||Non-Organic||||"{'medium': 'DVD', 'manufacturer': 'Sedna Medien & Distribution GmbH', 'Bildformat': '16:9', 'Inhalt': '1 Stk.', 'Laufzeit in min (gesamt)': '88', 'Produktionsjahr': '2006', 'Regisseur': 'Andreas Bethmann', 'Schauspieler': 'Lina Romay,Enrico Amerkamp,Jess Franco,Andreas Bethmann,Andreas Schnaas,Thomas Kercmar,Natascha Farrel,Christian Bau,Manoush', 'Special Edition': 'Nein', 'Tonformat-Sprache': 'Deutsch', 'packaging_type': 'Softbox', 'Hauptgenre': 'Erotik|Action'}"||||||||||||||0|0|2708211_1.png|https://static.mueller.de/videojakob_4049174420036_pv_607043/pdzoom/frauengefaengnis-flucht-von-der-todesinsel.webp|2708211_2.png|https://static.mueller.de/pdzoom/videojakob_4049174420036_pr_607043-back.webp||||||||||||||||||||Sedna Medien & Distribution GmbH||||||||||1 Stk.|||False||2708211P|||||||||1
22086|mueller||||||||2024-10-28|Stockmar Wachsmalblöcke 8-er Etui|STOCKMAR||1|Stk.|Home|Schreibwaren|Bastelbedarf|Wachsmalstifte|Stockmar Wachsmalblöcke 8-er Etui|||9,99 €|9,99 €||||||||||||||EUR|Home> Schreibwaren> Bastelbedarf> Wachsmalstifte> Stockmar Wachsmalblöcke 8-er Etui|https://www.mueller.at/p/stockmar-wachsmalbloecke-8-er-etui-22086/|1 Stk.|Wachsmalblöcke , 8 Blöcke , zitronengelb, orange, karminrot, grün, blau, blauviolett, rotbraun, schwarz , im Blechetui , wasserfest , mit Bienenwachs und giftfreien lichtechten Farbpigmenten||||||||||||||||||||||Non-Organic||||{'scope_of_delivery': '8 Wachsmalblöcke', 'Inhalt': '1 Stk.', 'Produkttyp': 'Wachsmalstifte'}||||||||||||||5.0|1|22086_1.png|https://static.mueller.de/5920429343-PV-0/pdzoom/stockmar-wachsmalbloecke-8-er-etui.webp|22086_2.png|https://static.mueller.de/5920429343-PB-1/pdzoom/stockmar-wachsmalbloecke-8-er-etui.webp||||||||||||||||||||||||||||||1 Stk.|||True||22086P|||||||||35
824802|mueller||||||||2024-10-28|herlitz my.book flex Notizheft A4 Rosé-kariert und liniert|HERLITZ MY.BOOK FLEX||1|Stk.|Home|Schreibwaren|Büro|Notizen|Notizbuch|herlitz my.book flex Notizheft A4 Rosé-kariert und liniert||6,59 €|6,59 €||||||||||||||EUR|Home> Schreibwaren> Büro> Notizen> Notizbuch> herlitz my.book flex Notizheft A4 Rosé-kariert und liniert|https://www.mueller.at/p/herlitz-my-book-flex-notizheft-a4-rose-kariert-und-liniert-IPN824802/|1 Stk.|"herlitz my.book flex Notizheft A4, rosé, PP, 2x40 Blatt, kariert und liniert, gelocht, MikroperforationEins für alle, alles in einem

Das modular aufgebaute System umfasst wiederverwendbare und stabile Schutzhüllen, auswechselbare Papiereinlagen sowie verschiedenfarbige Halte- und Verschlussgummis.
Durch die miteinander kombinierbaren Module passt sich das Notizheft mühelos sämtlichen Herausforderungen des Alltags an und ist so individuell wie seine Nutzer.
Die Wahl zwischen verschiedenen Covern sowie unterschiedlichen Lineaturen und Papiereinlagen sorgt für Individualität im Hörsaal, in der Schule, zu Hause oder im Büro - und schont gleichzeitig die Umwelt.
Denn die verschiedenen Cover können wiederverwendet und ganz einfach mit neuen Papiereinlagen befüllt werden."||||||||||||||||||||||Non-Organic||||{'Grammatur in g/m2': '80', 'scope_of_delivery': '2x 40 Blatt liniert und kariert', 'Linienart': 'blanko/unliniert', 'Artikelnummer des Herstellers': '11408648', 'Inhalt': '1 Stk.', 'Produkttyp': 'Notizbücher'}||||||||||||||0|0|824802_1.png|https://static.mueller.de/pdzoom/4008110511849_1.webp||||||||||||||||||||||11408648||||||||||1 Stk.|||True||824802P|||||||||10
2390877|mueller||||||||2024-10-28|Silit Schneebesen 21cm|SILIT||1|Stk.|Home|Haushalt|Kochen & Backen|Küchenhelfer & -textilien|Rührbesen|Silit Schneebesen 21cm||10,99 €|10,99 €||||||||||||||EUR|Home> Haushalt> Kochen & Backen> Küchenhelfer & -textilien> Rührbesen> Silit Schneebesen 21cm|https://www.mueller.at/p/silit-schneebesen-21cm-2390877/|1 Stk.|Locker aus dem Handgelenk: Mit den robusten und funktionalen Schneebesen von Silit schlagen Sie Sahne, Eischnee und Dessertcremes schnell und mühelos auf. Die tropfenförmig gebogenen Drähte aus rostfreiem Cromargan® sind elastisch und dabei formstabil – so können Sie auch festere Massen wie Teig und Eierspeisen mit Schwung vermengen.||||||||||||||||||||||Non-Organic||||{'Geeignet für': 'Spuelmaschinen', 'Tiefe': '21 cm', 'Inhalt': '1 Stk.'}||||||||||||||0|0|2390877_1.png|https://static.mueller.de/6665614922-PV-0/pdzoom/silit-schneebesen-21cm.webp|2390877_2.png|https://static.mueller.de/6665614922-PB-1/pdzoom/silit-schneebesen-21cm.webp||||||||||||||||||||||||||||||1 Stk.|||True||2390877P|||||Spuelmaschinen||||10
2904904|mueller||||||||2024-10-28|H&H H&H Lady-Becher Geschenktasche|H&H||1|Stk.|Home|Schreibwaren|Bastelbedarf|Geschenkverpackungen|H&H H&H Lady-Becher Geschenktasche|||2,99 €|2,99 €||||||||||||||EUR|Home> Schreibwaren> Bastelbedarf> Geschenkverpackungen> H&H H&H Lady-Becher Geschenktasche|https://www.mueller.at/p/h-h-h-h-lady-becher-geschenktasche-IPN2904904/|1 Stk.|",,Die Frau - Die Ikone - Die Legende"" 
Die passende Geschenktüte zu allen Emaille-Bechern. Die Becher sind die perfekten Begleiter für den Camping Ausflug, das Picknick, den Festival-Besuch und eignen sich auch dann, wenn Sie während der Gartenarbeit eine Pause einlegen möchten."||||||||||||||||||||||Non-Organic||||{'Artikelnummer des Herstellers': '03221070001', 'Höhe': '87 mm', 'Breite': '96 mm', 'Tiefe': '130 mm', 'Inhalt': '1 Stk.', 'Produkttyp': 'Geschenkverpackungen'}||||||||||||||0|0|2904904_1.png|https://static.mueller.de/pdzoom/5051276454900.webp||||||||||||||||||||||03221070001||||||||||1 Stk.|||True||2904904P|||||||||7
2601339|mueller||||||||2024-10-28|JOJO Geburtstagswichtel 16|JOJO||1|Stk.|Home|Haushalt|Wohnen & Dekorieren|Deko-Zubehör|JOJO Geburtstagswichtel 16|||4,95 €|4,95 €||||||||||||||EUR|Home> Haushalt> Wohnen & Dekorieren> Deko-Zubehör> JOJO Geburtstagswichtel 16|https://www.mueller.at/p/jojo-geburtstagswichtel-16-IPN2601339/|1 Stk.|"Wichtel-Material: Filz und Holz mit Schnürchen zum Aufhängen.
Größe: Wichtel: ca. 8cm
Karte: 9x13cm im recyclebaren PP-Beutel
Die Karten erhalten Sie mit verschiedenen farbigen Wichteln sortiert.
JOJO Fair-Trade Siegel:
Die JOJO Glückswichtel werden von Hand in BSCI-zertifizierten Betrieben in China hergestellt. D.h. die fairen Arbeitsbedingungen werden dort streng überwacht. Textideen und Grafikdesign sowie Polybeutel- und Kartenproduktion stammen aus Deutschland.
Die Wichtel sind durch ihre herzliche Anmutung und den netten Spruch ein tolles Geschenk für einen besonderen Menschen. Durch das leichte Gewicht und die handlichen Maße können sie überall als Glücksbringer, Beschützer und Talisman mitgetragen werden. Drücke deine Zuneigung aus und die Beschenkten werden sich bei jedem Anblick an die nette Botschaft erinnern!
Jedes Stück ein Unikat: Die Glücksbringer werden sorgfältig von Hand fair produziert.
Damit jeder möglichst lange etwas von diesem Glücksbringer hat, ist er sorgsam in einer wiederverschließbaren, recyclebaren Schutzfolie verpackt.
Extra Geschenkkarte: Jedem Glückswichtel liegt eine 4-farbige Geschenkkarte (ca. 9x13cm) mit passendemText auf der Vorderseite bei. Die Rückseite bietet genügend Platz um noch eine persönliche Botschaft ergänzen zu können."||||||||||||||||||||||Non-Organic||||"{'manufacturer': 'JOJO Joachim Kürz e.K.', 'Herstelleradresse': 'Dr.-Rudolf-Eberle-Str. 12, DE-79725 Laufenburg', 'Kontaktmöglichkeit': 'info@jojo-line.de', 'Materialdetails': 'Filz, Holz und Textilien', 'Material': 'Filz|Holz|Stoff', 'Höhe': '8 cm', 'Inhalt': '1 Stk.'}"||||||||Filz, Holz und Textilien||||||0|0|2601339_1.png|https://static.mueller.de/pdzoom/4048823360884.webp||||||||||||||||||||||JOJO Joachim Kürz e.K.||||||||||1 Stk.|||True||2601339P|||||||||10
995905|mueller||||||||2024-10-28|Erste Wahl-Deluxe Edition|||1|Stk.|Home|Multi-Media|Musik|Pop|Erste Wahl-Deluxe Edition|||5,99 €|5,99 €||||||||||||||EUR|Home> Multi-Media> Musik> Pop> Erste Wahl-Deluxe Edition|https://www.mueller.at/p/erste-wahl-deluxe-edition-995905/|1 Stk.|||||||||||||||||||||||Non-Organic||||{'medium': 'CD EXTRA/Enhanced', 'Künstler': 'Oerding,Johannes', 'Inhalt': '1 Stk.', 'Anzahl Medien im Artikel': '1', 'genre': 'Pop deutschsprachig', 'Label': 'SME Catlg'}||||||||||||||5.0|1|995905_1.png|https://static.mueller.de/pdzoom/phononet_0886976745424_pv_0886976745424-0600px-001.webp|995905_2.png|https://static.mueller.de/pdzoom/phononet_0886976745424_pr_0886976745424-0600px-002.webp|995905_3.png|https://static.mueller.de/495988166-PR-1/pdzoom/erste-wahl-deluxe-edition.webp||||||||||||||||||||||||||||1 Stk.|||True||995905P|||||||||5
3013777|mueller||||||||2024-10-28|LEGO® NINJAGO® – Garmadon|||1|Stk.|Home|Spielwaren|Buch & Schulbedarf|Kinder- & Jugendbücher|LEGO® NINJAGO® – Garmadon|||13,40 €|13,40 €||||||||||||||EUR|Home> Spielwaren> Buch & Schulbedarf> Kinder- & Jugendbücher> LEGO® NINJAGO® – Garmadon|https://www.mueller.at/p/lego-ninjago-garmadon-IPN3013777/|1 Stk.|Die Abenteuer des größten Gegners der Ninja  Cooler Comic  Dieses neue Format ist ein Highlight für alle Comic- und Ninja-Fans! In gleich fünf Geschichten können LEGO® NINJAGO® Fans zusammen mit dem größten Gegner der sechs Ninja, Lord Garmadon, spannende Abenteuer erleben.   Als Kind wurde Garmadon von einer Schlange gebissen, die ihn mit dem Bösen infizierte. Mit der Zeit ist dieses Böse in ihm immer mehr gewachsen, sodass aus dem treuen Bruder von Meister Wu und Vater von Lloyd irgendwann Lord Garmadon wurde. Doch ist wirklich jegliche Hoffnung verloren, dass in ihm noch etwas Gutes steckt? Garmadon selbst glaubt jedenfalls nicht daran und hat nur ein Ziel, das er mit allen Mitteln verfolgt: Die Eroberung Ninjagos.    Kinder ab 6 Jahren werden beim Lesen der unterhaltsamen und aufregenden Comics in diesem Buch viel Spaß haben. Die hochwertig illustrierten Szenen lassen dabei das Herz eines jeden Comicfans höherschlagen!   LEGO, the LEGO logo, the Brick and Knob configurations, the Minifigure and NINJAGO are trademarks of the LEGO Group. ©2022 The LEGO Group.||||||||||||||||||||||Non-Organic||||{'target_group': 'Grundschüler', 'license': '0', 'genre': 'Erstlese', 'publishing_year': '2024', 'Inhalt': '1 Stk.', 'ISBN Ausgangsbuch': '9783960807605', 'Produkttyp': 'Kinder- & Jugendbücher', 'page_number': '140'}||||||||||||||0|0|3013777_1.png|https://static.mueller.de/pdzoom/9783960807605.webp|3013777_2.png|https://static.mueller.de/pdzoom/9783960807605_innenansicht_02.webp|3013777_3.png|https://static.mueller.de/pdzoom/9783960807605_produktbild_03.webp||||||||||||||||||||||||||||1 Stk.|||True||3013777P|||||||||10
442732|mueller||||||||2024-10-28|KORRES Aloe & Dittany Conditioner|KORRES||200|ml|Home|Parfümerie|Pflege|Haarpflege|Haarwäsche|KORRES Aloe & Dittany Conditioner||14,90 €|14,90 €|||||||||||74,50 € / 1 l|||EUR|Home> Parfümerie> Pflege> Haarpflege> Haarwäsche> KORRES Aloe & Dittany Conditioner|https://www.mueller.at/p/korres-aloe-dittany-conditioner-442732/|200 ml|Der leichte Conditioner macht das Haar einfach entwirrbar und geschmeidig, ohne die Haare zu beschweren. Aloe, reich an Proteinen und Aminosäuren, sorgt für einen ausgewogenen Feuchtigkeitszustand des Haares. Proteine und Spurenelemente aus Hafer dringen in das Haar ein, verbessern die Elastizität und schützen es gegen Spliss.||||||||||||||||||||||Non-Organic||||"{'PH-Hautneutral': 'Ja', 'hair_type': 'normales Haar', 'Effekt': 'pflegend', 'target_group': 'Damen|Herren|Unisex', 'manufacturer': 'KORRES D-A-CH GmbH', 'Herstelleradresse': 'Max-Planck-Straße 6, DE-85609 Aschheim-Dornach', 'Kontaktmöglichkeit': 'kontakt@korres-dach.de', 'Anwendungshinweis': 'Nach der Haarwäsche im feuchten Haar verteilen. Lassen Sie die Pflegespülung 1-2 Minuten einwirken und spülen diese dann gründlich mit Wasser aus.', 'package_contents': 'Aqua/Water/Eau,\nCetearyl Alcohol, Distearoylethyl\nHydroxyethylmonium Methosulfate,\nDicaprylyl Carbonate, Parfum (Fragrance),\nQuaternium-91, Cetrimonium Methosulfate,\nAloe Barbadensis Leaf Juice, Astrocaryum\nMurumuru Seed Butter, Beta Vulgaris (Beet)\nExtract, Caprylic/Capric Triglyceride,\nCitronellol, Hexyl Cinnamal, Hydrolyzed Oats,\nHydroxypropyl Guar, Inulin, Lactic Acid,\nLimonene, Niacinamide, Orbignya Speciosa\nKernel Oil, Origanum Dictamnus Flower/\nLeaf/ Stem Extract, Origanum Majorana Leaf\nExtract, Panthenol, Polyquaternium-37,\nSideritis Syriaca Extract, Sodium Gluceptate.', 'product_property': 'regenerierend|revitalisierend|aufbauend', 'Inhalt': '200 ml', 'Produkttyp': 'Haarspülung & Conditioner'}"||||||||||||||0|0|442732_1.png|https://static.mueller.de/243485641-PV-0/pdzoom/korres-aloe-dittany-conditioner.webp|442732_2.png|https://static.mueller.de/243485641-PR-1/pdzoom/korres-aloe-dittany-conditioner.webp||||||||||||||||||||KORRES D-A-CH GmbH||||||||||200 ml|"Aqua/Water/Eau,
Cetearyl Alcohol, Distearoylethyl
Hydroxyethylmonium Methosulfate,
Dicaprylyl Carbonate, Parfum (Fragrance),
Quaternium-91, Cetrimonium Methosulfate,
Aloe Barbadensis Leaf Juice, Astrocaryum
Murumuru Seed Butter, Beta Vulgaris (Beet)
Extract, Caprylic/Capric Triglyceride,
Citronellol, Hexyl Cinnamal, Hydrolyzed Oats,
Hydroxypropyl Guar, Inulin, Lactic Acid,
Limonene, Niacinamide, Orbignya Speciosa
Kernel Oil, Origanum Dictamnus Flower/
Leaf/ Stem Extract, Origanum Majorana Leaf
Extract, Panthenol, Polyquaternium-37,
Sideritis Syriaca Extract, Sodium Gluceptate."||True||442732P|||||||||10
442736|mueller||||||||2024-10-28|KORRES Almond & Linseed Conditioner|KORRES||200|ml|Home|Parfümerie|Pflege|Haarpflege|Haarwäsche|KORRES Almond & Linseed Conditioner||14,90 €|14,90 €|||||||||||74,50 € / 1 l|||EUR|Home> Parfümerie> Pflege> Haarpflege> Haarwäsche> KORRES Almond & Linseed Conditioner|https://www.mueller.at/p/korres-almond-linseed-conditioner-442736/|200 ml|Der Conditioner baut trockenes, strapaziertes Haar auf und beugt Haarbruch und Spliss vor. Feuchtigkeitsspendende Mandel und Leinsamen reparieren die Struktur des trockenen Haares und sorgen für eine leichte Kämmbarkeit. Der Conditioner verhindert die statische Aufladung des Haares sowie unerwünschtes Kräuseln.||||||||||||||||||||||Non-Organic||||"{'PH-Hautneutral': 'Ja', 'hair_type': 'trockenes Haar', 'Effekt': 'pflegend', 'target_group': 'Damen|Herren|Unisex', 'manufacturer': 'KORRES D-A-CH GmbH', 'Herstelleradresse': 'Max-Planck-Straße 6, DE-85609 Aschheim-Dornach', 'Kontaktmöglichkeit': 'kontakt@korres-dach.de', 'Anwendungshinweis': 'Nach der Haarwäsche im feuchten Haar verteilen. Lassen Sie die Pflegespülung 1-2 Minuten einwirken und spülen diese dann gründlich mit Wasser aus.', 'package_contents': 'Aqua/ Water/ Eau,\nCetearyl Alcohol, Distearoylethyl\nHydroxyethylmonium Methosulfate, Dicaprylyl\nCarbonate, Quaternium-91, Parfum(Fragrance),\nCetrimonium Methosulfate, Inulin, Althaea\nO cinalis Root Extract, Astrocaryum Murumuru\nSeed Butter, Beta Vulgaris (Beet) Extract, Caprylic/\nCapric Triglyceride, Coumarin, Glycerin, Guar\nHydroxypropyltrimonium Chloride, Hydrolyzed\nCeratonia Siliqua Seed Extract, Hydrolyzed\nWheat Protein, Hydrolyzed Wheat Starch,\nHydroxypropyl Guar, Lactic Acid, Linalool, Linum\nUsitatissimum (Linseed) Seed Extract,\nNiacinamide, Orbignya Speciosa Kernel Oil,\nOriganum Dictamnus Flower/ Leaf/ Stem Extract,\nOriganum Majorana Leaf Extract, Panthenol,\nPolyquaternium-7 ,Polyquaternium-37,\nPotassium Sorbate, Prunus Amygdalus Dulcis\n(Sweet Almond) Fruit Extract, Sideritis Syriaca\nExtract, Sodium Benzoate, Sodium Gluceptate,\nXanthan Gum, Zea Mays (Corn) Starch.', 'product_property': 'schützend|regenerierend|aufbauend', 'Inhalt': '200 ml', 'Produkttyp': 'Haarspülung & Conditioner'}"||||||||||||||0|0|442736_1.png|https://static.mueller.de/250571588-PV-0/pdzoom/korres-almond-linseed-conditioner.webp|442736_2.png|https://static.mueller.de/250571588-PR-1/pdzoom/korres-almond-linseed-conditioner.webp||||||||||||||||||||KORRES D-A-CH GmbH||||||||||200 ml|"Aqua/ Water/ Eau,
Cetearyl Alcohol, Distearoylethyl
Hydroxyethylmonium Methosulfate, Dicaprylyl
Carbonate, Quaternium-91, Parfum(Fragrance),
Cetrimonium Methosulfate, Inulin, Althaea
O cinalis Root Extract, Astrocaryum Murumuru
Seed Butter, Beta Vulgaris (Beet) Extract, Caprylic/
Capric Triglyceride, Coumarin, Glycerin, Guar
Hydroxypropyltrimonium Chloride, Hydrolyzed
Ceratonia Siliqua Seed Extract, Hydrolyzed
Wheat Protein, Hydrolyzed Wheat Starch,
Hydroxypropyl Guar, Lactic Acid, Linalool, Linum
Usitatissimum (Linseed) Seed Extract,
Niacinamide, Orbignya Speciosa Kernel Oil,
Origanum Dictamnus Flower/ Leaf/ Stem Extract,
Origanum Majorana Leaf Extract, Panthenol,
Polyquaternium-7 ,Polyquaternium-37,
Potassium Sorbate, Prunus Amygdalus Dulcis
(Sweet Almond) Fruit Extract, Sideritis Syriaca
Extract, Sodium Benzoate, Sodium Gluceptate,
Xanthan Gum, Zea Mays (Corn) Starch."||True||442736P|||||||||10
2458800|mueller||||||||2024-10-28|Home-Fashion Tischläufer 40x490 cm|HOME-FASHION||4.9|m|Home|Haushalt|Wohnen & Dekorieren|Heimtextilien|Tischwäsche|Tischläufer|Home-Fashion Tischläufer 40x490 cm|6,49 €|6,49 €|||||||||||1,32 € / 1 m|||EUR|Home> Haushalt> Wohnen & Dekorieren> Heimtextilien> Tischwäsche> Tischläufer> Home-Fashion Tischläufer 40x490 cm|https://www.mueller.at/p/home-fashion-tischlaeufer-40x490-cm-IPN2458800/|4.9 m|Home-Fashion Tischläufer 40x490 cm||||||||||||||||||||||Non-Organic||||{'Gewicht': '150', 'manufacturer': 'Carl Dietrich GmbH', 'Herstelleradresse': 'Finsterau 31 F, 09518 Großrückerswalde', 'Kontaktmöglichkeit': 'info@carldietrich.de', 'Materialdetails': 'Zellstoff, Farbe lebensmittelecht', 'Farbe': 'taupe', 'Höhe': '490 cm', 'Breite': '40 cm', 'Inhalt': '4.9 m'}||||||taupe||Zellstoff, Farbe lebensmittelecht||||||0|0|2458800_1.png|https://static.mueller.de/pdzoom/4022664227902_aa.webp||||||||||||||||||||||Carl Dietrich GmbH||||||||||4.9 m|||True||2458800P|||||||||10
2169130|mueller||||||||2024-10-28|FruchtBar Quetschie Heidelbeere Banane Reis|FRUCHTBAR||100|g|Home|Drogerie|Kind & Mama|Babynahrung|Beikost|Trinkmahlzeiten|FruchtBar Quetschie Heidelbeere Banane Reis|1,25 €|1,25 €|||||||||||12,50 € / 1 kg|||EUR|Home> Drogerie> Kind & Mama> Babynahrung> Beikost> Trinkmahlzeiten> FruchtBar Quetschie Heidelbeere Banane Reis|https://www.mueller.at/p/fruchtbar-quetschie-heidelbeere-banane-reis-2169130/|100 g|FruchtBar Bio-Fruchtpüree Heidelbeere-Banane-Reis 100g, Zutaten aus kontrolliert biologischem Anbau, ohne Zuckerzusatz, ohne Zusätze und von Natur aus glutenfrei||||||||6 Jahre|||{'Nährwerte je': '100', 'Brennwert': '375 kj / 89 kcal', 'Fett in g': '0,5', '- davon gesättigte Fettsäuren in g': '0,1', 'Kohlenhydrate in g': '19', '- davon Zucker in g': '15', 'Eiweiß in g': '1,2', 'Salz in g': '0,01'}|||||||||||Organic||||"{'target_group': 'Kinder', 'manufacturer': 'jufico GmbH', 'Herstelleradresse': 'Justus-von-Liebig-Ring 4, DE-82152 Krailling', 'Kontaktmöglichkeit': 'service@jufico.com', 'Altersempfehlung ab': '6 Jahre', 'Anwendungshinweis': 'WARNUNG: Zum Schutz vor Karies nicht zum Dauernuckeln geeignet. Regelmäßige Zahnpflege wird empfohlen', 'Inhalt': '100 g', 'Bio': 'Ja', 'Eigenschaften': 'vegetarisch gemaeß Rezeptur|vegan laut Zutaten', 'Zutaten': 'DE-ÖKO-006', 'Produkttyp': 'Trinkmahlzeiten'}"||||||||||||||0|0|2169130_1.png|https://static.mueller.de/6660626280-PV-0/pdzoom/fruchtbar-quetschie-heidelbeere-banane-reis.webp||||||||||||||||||||||jufico GmbH||||||||||100 g|||True||2169130P|||||||||3
3013787|mueller||||||||2024-10-28|Schmidt Spiele - Sorgenfresser - klein DANTE|SCHMIDT SPIELE||1|Stk.|Home|Spielwaren|Kuscheltiere & Puppen|Kuscheltiere|Stofftiere|Schmidt Spiele - Sorgenfresser - klein DANTE||19,99 €|19,99 €|19,99 €|14,99 €||||25%|Sie sparen 25%|||||||EUR|Home> Spielwaren> Kuscheltiere & Puppen> Kuscheltiere> Stofftiere> Schmidt Spiele - Sorgenfresser - klein DANTE|https://www.mueller.at/p/schmidt-spiele-sorgenfresser-klein-dante-IPN3013787/|1 Stk.|"Wir fressen Sorgen! Die Sorgenspezialisten kümmern sich um alles, was Sorgen macht. Sie sind immer zur Stelle, wenn Sorgen oder Ängste so richtig zwicken. SORGENFRESSER halten nachts am Bett Albträume in Schach und drücken im Schulranzen die Daumen. Selbst um schmerzvollem Teenager-Liebeskummer oder Stress im Büro kümmern sich die Sorgenspezialisten. Und außerdem sind die bunten Herzensbrecher prima zum Kuscheln - nicht nur für Kinder!
Hi, ich bin DANTE! Kommt dir eine Sorge zu nah, piek’ ich sie mit meinen Hörnen auf!"||||||||0 Monate||||||||||||||Non-Organic||||"{'target_group': 'Kleinkinder|Kindergartenkinder', 'Artikelnummer des Herstellers': '42486', 'Altersempfehlung ab': '0 Monate', 'Inhalt': '1 Stk.', 'Produkttyp': 'Kuschelartikel'}"||||||||||||||0|0|3013787_1.png|https://static.mueller.de/pdzoom/4001504424862.webp||||||||||||||||||||||42486||||||||||1 Stk.|||True||3013787P|||||||||10
2747800|mueller||||||||2024-10-28|Gourmet Berner Penne all' Arrabbiata Scharf|GOURMET BERNER||40|g|Home|Drogerie|Lebensmittel|Nahrung|Gewürze|Gourmet Berner Penne all' Arrabbiata Scharf||4,95 €|4,95 €|||||||||||123,75 € / 1 kg|||EUR|Home> Drogerie> Lebensmittel> Nahrung> Gewürze> Gourmet Berner Penne all' Arrabbiata Scharf|https://www.mueller.at/p/gourmet-berner-penne-all-arrabbiata-scharf-2747800/|40 g|Die ideale Würze für scharfe Italienische Gerichte!||Bitte kühl und trocken lagern.|||Deutschland|Enthält Sellerie|||||{'Nährwerte je': '100g', 'Brennwert': '1205 kj / 287 kcal', 'Fett in g': '3.6', '- davon gesättigte Fettsäuren in g': '0.7', 'Kohlenhydrate in g': '41.6', '- davon Zucker in g': '28.4', 'Eiweiß in g': '12.5', 'Salz in g': '8.18'}|||||||||||Non-Organic||||{'Lagerhinweis': 'Bitte kühl und trocken lagern.', 'manufacturer': 'Gourmet Berner GmbH & Co. KG', 'Herstelleradresse': 'Boschstr.7 ,71384 Weinstadt', 'Herkunftsland': 'Deutschland', 'Allergenhinweis': 'Enthält Sellerie', 'Inhalt': '40 g', 'Zutaten': 'Tomatenflocken (Tomatenmarkkonzentrat, Maisstärke), Suppengewürz (Karotten, Pastinaken, Lauch, Zwiebeln, SELLERIEBÄLTTER, Tomaten, SELLERIEKNOLLE), Knoblauch, Chili, Meersalz, SELLERIEBLÄTTER, Pilze.', 'Produkttyp': 'Gewürze'}||||||||||||||0|0|2747800_1.png|https://static.mueller.de/6958128598-PV-0/pdzoom/gourmet-berner-penne-all-arrabbiata-scharf.webp||||||||||||||||||||||Gourmet Berner GmbH & Co. KG||||||||||40 g|||True||2747800P|||||||||10
442725|mueller||||||||2024-10-28|Das Beste|||1|Stk.|Home|Multi-Media|Musik|Pop|Das Beste|||6,99 €|6,99 €||||||||||||||EUR|Home> Multi-Media> Musik> Pop> Das Beste|https://www.mueller.at/p/das-beste-442725/|1 Stk.|||||||||||||||||||||||Non-Organic||||{'medium': 'CD', 'Künstler': 'Anderson,G.G.', 'Inhalt': '1 Stk.', 'Anzahl Medien im Artikel': '1', 'genre': 'Schlager', 'Label': 'Telamo'}||||||||||||||0|0|442725_1.png|https://static.mueller.de/pdzoom/phononet_4053804305129_pv_4053804305129-0600px-001.webp|442725_2.png|https://static.mueller.de/pdzoom/phononet_4053804305129_pr_4053804305129-0600px-002.webp|442725_3.png|https://static.mueller.de/486765718-PR-1/pdzoom/das-beste.webp||||||||||||||||||||||||||||1 Stk.|||True||442725P|||||||||5
2483821|mueller||||||||2024-10-28|herlitz my.book flex Notizheft PP A4 2x40Blatt liniert/kariert türkis|HERLITZ MY.BOOK FLEX||1|Stk.|Home|Schreibwaren|Büro|Notizen|Notizbuch|herlitz my.book flex Notizheft PP A4 2x40Blatt liniert/kariert türkis||6,59 €|6,59 €||||||||||||||EUR|Home> Schreibwaren> Büro> Notizen> Notizbuch> herlitz my.book flex Notizheft PP A4 2x40Blatt liniert/kariert türkis|https://www.mueller.at/p/herlitz-my-book-flex-notizheft-pp-a4-2x40blatt-liniert-kariert-tuerkis-2483821/|1 Stk.|Das my.book flex Notizheft passt sich mühelos den Herausforderungen des Alltags an - es hat eine wiederverwendbare und äußerst stabile Schutzhülle mit auswechselbaren Papiereinlagen. Es ist ausgestattet mit einem farbigen Gummiband.||||||||||||||||||||||Non-Organic||||{'scope_of_delivery': '2x40 Blatt liniert und kariert', 'Inhalt': '1 Stk.', 'Produkttyp': 'Notizbücher'}||||||||||||||0|0|2483821_1.png|https://static.mueller.de/6777747176-PV-0/pdzoom/herlitz-my-book-flex-notizheft-pp-a4-2x40blatt-liniert-kariert-tuerkis.webp|2483821_2.png|https://static.mueller.de/6777747176-PB-1/pdzoom/herlitz-my-book-flex-notizheft-pp-a4-2x40blatt-liniert-kariert-tuerkis.webp||||||||||||||||||||||||||||||1 Stk.|||True||2483821P|||||||||10
2747803|mueller||||||||2024-10-28|HOME by Berner Präsentkarton Sommer Tee|HOME BY BERNER||320|g|Home|Drogerie|Lebensmittel|Tee & Kaffee|Tee|HOME by Berner Präsentkarton Sommer Tee||34,95 €|34,95 €|||||||||||109,22 € / 1 kg|||EUR|Home> Drogerie> Lebensmittel> Tee & Kaffee> Tee> HOME by Berner Präsentkarton Sommer Tee|https://www.mueller.at/p/home-by-berner-praesentkarton-sommer-tee-2747803/|320 g|Leckere sommerlich, fruchtige Tees, perfekt zum Verschenken||Vor Wärme geschützt und trocken lagern.|||Deutschland|||||||||||||||||Non-Organic||||{'Lagerhinweis': 'Vor Wärme geschützt und trocken lagern.', 'manufacturer': 'Home by Berner GmbH', 'Herstelleradresse': 'Boschstraße. 7,  71384 Weinstadt', 'Herkunftsland': 'Deutschland', 'Inhalt': '320 g', 'Zutaten': 'Grazie & Mille Zutaten: Apfel, Hibiskus, Ananas (Ananas, Zucker, Zitronensäure), Weinbeeren geölt (pflanzl. Öl), Papaya (Papaya, Zucker), Hagebutte, Aromen, Kornblumenblütenblätter blau. Be & Happy Zutaten: Rooibusch, Weinbeeren geölt (pflanzl. Öl), Holunderbeeren, Aromen, rote Johannisbeeren, Erdbeerstücke, Himbeeren, Brombeeren, Kirschen, schwarze Johannisbeeren. Rosen & Garten Zutaten: Hibiskusblüten, Apfelstücke, Orangenschalen, Hagebuttenschalen, Holunderbeeren, Rosenknospen (5%), Aromen. Weißer Kandiszucker Zutaten: Krümelkandis weiß.', 'Produkttyp': 'Früchtetee'}||||||||||||||0|0|2747803_1.png|https://static.mueller.de/6958128636-PV-0/pdzoom/home-by-berner-praesentkarton-sommer-tee.webp||||||||||||||||||||||Home by Berner GmbH||||||||||320 g|||True||2747803P|||||||||10
2747807|mueller||||||||2024-10-28|Gourmet Berner Knoblauchbutter Gewürzmischung|GOURMET BERNER||100|g|Home|Drogerie|Lebensmittel|Nahrung|Gewürze|Gourmet Berner Knoblauchbutter Gewürzmischung||5,95 €|5,95 €|||||||||||59,50 € / 1 kg|||EUR|Home> Drogerie> Lebensmittel> Nahrung> Gewürze> Gourmet Berner Knoblauchbutter Gewürzmischung|https://www.mueller.at/p/gourmet-berner-knoblauchbutter-gewuerzmischung-2747807/|100 g|Leckere Würzmischung für Knoblauchbutter.||Bitte kühl und trocken lagern.|||Deutschland||||||{'Nährwerte je': '100g', 'Brennwert': '1248 kj / 295 kcal', 'Fett in g': '1.6', '- davon gesättigte Fettsäuren in g': '0.4', 'Kohlenhydrate in g': '56', '- davon Zucker in g': '23', 'Eiweiß in g': '10.1', 'Salz in g': '16.31'}|||||||||||Non-Organic||||{'Lagerhinweis': 'Bitte kühl und trocken lagern.', 'manufacturer': 'Gourmet Berner GmbH & Co. KG', 'Herstelleradresse': 'Boschstr.7 ,71384 Weinstadt', 'Herkunftsland': 'Deutschland', 'Inhalt': '100 g', 'Zutaten': 'Klare Brühe (Meersalz, Glukosesirup, Maltodextrin, Zwiebeln, natürliches Aroma, Liebstöckelwurzel, Karotten, Sonnenblumenöl, Macis, Wacholderbeeren, Lauch, Petersilie, Curcuma, Nelken), Knoblauch (33%), Zwiebeln, Petersilie, Pfeffer schwarz.', 'Produkttyp': 'Gewürze'}||||||||||||||0|0|2747807_1.png|https://static.mueller.de/6958436848-PV-0/pdzoom/gourmet-berner-knoblauchbutter-gewuerzmischung.webp||||||||||||||||||||||Gourmet Berner GmbH & Co. KG||||||||||100 g|||True||2747807P|||||||||9
2483805|mueller||||||||2024-10-28|Smart Games Gewühle in der Grube SGT 290 DE|SMART GAMES||1|Stk.|Home|Spielwaren|Spiele & Puzzles|Spiele|Wissens- & Denkspiele|Smart Games Gewühle in der Grube  SGT 290 DE||10,99 €|10,99 €||||||||||||||EUR|Home> Spielwaren> Spiele & Puzzles> Spiele> Wissens- & Denkspiele> Smart Games Gewühle in der Grube  SGT 290 DE|https://www.mueller.at/p/smart-games-gewuehle-in-der-grube-sgt-290-de-2483805/|1 Stk.|Gewühle in der Grube - ein Häschen - und auch noch ein Fuchs - und noch ein Dachs? Hoffentlich kannst Du sie alle unterbringen, so dass alle Tiere eine eigene Höhle haben , mit einem eigenen Ausgang. Das Spiel hat ein magnetisches Spielfeld, so können die Puzzleteile nicht verloren gehen. Ideal für unterwegs geeignet. 48 Aufgaben in verschiedenen Schwierigkeitsstufen – Spaß für Jung & Alt.||||||||5 Jahre||||||||||||||Non-Organic||||"{'Anleitungssprache': 'de|en|fr|it|es|nl', 'target_group': 'Grundschüler|Jugendliche', 'Artikelnummer des Herstellers': 'SGT 290 DE', 'Altersempfehlung ab': '5 Jahre', 'Inhalt': '1 Stk.', 'Produkttyp': 'Denkspiele'}"||||||||||||||0|0|2483805_1.png|https://static.mueller.de/6922507564-PV-0/pdzoom/smart-games-gewuehle-in-der-grube-sgt-290-de.webp|2483805_2.png|https://static.mueller.de/6922507564-PB-1/pdzoom/smart-games-gewuehle-in-der-grube-sgt-290-de.webp|2483805_3.png|https://static.mueller.de/6922507564-PB-2/pdzoom/smart-games-gewuehle-in-der-grube-sgt-290-de.webp||||||||||||||||||SGT 290 DE||||||||||1 Stk.|||False||2483805P|||||||||1
3013710|mueller||||||||2024-10-28|Benno Bibers bunte Welt. Auf dem Bauernhof|||1|Stk.|Home|Spielwaren|Buch & Schulbedarf|Kinder- & Jugendbücher|Benno Bibers bunte Welt. Auf dem Bauernhof|||10,30 €|10,30 €||||||||||||||EUR|Home> Spielwaren> Buch & Schulbedarf> Kinder- & Jugendbücher> Benno Bibers bunte Welt. Auf dem Bauernhof|https://www.mueller.at/p/benno-bibers-bunte-welt-auf-dem-bauernhof-IPN3013710/|1 Stk.|Benno Biber stellt in diesem stabilen Pappbilderbuch für Kinder ab 18 Monaten seine liebsten Bauernhoftiere vor: Ob Kuh, Schwein, Schaf oder Huhn, sie alle sind mit dabei. Die robusten Register-Schieber sind für kleine Kinderhände alleine spielbar. Und Reime fördern die Sprachentwicklung. Was wohl das Huhn im Stroh macht? Einfach den Verwandelschieber herausziehen: Schon hat es ein Ei gelegt. Gerade tollt das Lämmchen noch über die Wiese und schwups, ist es eingeschlafen. Es gibt noch viel mehr Überraschungen zum Mitmachen und Staunen.   Weitere Pappbilderbücher mit Benno Biber ab 18 Monaten: Benno Bibers bunte Welt. Farben Benno Bibers bunte Welt. Fahrzeuge  Weitere Pappbilderbücher mit Benno Biber ab 2 Jahren: Benno Bibers Baustelle. Alle packen an mit Bagger, Lkw und Kran Benno Bibers Feuerwehr. Tatütata! Alle sind schon da! Benno Bibers Autobuch. Werkstatt, Tanken, Autobahn ? wann kommen wir denn endlich an? Benno Bibers Polizei. Mit Blaulicht und Sirene eilt Hilfe herbei Benno Bibers Bauernhof. Traktor, Kuh und Huhn ? da gibt es viel zu tun Benno Bibers Werkstatt. Mit Hammer, Zange, Metermaß macht das Reparieren Spaß||||||||||||||||||||||Non-Organic||||{'target_group': 'Kleinkinder', 'license': '0', 'genre': 'Bilderbücher', 'author': 'Müller, Bärbel', 'Einband': 'Pappbilderbuch', 'publishing_year': '2024', 'Inhalt': '1 Stk.', 'ISBN Ausgangsbuch': '9783401720968', 'Produkttyp': 'Kinder- & Jugendbücher', 'page_number': '12'}||||||||||||||0|0|3013710_1.png|https://static.mueller.de/pdzoom/9783401720968.webp||||||||||||||||||||||||||||||||1 Stk.|||True||3013710P|||||||||10
3013713|mueller||||||||2024-10-28|Lumineo LED-Projektor Rotation mit Stecker|LUMINEO||1|Stk.|Home|Haushalt|Wohnen & Dekorieren|Deko-Zubehör|Lumineo LED-Projektor Rotation mit Stecker|||19,99 €|19,99 €||||||||||||||EUR|Home> Haushalt> Wohnen & Dekorieren> Deko-Zubehör> Lumineo LED-Projektor Rotation mit Stecker|https://www.mueller.at/p/lumineo-led-projektor-rotation-mit-stecker-IPN3013713/|1 Stk.|LED-Projektor Rotation mit Stecker||||||||||||||||||||||Non-Organic||||{'manufacturer': 'Kaemingk GmbH', 'Herstelleradresse': 'Broekstraat 13, NL-7122 MN Aalten', 'Kontaktmöglichkeit': 'info@ksd-deco.com', 'Materialdetails': 'PVC', 'Material': 'PVC', 'Höhe': '31 cm', 'Breite': '12 cm', 'Inhalt': '1 Stk.'}||||||||PVC||||||0|0|3013713_1.png|https://static.mueller.de/pdzoom/8718532529983_PV.webp|3013713_2.png|https://static.mueller.de/pdzoom/8718532529983_2.webp||||||||||||||||||||Kaemingk GmbH||||||||||1 Stk.|||True||3013713P|||||||||10
3013718|mueller||||||||2024-10-28|Städter Ausstechform Schwein|STÄDTER||10|Stk.|Home|Haushalt|Kochen & Backen|Auflauf- & Backformen|Städter Ausstechform Schwein|||3,50 €|3,50 €|||||||||||3,50 € / 10 Stk.|||EUR|Home> Haushalt> Kochen & Backen> Auflauf- & Backformen> Städter Ausstechform Schwein|https://www.mueller.at/p/staedter-ausstechform-schwein-IPN3013718/|10 Stk.|Da kann nichts mehr schief gehn. Mit diesem kleinen Schweinchen hält das Glück auf dem Keksteller Einzug. Mit diesen Präge-Ausstechern kommt Freude auf – und das nicht nur bei Kindern. Mit diesen Ausstechformen lassen sich feine Motive ausstechen. Mithilfe des integrierten Auswerfers bringen Sie die Kekse ganz leicht auf das Backblech, ohne dass die feinen Konturen zerstört werden. Die Prägungen sind auch auf dem gebackenen Keks noch sehr gut zu erkennen. Nach dem Backen lassen sich die Plätzchen nach Herzenslust mit Speisefarben-Stiften, Zuckerguss, Schokolade oder Zuckerperlen verzieren. Nicht nur für Keksteig, auch für Fondant, Marzipan und andere Modelliermassen wie Knete oder Wachs bestens geeignet. Wir bieten Ihnen eine Vielzahl an Motiven. Hier ist bestimmt für jeden etwas dabei. Viel Spaß beim Backen und Genießen! Die Ausstechformen sind aus lebensmittelechtem, stabilem Polypropylen gefertigt. Dieser Kunststoff ist sehr robust und für Kinderhände gut geeignet. Wir empfehlen, die Ausstechform unmittelbar nach Gebrauch zu reinigen und unter fließend warmem Wasser abzuspülen. Natürlich lassen sich die Profi-Ausstecher auch in der Spülmaschine reinigen. Große Viecher, kleine Tiere: Mehr Ausstechformen aus der Tierwelt gibt es in großer Auswahl in der entsprechenden Kategorie!||||||||||||||||||||||Non-Organic||||"{'Geeignet für': 'Spuelmaschinen', 'manufacturer': 'STÄDTER GmbH', 'Herstelleradresse': 'Am Kreuzweg 1, DE- 35469 Allendorf/Lumda', 'Kontaktmöglichkeit': 'info@staedter.de', 'Materialdetails': 'Kunststoff - PP lebensmittelecht', 'Material': 'Kunststoff|Polypropylen', 'Höhe': '4.9 cm', 'Breite': '6.1 cm', 'Inhalt': '10 Stk.'}"||||||||Kunststoff - PP lebensmittelecht||||||0|0|3013718_1.png|https://static.mueller.de/pdzoom/4018598171824_1.webp|3013718_2.png|https://static.mueller.de/pdzoom/4018598171824_4.webp|3013718_3.png|https://static.mueller.de/pdzoom/4018598171824_6.webp|3013718_4.png|https://static.mueller.de/pdzoom/4018598171824_3.webp|3013718_5.png|https://static.mueller.de/pdzoom/4018598171824_5.webp|3013718_6.png|https://static.mueller.de/pdzoom/4018598171824_7.webp||||||||||||STÄDTER GmbH||||||||||10 Stk.|||True||3013718P|||||Spuelmaschinen||||10
3013719|mueller||||||||2024-10-28|Mein dicker Mal- und Bastelblock. Frohe Weihnachten|||1|Stk.|Home|Spielwaren|Buch & Schulbedarf|Kinder- & Jugendbücher|Mein dicker Mal- und Bastelblock. Frohe Weihnachten|||6,50 €|6,50 €||||||||||||||EUR|Home> Spielwaren> Buch & Schulbedarf> Kinder- & Jugendbücher> Mein dicker Mal- und Bastelblock. Frohe Weihnachten|https://www.mueller.at/p/mein-dicker-mal-und-bastelblock-frohe-weihnachten-IPN3013719/|1 Stk.|"Über 60 Mal- und Bastelideen für die Weihnachtszeit, für Kinder ab 4

Zauberhaftes Mal- und Bastelvergnügen für die Weihnachtszeit Ausmalen, Basteln, Verschenken. In diesem dicken Mal- und Bastelblock finden sich viele verschiedene Bastelvorlagen, die die Adventszeit für Kinder ab 4 Jahren versüßen. Von Geschenkanhängern über 3D-Figuren bis zu Sternengirlanden ist hier für jeden kleinen Bastelfan stundenlanges Vergnügen garantiert. Die einfachen Bastelideen und leicht verständlichen Bild-Anleitungen helfen dabei, dass kleine Hände schon ohne große Hilfe hübschen Weihnachtsschmuck zaubern können. Damit vergeht das Warten auf Weihnachten wie im Flug!"||||||||||||||||||||||Non-Organic||||"{'target_group': 'Kindergartenkinder|Grundschüler', 'license': '0', 'genre': 'Malen|Kreatives Gestalten', 'author': 'Beurenmeister, Corina', 'Einband': 'Softcover', 'publishing_year': '2024', 'Inhalt': '1 Stk.', 'ISBN Ausgangsbuch': '9783401720500', 'Produkttyp': 'Kinder- & Jugendbücher', 'page_number': '128'}"||||||||||||||0|0|3013719_1.png|https://static.mueller.de/pdzoom/9783401720500.webp||||||||||||||||||||||||||||||||1 Stk.|||True||3013719P|||||||||10
403146|mueller||||||||2024-10-28|MICRO CELL 2000 Nail Rescue Oil|MICRO CELL||10|ml|Home|Parfümerie|Pflege|Hand- & Fußpflege|Nagelpflege|MICRO CELL 2000 Nail Rescue Oil||12,45 €|12,45 €|||||||||||1 245,00 € / 1 l|||EUR|Home> Parfümerie> Pflege> Hand- & Fußpflege> Nagelpflege> MICRO CELL 2000 Nail Rescue Oil|https://www.mueller.at/p/micro-cell-2000-nail-rescue-oil-403146/|10 ml|"Enthält hochwertige, pflanzliche Öle, Vitamin A, B5, C, E & F, Kieselerde und Citral. 
Diese einzigartige Kombination besänftigt und schützt die Nagelhaut vor Austrocknung und ermöglicht, durch das tiefe Eindringen der wertvollen Pflegeessenzen in die Nagelplatte, fehlendes Nagelöl zu ersetzen. 
Die Nägel werden durchfeuchtet und gepflegt und erhalten ihre natürliche Flexibilität zurück, die sie vor Splittern und Einreißen der Nagelspitzen schützt."||||||||||||||||||||||Non-Organic||||"{'target_group': 'Damen', 'manufacturer': 'Parico GmbH Import + Vertrieb', 'Herstelleradresse': 'Thüringerstraße 21, 46286 Dorsten-Wulfen', 'Anwendungshinweis': 'Auf den unlackierten, sauberen Nagel auftragen und gut einmassieren. <br>\nVor dem Lackieren der Nägel, Hände sorgfältig waschen und abtrocknen.', 'package_contents': 'PRUNUS AMYGDALUS DULCIS (SWEET ALMOND) OIL, LIMONENE, TOCOPHERYL ACETATE, RETINYL PALMITATE, GLYCERYL LINOLEATE (AND) GLYCERYL LINOLENATE, CITRUS AURANTIUM DULCIS (ORANGE) OIL, PANTHENYL TRIACETATE, DIMETHYL OXOBENZO DIOXASILANE, TOCOPHEROL, LINALOOL, CITRAL, ASCORBYL PALMITATE, CI 75130 (BETA-CAROTENE).', 'product_property': 'schützend|geschmeidig', 'Inhalt': '10 ml', 'scope_of_application': 'Nagelpflege', 'Produkttyp': 'Öl'}"||||||||||||||0|0|403146_1.png|https://static.mueller.de/5401911883-PV-0/pdzoom/micro-cell-2000-nail-rescue-oil.webp||||||||||||||||||||||Parico GmbH Import + Vertrieb||||||||||10 ml|PRUNUS AMYGDALUS DULCIS (SWEET ALMOND) OIL, LIMONENE, TOCOPHERYL ACETATE, RETINYL PALMITATE, GLYCERYL LINOLEATE (AND) GLYCERYL LINOLENATE, CITRUS AURANTIUM DULCIS (ORANGE) OIL, PANTHENYL TRIACETATE, DIMETHYL OXOBENZO DIOXASILANE, TOCOPHEROL, LINALOOL, CITRAL, ASCORBYL PALMITATE, CI 75130 (BETA-CAROTENE).||True||403146P|||||||||10
153749|mueller||||||||2024-10-28|BRIO Bahn - Speedy Green Batterielok|BRIO||1|Stk.|Home|Spielwaren|Baby & Kleinkind|Kleinkindspielzeug|BRIO Bahn - Speedy Green Batterielok|||28,99 €|28,99 €||||||||||||||EUR|Home> Spielwaren> Baby & Kleinkind> Kleinkindspielzeug> BRIO Bahn - Speedy Green Batterielok|https://www.mueller.at/p/brio-bahn-speedy-green-batterielok-153749/|1 Stk.|Bahn - Speedy Green BatterielokVolle Kraft voraus mit dieser klassischen, grünen und batteriebetriebenen Lok. Die Vorwärts-und Zurück-Funktionen sowie Scheinwerfer, die aufleuchten, macht die Lok zu einem Must-Have für jede Bahn.Batterien: 1 x AAAWarnhinweise:Achtung! Nicht für Kinder unter 36 Monaten.||||||||3 Jahre||||||||||||||Non-Organic||||{'target_group': 'Kleinkinder', 'Kontaktmöglichkeit': 'Ravensburger Verlag GmbH', 'Artikelnummer des Herstellers': '33595', 'license': 'BRIO Batterie- und Akkuloks', 'Altersempfehlung ab': '3 Jahre', 'Altersempfehlung bis': '10 Jahre', 'Materialdetails': 'Holz (Hauptsächlich)', 'Inhalt': '1 Stk.', 'Produkttyp': 'Kindergarten'}||||||||Holz (Hauptsächlich)||||||0|0|153749_1.png|https://static.mueller.de/62343222-PV-0/pdzoom/brio-bahn-speedy-green-batterielok.webp|153749_2.png|https://static.mueller.de/62343222-PB-1/pdzoom/brio-bahn-speedy-green-batterielok.webp||||||||||||||||||||33595||||||||||1 Stk.|||False||153749P|||||||||1
3013722|mueller||||||||2024-10-28|Einhorngeschichten|||1|Stk.|Home|Spielwaren|Buch & Schulbedarf|Kinder- & Jugendbücher|Einhorngeschichten|||10,30 €|10,30 €||||||||||||||EUR|Home> Spielwaren> Buch & Schulbedarf> Kinder- & Jugendbücher> Einhorngeschichten|https://www.mueller.at/p/einhorngeschichten-IPN3013722/|1 Stk.|"Bücherbär: Erstlesebuch; zauberhafte Einhorngeschichten für die 1. Klasse, mit Silbentrennung zum leichteren Lesenlernen

Lesen lernen ab 6 mit dem Bücherbär und zauberhaften Einhorn-Abenteuern ? das macht stark für die 1. Klasse Ob am Funkelfluss oder auf der Zauberwiese, Einhörner sind wunderbare und fantastische Wesen. Sie umsorgen Zauberblumen, erfüllen Wünsche, wenden böse Träume zum Guten und lassen die schönsten Regenbögen leuchten. Vier wunderschöne und spannende Einhorngeschichten entführen in eine magische Abenteuerwelt.   Dieses Buch richtet sich an Leseanfänger in der 1. Klasse. Die besonders übersichtlichen Leseeinheiten und kurzen Zeilen sind ideal zum Lesenlernen. Das Hervorheben der Sprechsilben in Dunkelblau/Hellblau hilft dabei, ein Wort richtig lesen und verstehen zu können. So können Leseanfänger jede Sprechsilbe erkennen. Zusätzlich regen lustige Rätsel und Verständnisfragen zum Nachdenken und zum Gespräch über die Geschichten an. Denn Kinder, die viel Gelegenheit zum Sprechen haben, lernen auch schneller lesen. So macht Lesenlernen Spaß!   Empfohlen von Westermann Gedruckt auf Umweltpapier und zertifiziert mit dem „Blauen Engel“ Der Titel ist auf Antolin.de gelistet"||||||||||||||||||||||Non-Organic||||{'target_group': 'Grundschüler', 'license': '0', 'genre': 'Erstlese', 'author': 'Kaup, Ulrike', 'Einband': 'Hardcover', 'publishing_year': '2024', 'Inhalt': '1 Stk.', 'ISBN Ausgangsbuch': '9783401720685', 'Produkttyp': 'Kinder- & Jugendbücher', 'page_number': '48'}||||||||||||||0|0|3013722_1.png|https://static.mueller.de/pdzoom/9783401720685.webp|3013722_2.png|https://static.mueller.de/pdzoom/9783401720685_innenansicht_01.webp||||||||||||||||||||||||||||||1 Stk.|||True||3013722P|||||||||10
3013724|mueller||||||||2024-10-28|Städter Ausstechform Lokomotive|STÄDTER||10|Stk.|Home|Haushalt|Kochen & Backen|Auflauf- & Backformen|Städter Ausstechform Lokomotive|||3,50 €|3,50 €|||||||||||3,50 € / 10 Stk.|||EUR|Home> Haushalt> Kochen & Backen> Auflauf- & Backformen> Städter Ausstechform Lokomotive|https://www.mueller.at/p/staedter-ausstechform-lokomotive-IPN3013724/|10 Stk.|Diese Lokomotive wirkt auch ohne zusätzliche Verzierungen kraftvoll. Mit diesen Präge-Ausstechern kommt Freude auf – und das nicht nur bei Kindern. Mit diesen Ausstechformen lassen sich feine Motive ausstechen. Mithilfe des integrierten Auswerfers bringen Sie die Kekse ganz leicht auf das Backblech, ohne dass die feinen Konturen zerstört werden. Die Prägungen sind auch auf dem gebackenen Keks noch sehr gut zu erkennen. Nach dem Backen lassen sich die Plätzchen nach Herzenslust mit Speisefarben-Stiften, Zuckerguss, Schokolade oder Zuckerperlen verzieren. Nicht nur für Keksteig, auch für Fondant, Marzipan und andere Modelliermassen wie Knete oder Wachs bestens geeignet. Wir bieten Ihnen eine Vielzahl an Motiven. Hier ist bestimmt für jeden etwas dabei. Viel Spaß beim Backen und Genießen! Die Ausstechformen sind aus lebensmittelechtem, stabilem Polypropylen gefertigt. Dieser Kunststoff ist sehr robust und für Kinderhände gut geeignet. Wir empfehlen, die Ausstechform unmittelbar nach Gebrauch zu reinigen und unter fließend warmem Wasser abzuspülen. Natürlich lassen sich die Profi-Ausstecher auch in der Spülmaschine reinigen. Große Loks, kleine Roller, schnelle Flitzer und starke Baumaschinen: Mehr Fahrzeuge gibt es in großer Auswahl in der entsprechenden Kategorie!||||||||||||||||||||||Non-Organic||||"{'Geeignet für': 'Spuelmaschinen', 'manufacturer': 'STÄDTER GmbH', 'Herstelleradresse': 'Am Kreuzweg 1, DE- 35469 Allendorf/Lumda', 'Kontaktmöglichkeit': 'info@staedter.de', 'Materialdetails': 'Kunststoff - PP lebensmittelecht', 'Material': 'Kunststoff|Polypropylen', 'Höhe': '5.5 cm', 'Breite': '7.3 cm', 'Inhalt': '10 Stk.'}"||||||||Kunststoff - PP lebensmittelecht||||||0|0|3013724_1.png|https://static.mueller.de/pdzoom/4018598170681_2.webp|3013724_2.png|https://static.mueller.de/pdzoom/4018598170681_5.webp|3013724_3.png|https://static.mueller.de/pdzoom/4018598170681_6.webp|3013724_4.png|https://static.mueller.de/pdzoom/4018598170681_4.webp|3013724_5.png|https://static.mueller.de/pdzoom/4018598170681_1.webp|3013724_6.png|https://static.mueller.de/pdzoom/4018598170681_7.webp||||||||||||STÄDTER GmbH||||||||||10 Stk.|||True||3013724P|||||Spuelmaschinen||||10
326349|mueller||||||||2024-10-28|ULRIC DE VARENS NIGHT Eau de Toilette|ULRIC DE VARENS||100|ml|Home|Parfümerie|Düfte für Ihn|Düfte|ULRIC DE VARENS NIGHT Eau de Toilette|||6,99 €|6,99 €|||||||||||69,90 € / 1 l|||EUR|Home> Parfümerie> Düfte für Ihn> Düfte> ULRIC DE VARENS NIGHT Eau de Toilette|https://www.mueller.at/p/ulric-de-varens-night-eau-de-toilette-74264673/|100 ml|Der Duft besticht durch die Frische von Apfel, Bergamotte, Mandarine und Ananas, während ihm Zimt und Zedernholz Männlichkeit verleihen. Essenzen von Teakholz und Tonkabohne runden die Komposition ab.||||||||||||||||||||||Non-Organic||||{'target_group': 'Herren', 'manufacturer': 'Ulric de Varens GmbH Parfums', 'Herstelleradresse': 'Brandenburgische Str. 86/87 ,10713 Berlin', 'fragrance_concentration': 'Eau de Toilette', 'top_note': 'Apfel, Bergamotte, Mandarine und Ananas', 'heart_note': 'Zimt und Zedernholz', 'base_note': 'Teakholz und Tonkabohne', 'Anwendungshinweis': 'Auf die gesunde Haut aufsprühen. Kontakt mit den Augen vermeiden.', 'application_type': 'Pumpzerstäuber', 'package_contents': 'Alcohol denat, Aqua (Water), Parfum (Fragrance), Ethylhexyl Methoxycinnamate, Butyl Methoxydibenzoylmethane, Ethylhexyl Salicylate, Alpha-Isomethy Ionone, ,Cinnamal, Citral, Coumarin, Geraniol,Hydroxycitronellal, Limonene, Linalool, CI 17200 (D&C Red 33).', 'Inhalt': '100 ml', 'fragrance_effect': 'geheimnisvoll', 'Produkttyp': 'Eau de Toilette'}||||||||||||||0|0|326349_1.png|https://static.mueller.de/409821113-PV-0/pdzoom/ulric-de-varens-night-eau-de-toilette.webp|326349_2.png|https://static.mueller.de/409821113-PUV-1/pdzoom/ulric-de-varens-night-eau-de-toilette.webp|326349_3.png|https://static.mueller.de/409821113-VV-2/pdzoom/ulric-de-varens-night-eau-de-toilette.webp||||||||||||||||||Ulric de Varens GmbH Parfums||||||||||100 ml|Alcohol denat, Aqua (Water), Parfum (Fragrance), Ethylhexyl Methoxycinnamate, Butyl Methoxydibenzoylmethane, Ethylhexyl Salicylate, Alpha-Isomethy Ionone, ,Cinnamal, Citral, Coumarin, Geraniol,Hydroxycitronellal, Limonene, Linalool, CI 17200 (D&C Red 33).||True||326349P|||||||||10
799476|mueller||||||||2024-10-28|Dr.Oetker Backblech Back-Idee-Kreativ 33x37-52cm|DR.OETKER||1|Stk.|Home|Haushalt|Kochen & Backen|Backzubehör|Backbleche & Gitter|Dr.Oetker Backblech Back-Idee-Kreativ 33x37-52cm||29,99 €|29,99 €||||||||||||||EUR|Home> Haushalt> Kochen & Backen> Backzubehör> Backbleche & Gitter> Dr.Oetker Backblech Back-Idee-Kreativ 33x37-52cm|https://www.mueller.at/p/dr-oetker-backblech-back-idee-kreativ-33x37-52cm-IPN799476/|1 Stk.|"Das verstellbare schwarze Herdbackblech aus dem Dr. Oetker Sortiment ""Back-Idee Kreativ"" mit grauer Special Antihaft-Beschichtung passt garantiert in jeden Ofen und liefert beste Backergebnisse in bewährter Dr. Oetker Qualität. Die seitlichen Raststufen ermöglichen das individuelle Einstellen auf die benötigte Größe (37–52 x 33 x 3 cm). Der hohe Rand des Backbleches eignet sich perfekt für Pizza und Kuchen, die sich dank der hervorragenden Antihaft-Eigenschaften leicht vom Blechboden lösen lassen. Das Herdbackblech ist temperaturbeständig bis +230 °C. Nach dem Gebrauch können beide Blechhälften komplett auseinandergezogen und ganz einfach mit der Hand gereinigt werden. "||||||||||||||||||||||Non-Organic||||"{'Geeignet für': 'Backofen', 'Pflegehinweis': 'Handwäsche', 'manufacturer': 'Zenker Backformen GmbH & Co. KG', 'Herstelleradresse': 'Fritz-Mayer-Straße 7, 86661 Aichach', 'Kontaktmöglichkeit': 'service@oetker-kitchentools.de', 'product_property': 'antihaftbeschichtet|hitzebständig', 'Höhe': '3 cm', 'Breite': '52 cm', 'Tiefe': '33 cm', 'Inhalt': '1 Stk.'}"||||||||||||||5.0|1|799476_1.png|https://static.mueller.de/pdzoom/4044935012246.webp||||||||||||||||Handwäsche||||||Zenker Backformen GmbH & Co. KG||||||||||1 Stk.|||True||799476P|||||Backofen||||2
3013732|mueller||||||||2024-10-28|Städter Ausstechform Glückskeks|STÄDTER||10|Stk.|Home|Haushalt|Kochen & Backen|Auflauf- & Backformen|Städter Ausstechform Glückskeks|||3,50 €|3,50 €|3,50 €|2,99 €||||15%|Sie sparen 15%||||2,99 € / 10 Stk.|||EUR|Home> Haushalt> Kochen & Backen> Auflauf- & Backformen> Städter Ausstechform Glückskeks|https://www.mueller.at/p/staedter-ausstechform-glueckskeks-IPN3013732/|10 Stk.|"Mit diesen Keks haben Sie Ihr Glück schon gefunden. Mit diesen Präge-Ausstechern kommt Freude auf – und das nicht nur bei Kindern. Mit diesen Ausstechformen lassen sich feine Motive ausstechen. Mithilfe des integrierten Auswerfers bringen Sie die Kekse ganz leicht auf das Backblech, ohne dass die feinen Konturen zerstört werden. Die Prägungen sind auch auf dem gebackenen Keks noch sehr gut zu erkennen. Nach dem Backen lassen sich die Plätzchen nach Herzenslust mit Speisefarben-Stiften, Zuckerguss, Schokolade oder Zuckerperlen verzieren. Wir bieten Ihnen eine Vielzahl an Motiven. Hier ist bestimmt für jeden etwas dabei. Viel Spaß beim Backen und Genießen! Die Ausstechformen sind aus lebensmittelechtem, stabilem Polypropylen gefertigt. Dieser Kunststoff ist sehr robust und für Kinderhände gut geeignet. Wir empfehlen, die Ausstechform unmittelbar nach Gebrauch zu reinigen und unter fließend warmem Wasser abzuspülen. Natürlich lassen sich die Profi-Ausstecher auch in der Spülmaschine reinigen. Auf der Suche nach dem ""Glück"" hilft unsere Suchfunktion."||||||||||||||||||||||Non-Organic||||"{'Geeignet für': 'Spuelmaschinen', 'manufacturer': 'STÄDTER GmbH', 'Herstelleradresse': 'Am Kreuzweg 1, DE- 35469 Allendorf/Lumda', 'Kontaktmöglichkeit': 'info@staedter.de', 'Materialdetails': 'Kunststoff - PP lebensmittelecht', 'Material': 'Kunststoff|Polypropylen', 'Höhe': '7.3 cm', 'Breite': '7.3 cm', 'Inhalt': '10 Stk.'}"||||||||Kunststoff - PP lebensmittelecht||||||0|0|3013732_1.png|https://static.mueller.de/pdzoom/4018598170018_5.webp|3013732_2.png|https://static.mueller.de/pdzoom/4018598170018_6.webp|3013732_3.png|https://static.mueller.de/pdzoom/4018598170018_1.webp|3013732_4.png|https://static.mueller.de/pdzoom/4018598170018_3.webp|3013732_5.png|https://static.mueller.de/pdzoom/4018598170018_2.webp|3013732_6.png|https://static.mueller.de/pdzoom/4018598170018_4.webp||||||||||||STÄDTER GmbH||||||||||10 Stk.|||False||3013732P|||||Spuelmaschinen||||1
574499|mueller||||||||2024-10-28|Florena Tagespflege Olivenöl|FLORENA||50|ml|Home|Drogerie|Pflege|Gesichtspflege|Tagespflege|Florena Tagespflege Olivenöl||4,95 €|4,95 €|||||||||||99,00 € / 1 l|||EUR|Home> Drogerie> Pflege> Gesichtspflege> Tagespflege> Florena Tagespflege Olivenöl|https://www.mueller.at/p/florena-tagespflege-olivenoel-574499/|50 ml|Die hochwirksame Tagecreme mit Olivenöl ist eine ideale Ergänzung für die tägliche Hautpflege. Sie enthält hochwertiges Olivenöl, das bekannt für seine feuchtigkeitsspendenden und pflegenden Eigenschaften ist. Die Creme versorgt die Haut den ganzen Tag über mit Feuchtigkeit und schützt sie vor Umwelteinflüssen. Mit einem LSF 6 und Vitamin E spendet sie 24 Stunden lang Feuchtigkeit. Sie zieht schnell ein und hinterlässt keinen fettigen Film auf der Haut. Die Florena Tagecreme mit Olivenöl eignet sich für alle Hauttypen, insbesondere für trockene und sensible Haut. Sie ist frei von Mineralölen, Silikonen und PEG-Emulgatoren. Zudem enthält sie natürliche Inhaltsstoffe. Die Creme hinterlässt ein angenehmes Gefühl auf der Haut und sorgt für ein frisches und strahlendes Aussehen. Intensive Feuchtigkeit für 24 hSchützt die Haut vor dem AustrocknenHautverträglichkeit dermatologisch bestätigt||||||||||||||||||||||Non-Organic||||{'Lichtschutzfaktor': '6', 'target_group': 'Damen', 'manufacturer': 'Beiersdorf AG', 'Herstelleradresse': 'Beiersdorfstraße 1-9 \n20245 Hamburg', 'Kontaktmöglichkeit': '00800 49 40 1911', 'Anwendungshinweis': 'Tragen Sie die Olivenöl Tagespflege täglich morgens nach dem Reinigen auf Gesicht, Hals und Dekolletee auf und massieren Sie die Haut sanft. Die Creme ist auch als Make-up-Grundlage geeignet.\n\nAls optimale Ergänzung Ihrer Pflege empfehlen wir Ihnen weitere Produkte von Florena mit Olivenöl: Nachtpflege und Handcreme.', 'package_contents': 'Aqua, Glycerin, Cetearyl Isononanoate, Octyldodecanol, Butyrospermum Parkii Butter, Caprylic/Capric Triglyceride, Cetearyl Alcohol, Potassium Cetyl Phosphate, Hydrogenated Palm Glycerides, Butyl Methoxydibenzoylmethane, Octocrylene, Phenylbenzimidazole Sulfonic Acid, Olea Europaea Fruit Oil, Tocopherol, Tocopheryl Acetate, Acrylates/C10-30 Alkyl Acrylate Crosspolymer, Carbomer, Glyceryl Stearate, Sodium Hydroxide, Ethylhexylglycerin, Trisodium EDTA, Phenoxyethanol, Methylparaben, Benzyl Salicylate, Benzyl Alcohol, Alpha-Isomethyl Ionone, Linalool, Geraniol, Citronellol, Parfum', 'skin_type': 'trockene Haut', 'Inhalt': '50 ml', 'Produkttyp': 'Lotion'}||||||||||||||0|0|574499_1.png|https://static.mueller.de/markant_04005900108623_pv_1235870/pdzoom/florena-tagespflege-olivenoel.webp|574499_2.png|https://static.mueller.de/markant_04005900108623_pv_4749241/pdzoom/florena-tagespflege-olivenoel.webp|574499_3.png|https://static.mueller.de/markant_04005900108623_pr_2754530/pdzoom/florena-tagespflege-olivenoel.webp|574499_4.png|https://static.mueller.de/markant_04005900108623_pd_3571973/pdzoom/florena-tagespflege-olivenoel.webp||||||||||||||||Beiersdorf AG||||||||||50 ml|Aqua, Glycerin, Cetearyl Isononanoate, Octyldodecanol, Butyrospermum Parkii Butter, Caprylic/Capric Triglyceride, Cetearyl Alcohol, Potassium Cetyl Phosphate, Hydrogenated Palm Glycerides, Butyl Methoxydibenzoylmethane, Octocrylene, Phenylbenzimidazole Sulfonic Acid, Olea Europaea Fruit Oil, Tocopherol, Tocopheryl Acetate, Acrylates/C10-30 Alkyl Acrylate Crosspolymer, Carbomer, Glyceryl Stearate, Sodium Hydroxide, Ethylhexylglycerin, Trisodium EDTA, Phenoxyethanol, Methylparaben, Benzyl Salicylate, Benzyl Alcohol, Alpha-Isomethyl Ionone, Linalool, Geraniol, Citronellol, Parfum||True||574499P|||||||||10
153764|mueller||||||||2024-10-28|JAXON Ölpastellkreide 12er Set metallic|JAXON||1|Stk.|Home|Schreibwaren|Bastelbedarf|Tafeln & Kreide|JAXON Ölpastellkreide 12er Set metallic|||7,85 €|7,85 €||||||||||||||EUR|Home> Schreibwaren> Bastelbedarf> Tafeln & Kreide> JAXON Ölpastellkreide 12er Set metallic|https://www.mueller.at/p/jaxon-oelpastellkreide-12er-set-metallic-153764/|1 Stk.|"JAXON Ölpastellkreiden eignen sich für den Künstler, Freizeitmaler ebenso wie für die Kunsterziehung im Kindergarten, der Vorschule und im Kunstunterricht.
JAXON kann trocken oder mit Terpentinöl verdünnt ""nass"" verarbeitet werden. Die brillianten Farben haften auf fast jedem Malgrund."||||||||||||||||||||||Non-Organic||||{'Inhalt': '1 Stk.', 'Produkttyp': 'Tafeln & Kreide'}||||||||||||||0|0|153764_1.png|https://static.mueller.de/5920437800-PV-0/pdzoom/jaxon-oelpastellkreide-12er-set-metallic.webp||||||||||||||||||||||||||||||||1 Stk.|||True||153764P|||||||||10
3013743|mueller||||||||2024-10-28|Spontex Multi-Use Haushaltshandschuh M Gr. 7-7,5|SPONTEX||1|Stk.|Home|Drogerie|Haushalt|Haushaltsartikel|Handschuhe|Spontex Multi-Use Haushaltshandschuh M Gr. 7-7,5||2,25 €|2,25 €||||||||||||||EUR|Home> Drogerie> Haushalt> Haushaltsartikel> Handschuhe> Spontex Multi-Use Haushaltshandschuh M Gr. 7-7,5|https://www.mueller.at/p/spontex-multi-use-haushaltshandschuh-m-gr-7-7-5-IPN3013743/|1 Stk.|"Der griffige Haushaltshandschuh mit Frischeschutz und Latex. Mit antibakteriellem Frischeschutz „Fresh"" Verhindert die Entstehung von Bakterien und Gerüchen für längere Frische im Handschuh 

Griffig und robust
Mit Naturlatex aus vorbildlich bewirtschaften Wäldern
Mit Innenbeflockung aus recycelter Baumwolle
"||||||||||||||||||||||Non-Organic||||{'manufacturer': 'MAPA GmbH', 'Herstelleradresse': 'Industriestraße 21-25, DE-27404 Zeven', 'Kontaktmöglichkeit': 'info@mapa.de', 'Materialdetails': 'Naturlatex mit Innenbeflochtung aus Baumwolle', 'Farbe': 'gelb', 'Inhalt': '1 Stk.'}||||||gelb||Naturlatex mit Innenbeflochtung aus Baumwolle||||||0|0|3013743_1.png|https://static.mueller.de/pdzoom/3384122021271.webp||||||||||||||||||||||MAPA GmbH||||||||||1 Stk.|||True||3013743P|||||||||10
3013749|mueller||||||||2024-10-28|L'Oréal Paris Brow Lamination|L'ORÉAL PARIS||6|ml|Home|Parfümerie|Make-up|Augen|Augenbrauenfarbe|L'Oréal Paris Brow Lamination||14,99 €|14,99 €||||||||||||||EUR|Home> Parfümerie> Make-up> Augen> Augenbrauenfarbe> L'Oréal Paris Brow Lamination|https://www.mueller.at/p/loreal-paris-brow-lamination-IPN3013749/|6 ml|Der Infaillible Augenbrauengel 24h Brow Lamination von L’Oréal Paris verleiht im Nu perfekt definierte und gestylte Augenbrauen und sorgt für salonähnliche Ergebnisse. Dadurch, dass die Mascara-Bürste asymmetrische Borsten besitzt, ist ein Auftragen und präzises Formen der Brauen leicht möglich. Die Anwendung gelingt in nur einem Schritt. Somit erhalten die Brauen ein Lifting und sehen sofort voller aus. Mit der durchsichtigen Gel-Textur werden keine Rückstände hinterlassen. Das Augenbrauengel ist zudem schweißresistent und lässt sich einfach entfernen. Ein langer Halt von bis zu 24 Stunden ist garantiert – für perfekt laminierte Augenbrauen, die mühelose Eleganz ausstrahlen! Der Infaillible Augenbrauengel von L’Oréal Paris sorgt für salonähnliche ErgebnisseDank asymmetrischer Borsten der Mascara-Bürste ist ein Auftragen und präzises Formen der Brauen leicht möglichIn nur einem Schritt werden die Brauen geliftet und sehen sofort voller ausDie durchsichtige Gel-Textur ist schweißresistent, hinterlässt keine Rückstände und ist einfach zu entfernenDie Augenbrauen-Mascara bietet langen Halt von bis zu 24 Stunden – für perfekt laminierte Brauen||Für Kinder unzugänglich aufbewahren. Augenkontakt vermeiden. Nicht bei gereizter Haut anwenden. Bei Hautreizung sofort entfernen. Vor Hitze schützen. Nach Ablauf des Verfalldatums nicht mehr verwenden.||||||||||||||||||||Non-Organic||||"{'consistency': 'Gel', 'Lagerhinweis': 'Für Kinder unzugänglich aufbewahren. Augenkontakt vermeiden. Nicht bei gereizter Haut anwenden. Bei Hautreizung sofort entfernen. Vor Hitze schützen. Nach Ablauf des Verfalldatums nicht mehr verwenden.', 'target_group': 'Damen', 'manufacturer': ""L'Oréal Deutschland GmbH"", 'Herstelleradresse': 'TSA 75000 93684 ST OUEN CEDEX FR', 'Anwendungshinweis': 'Vor der Anwendung darauf achten, dass die Augenbrauen sauber und trocken sind. Danach das asymmetrische Bürstchen des Augenbrauengels benutzen und die durchsichtige Gel-Textur mit sanften Aufwärtsbewegungen entlang der natürlichen Form der Augenbrauen auftragen. Mit kurzen, präzisen Bewegungen können die Brauen ganz leicht in Form gebracht werden. Im Anschluss das Gel kurz einwirken lassen, damit es eine lange Haltbarkeit garantiert. Et voilà! Mühelos gestylte und geformte Augenbrauen, die die natürliche Schönheit unterstreichen.', 'package_contents': 'AQUA / WATER • BEHENETH-30 • VP/VA COPOLYMER • ALCOHOL • PENTYLENE GLYCOL • BUTYLENE GLYCOL • GLYCERIN • DIPROPYLENE GLYCOL • PHENOXYETHANOL • CAPRYLYL GLYCOL • XANTHAN GUM (F.I.L. Z70038739/1).', 'Farbnummer': '00', 'Farbe': 'transparent', 'skin_type': 'reife Haut', 'Inhalt': '6 ml', 'scope_of_application': 'Augen', 'Batterien erforderlich': 'Nein', 'Produkttyp': 'Augenbrauenfarbe'}"||||||transparent||||||||0|0|3013749_1.png|https://static.mueller.de/markant_03600524136987_pv_4545286/pdzoom/loreal-paris-brow-lamination.webp|3013749_2.png|https://static.mueller.de/markant_03600524136987_pd_4545265/pdzoom/loreal-paris-brow-lamination.webp|3013749_3.png|https://static.mueller.de/markant_03600524136987_pd_4545276/pdzoom/loreal-paris-brow-lamination.webp|3013749_4.png|https://static.mueller.de/markant_03600524136987_pd_4545268/pdzoom/loreal-paris-brow-lamination.webp|3013749_5.png|https://static.mueller.de/markant_03600524136987_pd_4545287/pdzoom/loreal-paris-brow-lamination.webp|3013749_6.png|https://static.mueller.de/markant_03600524136987_pd_4766253/pdzoom/loreal-paris-brow-lamination.webp||||||||||||L'Oréal Deutschland GmbH||||||||||6 ml|AQUA / WATER • BEHENETH-30 • VP/VA COPOLYMER • ALCOHOL • PENTYLENE GLYCOL • BUTYLENE GLYCOL • GLYCERIN • DIPROPYLENE GLYCOL • PHENOXYETHANOL • CAPRYLYL GLYCOL • XANTHAN GUM (F.I.L. Z70038739/1).||True||3013749P||||Für Kinder unzugänglich aufbewahren. Augenkontakt vermeiden. Nicht bei gereizter Haut anwenden. Bei Hautreizung sofort entfernen. Vor Hitze schützen. Nach Ablauf des Verfalldatums nicht mehr verwenden.|||||10
2879481|mueller||||||||2024-10-28|Catrice Faked Everyday Natural Lashes|CATRICE||1|Stk.|Home|Parfümerie|Make-up|Augen|Falsche Wimpern|Catrice Faked Everyday Natural Lashes||4,45 €|4,45 €||||||||||||||EUR|Home> Parfümerie> Make-up> Augen> Falsche Wimpern> Catrice Faked Everyday Natural Lashes|https://www.mueller.at/p/catrice-faked-everyday-natural-lashes-IPN2879481/|1 Stk.|Mit den Faked Lashes ist ein WOW-Auftritt garantiert. Dabei kann zwischen unterschiedlichen Wimpernstyles mit natürlichem bis dramatischem Effekt gewählt werden. Die ultraleichten Kunstwimpern sind wiederverwendbar und können dank integriertem Wimpernkleber ganz easy angebracht werden. Pluspunkt: Die Lashes kommen in einer wiederverwendbaren Verpackung, die sich optimal zur Aufbewahrung eignet. Ultraleichte Kunstwimpern für individuelle LooksMit integriertem WimpernkleberWiederverwendbare Verpackung zur Aufbewahrung||||||||||||||||||||||Non-Organic||||{'target_group': 'Damen', 'manufacturer': 'cosnova', 'Herstelleradresse': 'Am Limespark 2 - Sulzbach - (D-65843) - New York (NY 10003) – London (EC4A4AB)', 'Kontaktmöglichkeit': 'service@cosnova.eu', 'Anwendungshinweis': 'Mit künstlichen Wimpern lassen sich die natürlichen Wimpern ganz einfach verdichten und verlängern - für einen ausdrucksstarken Augenaufschlag. Dafür einfach die Lashes am Wimpernrand mit Wimpernkleber benetzen, 20 Sekunden warten, mit den Fingern oder einer Pinzette am Wimpernkranz befestigen, leicht andrücken - fertig.', 'package_contents': 'INGREDIENTS (GLUE/KLEBER/COLLE): ACRYLATES/ETHYLHEXYL ACRYLATE COPOLYMER, AQUA (WATER), TOCOPHEROL, ETHYLHEXYLGLYCERIN, PHENOXYETHANOL.', 'Inhalt': '1 Stk.', 'scope_of_application': 'Augen', 'Produkttyp': 'Falsche Wimpern'}||||||||||||||4.2708|48|2879481_1.png|https://static.mueller.de/markant_04059729393616_pv_4545817/pdzoom/catrice-faked-everyday-natural-lashes.webp|2879481_2.png|https://static.mueller.de/markant_04059729393616_pd_4009154/pdzoom/catrice-faked-everyday-natural-lashes.webp|2879481_3.png|https://static.mueller.de/markant_04059729393616_pd_4545433/pdzoom/catrice-faked-everyday-natural-lashes.webp|2879481_4.png|https://static.mueller.de/markant_04059729393616_pd_4008518/pdzoom/catrice-faked-everyday-natural-lashes.webp|2879481_5.png|https://static.mueller.de/markant_04059729393616_pd_4009153/pdzoom/catrice-faked-everyday-natural-lashes.webp|2879481_6.png|https://static.mueller.de/markant_04059729393616_pd_4009628/pdzoom/catrice-faked-everyday-natural-lashes.webp||||||||||||cosnova||||||||||1 Stk.|INGREDIENTS (GLUE/KLEBER/COLLE): ACRYLATES/ETHYLHEXYL ACRYLATE COPOLYMER, AQUA (WATER), TOCOPHEROL, ETHYLHEXYLGLYCERIN, PHENOXYETHANOL.||True||2879481P||||Warnhinweis: Nicht auf empfindliche oder gereizte Haut auftragen. Inneren Augenkontakt vermeiden. Bei Augenkontakt bitte gründlich mit Wasser spülen. Bei Unverträglichkeiten das Produkt nicht mehr verwenden. Bei anhaltender Reizung ärztlichen Rat einholen. Darf nicht in die Hände von Kindern gelangen.|||||10
2365854|mueller||||||||2024-10-28|Bauer - Deine Tiere mit Herz - Husky 18cm, sitzend|BAUER||1|Stk.|Home|Spielwaren|Kuscheltiere & Puppen|Kuscheltiere|Stofftiere|Bauer - Deine Tiere mit Herz - Husky 18cm, sitzend||15,99 €|15,99 €||||||||||||||EUR|Home> Spielwaren> Kuscheltiere & Puppen> Kuscheltiere> Stofftiere> Bauer - Deine Tiere mit Herz - Husky 18cm, sitzend|https://www.mueller.at/p/bauer-deine-tiere-mit-herz-husky-18cm-sitzend-2365854/|1 Stk.|Für kleine Hände das Größte: Erleben Sie eine Welt voller Phantasie und Spielfaszination. Bauer Deine Tiere mit Herz Classics.||||||||12 Monate||||||||||||||Non-Organic||||"{'target_group': 'Kleinkinder|Kindergartenkinder|Grundschüler|Jugendliche', 'Artikelnummer des Herstellers': '12506', 'license': 'Bauer Classics', 'Altersempfehlung ab': '12 Monate', 'Materialdetails': 'Plüsch, Plüsch/Stoff (Hauptsächlich)', 'Material': 'Plüsch|Plüsch/Stoff (Hauptsächlich)', 'Inhalt': '1 Stk.', 'Produkttyp': 'Kuschelartikel'}"||||||||Plüsch, Plüsch/Stoff (Hauptsächlich)||||||0|0|2365854_1.png|https://static.mueller.de/6269171487-PV-0/pdzoom/bauer-deine-tiere-mit-herz-husky-18cm-sitzend.webp|2365854_2.png|https://static.mueller.de/6269171487-PB-1/pdzoom/bauer-deine-tiere-mit-herz-husky-18cm-sitzend.webp||||||||||||||||||||12506||||||||||1 Stk.|||False||2365854P|||||||||1
2365856|mueller||||||||2024-10-28|Bauer - Deine Tiere mit Herz - Fuchs 18cm, sitzend|BAUER||1|Stk.|Home|Spielwaren|Kuscheltiere & Puppen|Kuscheltiere|Stofftiere|Bauer - Deine Tiere mit Herz - Fuchs 18cm, sitzend||15,99 €|15,99 €||||||||||||||EUR|Home> Spielwaren> Kuscheltiere & Puppen> Kuscheltiere> Stofftiere> Bauer - Deine Tiere mit Herz - Fuchs 18cm, sitzend|https://www.mueller.at/p/bauer-deine-tiere-mit-herz-fuchs-18cm-sitzend-2365856/|1 Stk.|Für kleine Hände das Größte: Erleben Sie eine Welt voller Phantasie und Spielfaszination. Bauer Deine Tiere mit Herz Classics.||||||||12 Monate||||||||||||||Non-Organic||||"{'target_group': 'Kleinkinder|Kindergartenkinder|Grundschüler|Jugendliche', 'Artikelnummer des Herstellers': '12507', 'license': 'Bauer Classics', 'Altersempfehlung ab': '12 Monate', 'Materialdetails': 'Plüsch, Plüsch/Stoff (Hauptsächlich)', 'Material': 'Plüsch|Plüsch/Stoff (Hauptsächlich)', 'Inhalt': '1 Stk.', 'Produkttyp': 'Kuschelartikel'}"||||||||Plüsch, Plüsch/Stoff (Hauptsächlich)||||||0|0|2365856_1.png|https://static.mueller.de/6269171488-PV-0/pdzoom/bauer-deine-tiere-mit-herz-fuchs-18cm-sitzend.webp|2365856_2.png|https://static.mueller.de/6269171488-PB-1/pdzoom/bauer-deine-tiere-mit-herz-fuchs-18cm-sitzend.webp||||||||||||||||||||12507||||||||||1 Stk.|||True||2365856P|||||||||10
2879472|mueller||||||||2024-10-28|BIG - Bobby-Car - Classic Eco|BIG||1|Stk.|Home|Spielwaren|Kinderfahrzeuge|Sitzfahrzeuge|BIG - Bobby-Car - Classic Eco|||59,99 €|59,99 €||||||||||||||EUR|Home> Spielwaren> Kinderfahrzeuge> Sitzfahrzeuge> BIG - Bobby-Car - Classic Eco|https://www.mueller.at/p/big-bobby-car-classic-eco-IPN2879472/|1 Stk.|"Das BIG Bobby Car Classic Eco ist legendär in seiner Form und unschlagbar in Sachen Qualität. Jetzt mehr denn je, denn der Körper und das Lenkrad des BIG Bobby Car Classic Eco wird aus recyceltem Kunststoff (Recycling Polyethylen) gefertigt! Die Räder bestehen ebenfalls aus Rezyklat. Das silbrige Grau der Karosserie ist dem verwendeten Recyclingmaterial geschuldet und wirkt modern und frisch in Kombination mit dem gräulich-türkisen Lenkrad und den Stickern in Weltkugel-Optik. Das Rutschfahrzeug kommt natürlich auch in einer Verpackung aus Recyclingkarton. Doch nicht nur im Hinblick auf Umweltschutz und Design überzeugt das Rutschfahrzeug. Die seit Jahrzehnten bewährte, unveränderte Karosserie des beliebten Kinderautos ist ergonomisch perfekt auf die Bedürfnisse der kleinen Fahrer: innen abgestimmt und fördert die motorische Entwicklung. Ein griffiges Sicherheitslenkrad mit mechanischer Hupe, vier robuste und abriebfeste Räder, je eine Anhängerkupplung vorne und hinten sowie eine Kniemulde zum Fahren für größere Kinder ergänzen die spielstarke Ausstattung. Für einen kleinen Wendekreis sorgt die stufenlose Achsschenkellenkung des BIG Bobby Car. Die hervorragende Verarbeitungsqualität und der tiefliegende Schwerpunkt machen das BIG Bobby Car zum besonders sicheren Spielzeug. Das BIG Bobby Car Classic Eco ist aus hochwertigen Materialien im modernen BIG-Werk in Deutschland hergestellt. BIG-büffelstark!

Für Kinder von 1-5 Jahren - BIG Bobby Car aus Recyclingkunststoff - Ergonomische Sitzfläche mit Kniemulde für ältere Kinder - Tiefliegender Schwerpunkt - Tragkraft 50 kg - Made in Germany"||||||||1 Jahre||||||||||||||Non-Organic||||"{'target_group': 'Kleinkinder|Kindergartenkinder', 'Artikelnummer des Herstellers': '800056137', 'Altersempfehlung ab': '1 Jahre', 'Altersempfehlung bis': '5 Jahre', 'Inhalt': '1 Stk.', 'Produkttyp': 'Rutscher/Sitzfahrzeuge'}"||||||||||||||0|0|2879472_1.png|https://static.mueller.de/pdzoom/800056137_01_ig_big_bbc_eco_000.webp|2879472_2.png|https://static.mueller.de/pdzoom/800056137_02_ig_big_bbc_eco_001.webp|2879472_3.png|https://static.mueller.de/pdzoom/800056137_03_ig_big_bbc_eco_000_003.webp|2879472_4.png|https://static.mueller.de/pdzoom/800056137_04_ig_big_bbc_eco-en_002.webp|2879472_5.png|https://static.mueller.de/pdzoom/800056137_05_ig_big_bbc_eco_005.webp|2879472_6.png|https://static.mueller.de/pdzoom/800056137_06_ig_big_bbc_eco_006.webp||||||||||||800056137||||||||||1 Stk.|||True||2879472P|||||||||2
2879473|mueller||||||||2024-10-28|Catrice Cheek Lover Marbled Blush 010 Dahlia Blossom 7 g|CATRICE||7|g|Home|Parfümerie|Make-up|Teint|Rouge|Catrice Cheek Lover Marbled Blush 010 Dahlia Blossom 7 g||4,95 €|4,95 €||||||||||||||EUR|Home> Parfümerie> Make-up> Teint> Rouge> Catrice Cheek Lover Marbled Blush 010 Dahlia Blossom 7 g|https://www.mueller.at/p/catrice-cheek-lover-marbled-blush-010-dahlia-blossom-7-g-IPN2879473/|7 g|Der Cheek Lover Marbled Blush ist mit seiner auffälligen Marmorierung ein echter Hingucker. Dank seiner hochpigmentierten Textur mit feinem Schimmer verleiht er strahlende Wangen und ein natürliches Finish. Perfekt, um die Gesichtskonturen zu betonen und für einen optischen Frischekick zu sorgen! Zweifarbiges Rouge mit hoher PigmentierungLässt sich einfach auftragen & verblendenAuffällige Marmorierung||||||||||||||||||||||Non-Organic||||{'consistency': 'Puder', 'target_group': 'Damen', 'manufacturer': 'cosnova', 'Herstelleradresse': 'Frankfurt (D-65843) - New York (NY 10003) – London (EC4A 4AB)', 'Kontaktmöglichkeit': 'service@cosnova.eu', 'Anwendungshinweis': 'Das Rouge lässt sich mit einem Blush Brush am besten auftragen: Pinsel auf die Blush-Textur tupfen, auf dem Handrücken abklopfen, um überschüssige Farbpigmente zu entfernen, und dann die Textur direkt auf dem Wangenknochen von innen nach außen in Richtung Schläfen auftragen. Danach sanft verblenden.', 'package_contents': 'TALC, MICA, ZEA MAYS (CORN) STARCH, OCTYLDODECANOL, OCTYLDODECYL STEAROYL STEARATE, TROPOLONE, CAPRYLYL GLYCOL, 1,2-HEXANEDIOL, XANTHAN GUM, TIN OXIDE, CI 15850 (RED 7 LAKE), CI 77492 (IRON OXIDES), CI 77891 (TITANIUM DIOXIDE).', 'Farbnummer': '010', 'Farbe': 'Dahlia Blossom', 'skin_type': 'alle Hauttypen', 'Inhalt': '7 g', 'scope_of_application': 'Wangen', 'Produktart': 'Rouge', 'Produkttyp': 'Rouge'}||||||Dahlia Blossom||||||||5.0|1|2879473_1.png|https://static.mueller.de/markant_04059729399625_pv_4541527/pdzoom/catrice-cheek-lover-marbled-blush-010-dahlia-blossom-7-g.webp|2879473_2.png|https://static.mueller.de/markant_04059729399625_pd_3927671/pdzoom/catrice-cheek-lover-marbled-blush-010-dahlia-blossom-7-g.webp|2879473_3.png|https://static.mueller.de/markant_04059729399625_pd_3999198/pdzoom/catrice-cheek-lover-marbled-blush-010-dahlia-blossom-7-g.webp|2879473_4.png|https://static.mueller.de/markant_04059729399625_pd_3999197/pdzoom/catrice-cheek-lover-marbled-blush-010-dahlia-blossom-7-g.webp|2879473_5.png|https://static.mueller.de/markant_04059729399625_pd_3933722/pdzoom/catrice-cheek-lover-marbled-blush-010-dahlia-blossom-7-g.webp|2879473_6.png|https://static.mueller.de/markant_04059729399625_pd_3927796/pdzoom/catrice-cheek-lover-marbled-blush-010-dahlia-blossom-7-g.webp||||||||||||cosnova||||||||||7 g|TALC, MICA, ZEA MAYS (CORN) STARCH, OCTYLDODECANOL, OCTYLDODECYL STEAROYL STEARATE, TROPOLONE, CAPRYLYL GLYCOL, 1,2-HEXANEDIOL, XANTHAN GUM, TIN OXIDE, CI 15850 (RED 7 LAKE), CI 77492 (IRON OXIDES), CI 77891 (TITANIUM DIOXIDE).||False||2879473P|||||||||1
2879476|mueller||||||||2024-10-28|Catrice Cosmetic Sharpener|CATRICE||1|Stk.|Home|Parfümerie|Accessoires|Beauty Helfer|Catrice Cosmetic Sharpener|||2,25 €|2,25 €||||||||||||||EUR|Home> Parfümerie> Accessoires> Beauty Helfer> Catrice Cosmetic Sharpener|https://www.mueller.at/p/catrice-cosmetic-sharpener-IPN2879476/|1 Stk.|Damit Beautystifte für ein perfektes Make-up-Ergebnis sorgen, ist der Cosmetic Sharpener unverzichtbar. Der Duo-Kosmetikspitzer für dünne und Jumbo-Stifte ist mit einer fest verschließbaren Kappe ausgestattet - das perfekte Tool für on the go. Highlight? Der Kosmetikspitzer besteht zu mindestens 95% aus recyceltem Material. Hochwertiger Duo-Kosmetikspitzer für dünne und Jumbo-StifteDank fest verschließbarer Kappe perfekt für unterwegsNachhaltige Verpackung aus PCR-Material||||||||||||||||||||||Non-Organic||||{'target_group': 'Damen', 'manufacturer': 'cosnova', 'Herstelleradresse': 'Frankfurt (D-65843) - New York (NY 10003) – London (EC4A 4AB)', 'Kontaktmöglichkeit': 'service@cosnova.eu', 'Anwendungshinweis': 'Mit dem Cosmetic Sharpener lassen sich dünne und dicke Kosmetikstifte ganz einfach anspitzen. Der Duo-Kosmetikspitzer ist sehr einfach und präzise in der Handhabung und lässt sich leicht entleeren. Dank des integrierten Stifts können außerdem auch die Zwischenräume des Anspitzers ganz einfach gereinigt werden.', 'Inhalt': '1 Stk.', 'Produkttyp': 'Sonstiges'}||||||||||||||0|0|2879476_1.png|https://static.mueller.de/markant_04059729393685_pv_4562037/pdzoom/catrice-cosmetic-sharpener.webp|2879476_2.png|https://static.mueller.de/markant_04059729393685_pd_4562038/pdzoom/catrice-cosmetic-sharpener.webp||||||||||||||||||||cosnova||||||||||1 Stk.|||True||2879476P|||||||||10
2879478|mueller||||||||2024-10-28|Catrice Faked Big Volume Lashes|CATRICE||1|Stk.|Home|Parfümerie|Make-up|Augen|Falsche Wimpern|Catrice Faked Big Volume Lashes||4,45 €|4,45 €||||||||||||||EUR|Home> Parfümerie> Make-up> Augen> Falsche Wimpern> Catrice Faked Big Volume Lashes|https://www.mueller.at/p/catrice-faked-big-volume-lashes-IPN2879478/|1 Stk.|Mit den Faked Lashes ist ein WOW-Auftritt garantiert. Dabei kann zwischen unterschiedlichen Wimpernstyles mit natürlichem bis dramatischem Effekt gewählt werden. Die ultraleichten, künstlichen Wimpern mit integriertem Mini-Wimpernkleber sind wiederverwendbar und können dank ultraflexiblem Wimpernband ganz easy angebracht werden. Pluspunkt: Die Lashes kommen in einer wiederverwendbaren Verpackung, die sich optimal zur Aufbewahrung eignet. Ultraleichte, künstliche Wimpern für ganztägigen TragekomfortMit integriertem Mini-WimpernkleberWiederverwendbar||||||||||||||||||||||Non-Organic||||"{'Effekt': 'Volumen|verdichtend', 'target_group': 'Damen', 'manufacturer': 'cosnova', 'Herstelleradresse': 'Am Limespark 2 - Sulzbach - (D-65843) - New York (NY 10003) – London (EC4A4AB)', 'Kontaktmöglichkeit': 'service@cosnova.eu', 'Anwendungshinweis': 'Mit künstlichen Wimpern lassen sich die natürlichen Wimpern ganz einfach verdichten und verlängern - für einen ausdrucksstarken Augenaufschlag. Dafür einfach die Lashes am Wimpernband mit Wimpernkleber benetzen, 30 Sekunden warten, mit den Fingern oder einer Pinzette am Wimpernkranz befestigen, leicht andrücken - fertig. Zum Entfernen die künstliche Wimpern vorsichtig abziehen und eventuelle Klebereste mit den Fingern entfernen.', 'package_contents': 'INGREDIENTS (GLUE/KLEBER/COLLE): ACRYLATES/ETHYLHEXYL ACRYLATE COPOLYMER, AQUA (WATER), TOCOPHEROL, ETHYLHEXYLGLYCERIN, PHENOXYETHANOL.', 'Farbnummer': '001', 'Farbe': 'schwarz', 'Inhalt': '1 Stk.', 'scope_of_application': 'Augen', 'Produkttyp': 'Falsche Wimpern'}"||||||schwarz||||||||4.5522|67|2879478_1.png|https://static.mueller.de/markant_04059729393609_pv_4541522/pdzoom/catrice-faked-big-volume-lashes.webp|2879478_2.png|https://static.mueller.de/markant_04059729393609_pd_4032150/pdzoom/catrice-faked-big-volume-lashes.webp|2879478_3.png|https://static.mueller.de/markant_04059729393609_pd_4032147/pdzoom/catrice-faked-big-volume-lashes.webp|2879478_4.png|https://static.mueller.de/markant_04059729393609_pd_4528219/pdzoom/catrice-faked-big-volume-lashes.webp|2879478_5.png|https://static.mueller.de/markant_04059729393609_pd_4032149/pdzoom/catrice-faked-big-volume-lashes.webp|2879478_6.png|https://static.mueller.de/markant_04059729393609_pd_4528218/pdzoom/catrice-faked-big-volume-lashes.webp||||||||||||cosnova||||||||||1 Stk.|INGREDIENTS (GLUE/KLEBER/COLLE): ACRYLATES/ETHYLHEXYL ACRYLATE COPOLYMER, AQUA (WATER), TOCOPHEROL, ETHYLHEXYLGLYCERIN, PHENOXYETHANOL.||True||2879478P||||Warnhinweis: Nicht auf empfindliche oder gereizte Haut auftragen. Inneren Augenkontakt vermeiden. Bei Augenkontakt bitte gründlich mit Wasser spülen. Bei Unverträglichkeiten das Produkt nicht mehr verwenden. Bei anhaltender Reizung ärztlichen Rat einholen. Darf nicht in die Hände von Kindern gelangen.|||||10
2879479|mueller||||||||2024-10-28|Catrice Faked Dramatic Curl Lashes|CATRICE||1|Stk.|Home|Parfümerie|Make-up|Augen|Falsche Wimpern|Catrice Faked Dramatic Curl Lashes||4,45 €|4,45 €||||||||||||||EUR|Home> Parfümerie> Make-up> Augen> Falsche Wimpern> Catrice Faked Dramatic Curl Lashes|https://www.mueller.at/p/catrice-faked-dramatic-curl-lashes-IPN2879479/|1 Stk.|Mit den Faked Lashes ist ein WOW-Auftritt garantiert. Dabei kann zwischen unterschiedlichen Wimpernstyles mit natürlichem bis dramatischem Effekt gewählt werden. Die ultraleichten, künstlichen Wimpern mit integriertem Mini-Wimpernkleber sind wiederverwendbar und können dank ultraflexiblem Wimpernband ganz easy angebracht werden. Pluspunkt: Die Lashes kommen in einer wiederverwendbaren Verpackung, die sich optimal zur Aufbewahrung eignet. Ultraleichte, künstliche Wimpern für ganztägigen TragekomfortMit integriertem Mini-WimpernkleberWiederverwendbar||||||||||||||||||||||Non-Organic||||{'target_group': 'Damen', 'manufacturer': 'cosnova', 'Herstelleradresse': 'Am Limespark 2 - Sulzbach - (D-65843) - New York (NY 10003) – London (EC4A4AB)', 'Kontaktmöglichkeit': 'service@cosnova.eu', 'Anwendungshinweis': 'Mit künstlichen Wimpern lassen sich die natürlichen Wimpern ganz einfach verdichten und verlängern - für einen ausdrucksstarken Augenaufschlag. Dafür einfach die Lashes am Wimpernrand mit Wimpernkleber benetzen, 20 Sekunden warten, mit den Fingern oder einer Pinzette am Wimpernkranz befestigen, leicht andrücken - fertig.', 'package_contents': 'INGREDIENTS (GLUE/KLEBER/COLLE): ACRYLATES/ETHYLHEXYL ACRYLATE COPOLYMER, AQUA (WATER), TOCOPHEROL, ETHYLHEXYLGLYCERIN, PHENOXYETHANOL.', 'Inhalt': '1 Stk.', 'scope_of_application': 'Augen', 'Produkttyp': 'Falsche Wimpern'}||||||||||||||0|0|2879479_1.png|https://static.mueller.de/markant_04059729393654_pv_4533624/pdzoom/catrice-faked-dramatic-curl-lashes.webp|2879479_2.png|https://static.mueller.de/markant_04059729393654_pd_3999081/pdzoom/catrice-faked-dramatic-curl-lashes.webp|2879479_3.png|https://static.mueller.de/markant_04059729393654_pd_3999079/pdzoom/catrice-faked-dramatic-curl-lashes.webp|2879479_4.png|https://static.mueller.de/markant_04059729393654_pd_3999075/pdzoom/catrice-faked-dramatic-curl-lashes.webp|2879479_5.png|https://static.mueller.de/markant_04059729393654_pd_3999077/pdzoom/catrice-faked-dramatic-curl-lashes.webp|2879479_6.png|https://static.mueller.de/markant_04059729393654_pd_3994080/pdzoom/catrice-faked-dramatic-curl-lashes.webp||||||||||||cosnova||||||||||1 Stk.|INGREDIENTS (GLUE/KLEBER/COLLE): ACRYLATES/ETHYLHEXYL ACRYLATE COPOLYMER, AQUA (WATER), TOCOPHEROL, ETHYLHEXYLGLYCERIN, PHENOXYETHANOL.||True||2879479P||||Warnhinweis: Nicht auf empfindliche oder gereizte Haut auftragen. Inneren Augenkontakt vermeiden. Bei Augenkontakt bitte gründlich mit Wasser spülen. Bei Unverträglichkeiten das Produkt nicht mehr verwenden. Bei anhaltender Reizung ärztlichen Rat einholen. Darf nicht in die Hände von Kindern gelangen.|||||10
2365861|mueller||||||||2024-10-28|Bauer - Deine Tiere mit Herz - Hase beige 25cm, liegend|BAUER||1|Stk.|Home|Spielwaren|Kuscheltiere & Puppen|Kuscheltiere|Stofftiere|Bauer - Deine Tiere mit Herz - Hase beige 25cm, liegend||19,99 €|19,99 €||||||||||||||EUR|Home> Spielwaren> Kuscheltiere & Puppen> Kuscheltiere> Stofftiere> Bauer - Deine Tiere mit Herz - Hase beige 25cm, liegend|https://www.mueller.at/p/bauer-deine-tiere-mit-herz-hase-beige-25cm-liegend-2365861/|1 Stk.|Für kleine Hände das Größte: Erleben Sie eine Welt voller Phantasie und Spielfaszination. Bauer Deine Tiere mit Herz Classics.||||||||12 Monate||||||||||||||Non-Organic||||"{'target_group': 'Kleinkinder|Kindergartenkinder|Grundschüler|Jugendliche', 'Artikelnummer des Herstellers': '12511', 'license': 'Bauer Classics', 'Altersempfehlung ab': '12 Monate', 'Materialdetails': 'Plüsch, Plüsch/Stoff (Hauptsächlich)', 'Material': 'Plüsch|Plüsch/Stoff (Hauptsächlich)', 'Inhalt': '1 Stk.', 'Produkttyp': 'Kuschelartikel'}"||||||||Plüsch, Plüsch/Stoff (Hauptsächlich)||||||0|0|2365861_1.png|https://static.mueller.de/6269171490-PV-0/pdzoom/bauer-deine-tiere-mit-herz-hase-beige-25cm-liegend.webp|2365861_2.png|https://static.mueller.de/6269171490-PB-1/pdzoom/bauer-deine-tiere-mit-herz-hase-beige-25cm-liegend.webp||||||||||||||||||||12511||||||||||1 Stk.|||True||2365861P|||||||||10
2365862|mueller||||||||2024-10-28|Bauer - Deine Tiere mit Herz - Husky 25cm, liegend|BAUER||1|Stk.|Home|Spielwaren|Kuscheltiere & Puppen|Kuscheltiere|Stofftiere|Bauer - Deine Tiere mit Herz - Husky 25cm, liegend||19,99 €|19,99 €||||||||||||||EUR|Home> Spielwaren> Kuscheltiere & Puppen> Kuscheltiere> Stofftiere> Bauer - Deine Tiere mit Herz - Husky 25cm, liegend|https://www.mueller.at/p/bauer-deine-tiere-mit-herz-husky-25cm-liegend-2365862/|1 Stk.|Für kleine Hände das Größte: Erleben Sie eine Welt voller Phantasie und Spielfaszination. Bauer Deine Tiere mit Herz Classics.||||||||12 Monate||||||||||||||Non-Organic||||"{'target_group': 'Kleinkinder|Kindergartenkinder|Grundschüler|Jugendliche', 'Artikelnummer des Herstellers': '12513', 'license': 'Bauer Classics', 'Altersempfehlung ab': '12 Monate', 'Materialdetails': 'Plüsch, Plüsch/Stoff (Hauptsächlich)', 'Material': 'Plüsch|Plüsch/Stoff (Hauptsächlich)', 'Inhalt': '1 Stk.', 'Produkttyp': 'Kuschelartikel'}"||||||||Plüsch, Plüsch/Stoff (Hauptsächlich)||||||0|0|2365862_1.png|https://static.mueller.de/6269171491-PV-0/pdzoom/bauer-deine-tiere-mit-herz-husky-25cm-liegend.webp|2365862_2.png|https://static.mueller.de/6269171491-PB-1/pdzoom/bauer-deine-tiere-mit-herz-husky-25cm-liegend.webp||||||||||||||||||||12513||||||||||1 Stk.|||False||2365862P|||||||||1
2879490|mueller||||||||2024-10-28|Catrice Holiday Skin Bronze & Glow Palette|CATRICE||5.5|g|Home|Parfümerie|Make-up|Teint|Puder|Catrice Holiday Skin Bronze & Glow Palette||5,45 €|5,45 €||||||||||||||EUR|Home> Parfümerie> Make-up> Teint> Puder> Catrice Holiday Skin Bronze & Glow Palette|https://www.mueller.at/p/catrice-holiday-skin-bronze-glow-palette-IPN2879490/|5.5 g|Ein sommerlich gebräunter Teint mit wenigen Pinselstrichen? Mit der Holiday Skin Bronze & Glow Palette kein Problem. Die Palette vereint eine Bronzer- und eine Highlighter-Shade - beide haben eine leichte, softe Textur, die sich einfach auftragen und verblenden lässt. Ein Look wie frisch aus dem Urlaub? Absolutely. Mit der dunkleren und der helleren Farbe lassen sich außerdem gut die Gesichtskonturen hervorheben. Bronzer & Highlighter in einer PaletteLeichte, softe Textur mit hoher PigmentierungFür einen sonnengeküssten Teint||||||||||||||||||||||Non-Organic||||{'consistency': 'Puder', 'target_group': 'Damen', 'manufacturer': 'cosnova GmbH', 'Herstelleradresse': 'Frankfurt (D-65843)', 'Kontaktmöglichkeit': 'service@cosnova.eu', 'Anwendungshinweis': 'Die Bronze & Glow Palette verleiht einen sonnengeküssten Teint, eignet sich aber auch, um die Gesichtskonturen zu betonen. Der Bronzer verleiht Gesichtspartien mehr Tiefe, etwa den Stellen unterhalb der Wangenknochen und seitlich des Nasenrückens. Der Highlighter ist perfekt, um Akzente zu setzen und bestimmte Gesichtspartien hervorzuheben, z. B. den Nasenrücken, die Stelle oberhalb der Wangenknochen oder das Lippenherz.', 'package_contents': 'Bronzer - INGREDIENTS: MICA, ZEA MAYS (CORN) STARCH, KAOLIN, SHEA BUTTER ETHYL ESTERS, COPERNICIA CERIFERA CERA (COPERNICIA CERIFERA (CARNAUBA) WAX), RICINUS COMMUNIS (CASTOR) SEED OIL, MACADAMIA INTEGRIFOLIA/TETRAPHYLLA SEED OIL, TOCOPHEROL, HELIANTHUS ANNUUS (SUNFLOWER) SEED OIL, p-ANISIC ACID, MAGNOLIA OFFICINALIS BARK EXTRACT, CITRIC ACID, CI 77491 (IRON OXIDES), CI 77492 (IRON OXIDES), CI 77499 (IRON OXIDES), CI 77742 (MANGANESE VIOLET), CI 77891 (TITANIUM DIOXIDE). Highlighter - INGREDIENTS: MICA, TALC, CETEARYL ETHYLHEXANOATE, MAGNESIUM MYRISTATE, ORYZA SATIVA (RICE) POWDER, BORON NITRIDE, OCTYLDODECYL STEAROYL STEARATE, COPERNICIA CERIFERA CERA (COPERNICIA CERIFERA (CARNAUBA) WAX), CAPRYLYL GLYCOL, TIN OXIDE, HEXYLENE GLYCOL, PHENOXYETHANOL, CI 77491 (IRON OXIDES), CI 77891 (TITANIUM DIOXIDE).', 'Farbnummer': '010', 'Farbe': 'out of office', 'skin_type': 'ölige Haut', 'Inhalt': '5.5 g', 'scope_of_application': 'Gesicht', 'Produktart': 'Puder', 'Produkttyp': 'Bronzing'}||||||out of office||||||||4.7021|47|2879490_1.png|https://static.mueller.de/markant_04059729399700_pv_4541977/pdzoom/catrice-holiday-skin-bronze-glow-palette.webp|2879490_2.png|https://static.mueller.de/markant_04059729399700_pd_4158970/pdzoom/catrice-holiday-skin-bronze-glow-palette.webp|2879490_3.png|https://static.mueller.de/markant_04059729399700_pd_3999205/pdzoom/catrice-holiday-skin-bronze-glow-palette.webp|2879490_4.png|https://static.mueller.de/markant_04059729399700_pd_4159031/pdzoom/catrice-holiday-skin-bronze-glow-palette.webp|2879490_5.png|https://static.mueller.de/markant_04059729399700_pd_4541976/pdzoom/catrice-holiday-skin-bronze-glow-palette.webp|2879490_6.png|https://static.mueller.de/markant_04059729399700_pd_3999202/pdzoom/catrice-holiday-skin-bronze-glow-palette.webp||||||||||||cosnova GmbH||||||||||5.5 g|Bronzer - INGREDIENTS: MICA, ZEA MAYS (CORN) STARCH, KAOLIN, SHEA BUTTER ETHYL ESTERS, COPERNICIA CERIFERA CERA (COPERNICIA CERIFERA (CARNAUBA) WAX), RICINUS COMMUNIS (CASTOR) SEED OIL, MACADAMIA INTEGRIFOLIA/TETRAPHYLLA SEED OIL, TOCOPHEROL, HELIANTHUS ANNUUS (SUNFLOWER) SEED OIL, p-ANISIC ACID, MAGNOLIA OFFICINALIS BARK EXTRACT, CITRIC ACID, CI 77491 (IRON OXIDES), CI 77492 (IRON OXIDES), CI 77499 (IRON OXIDES), CI 77742 (MANGANESE VIOLET), CI 77891 (TITANIUM DIOXIDE). Highlighter - INGREDIENTS: MICA, TALC, CETEARYL ETHYLHEXANOATE, MAGNESIUM MYRISTATE, ORYZA SATIVA (RICE) POWDER, BORON NITRIDE, OCTYLDODECYL STEAROYL STEARATE, COPERNICIA CERIFERA CERA (COPERNICIA CERIFERA (CARNAUBA) WAX), CAPRYLYL GLYCOL, TIN OXIDE, HEXYLENE GLYCOL, PHENOXYETHANOL, CI 77491 (IRON OXIDES), CI 77891 (TITANIUM DIOXIDE).||True||2879490P|||||||||10
2062399|mueller||||||||2024-10-28|Tadé Bimsstein Weiss 100% Lavagestein|TADE||1|Stk.|Home|Parfümerie|Accessoires|Hand- & Fußpflege|Hornhautentferner|Tadé Bimsstein Weiss 100% Lavagestein||6,59 €|6,59 €||||||||||||||EUR|Home> Parfümerie> Accessoires> Hand- & Fußpflege> Hornhautentferner> Tadé Bimsstein Weiss 100% Lavagestein|https://www.mueller.at/p/tade-bimsstein-weiss-100-lavagestein-2062399/|1 Stk.|Natürliches und softes Peeling und Hornhautentfernung an empfindlichen Hautstellen ohne Chemie.||||||||||||||||||||||Non-Organic||||{'Anwendungshinweis': 'Auf trockener oder feuchter Haut anwenden und durch Druck und kreisende Bewegungen die Haut peelen und die Hornhaut entfernen', 'Inhalt': '1 Stk.', 'Produkttyp': 'Bimssteine'}||||||||||||||5.0|1|2062399_1.png|https://static.mueller.de/6007532470-PV-0/pdzoom/tade-bimsstein-weiss-100-lavagestein.webp||||||||||||||||||||||||||||||||1 Stk.|||False||2062399P|||||||||1
61608|mueller||||||||2024-10-28|Lindt Pralinen Emotionale Geschenke|LINDT||80|g|Home|Drogerie|Lebensmittel|Süßigkeiten|Schokolade|Lindt Pralinen Emotionale Geschenke||5,49 €|5,49 €|||||||||||68,63 € / 1 kg|||EUR|Home> Drogerie> Lebensmittel> Süßigkeiten> Schokolade> Lindt Pralinen Emotionale Geschenke|https://www.mueller.at/p/lindt-pralinen-emotionale-geschenke-61608/|80 g|Dieser Artikel ist sortiert. Die Auswahl des Motivs erfolgt zufällig und kann nicht ausgewählt werden.|||||||||||{'Nährwerte je': '100  g', 'Brennwert': '2179 kj / 522 kcal', 'Fett in g': '30.0 g', '- davon gesättigte Fettsäuren in g': '15.0 g', 'Kohlenhydrate in g': '54.0 g', '- davon Zucker in g': '50.0 g', 'Eiweiß in g': '6.1 g', 'Salz in g': '0.16 g'}|||||||||||Non-Organic||||{'manufacturer': 'Lindt & Sprüngli GmbH', 'Herstelleradresse': 'Süsterfeldstrasse 130, DE-52072 Aachen', 'Kontaktmöglichkeit': '0241/ 8881-0', 'Inhalt': '80 g', 'Zutaten': 'Zucker, Kakaomasse, VollMILCHpulver, Kakaobutter, Glukosesirup, MANDELN, HASELNÜSSE, BUTTERreinfett, Marc de Champagne, MagerMILCHpulver, Zitronenschalen, Orangenschalen, Glukose-Fruktose-Sirup, VollMILCH, Invertzuckersirup, Emulgator (SOJAlecithin), Alkohol, Orangensaft aus Saftkonzentrat, natürliche Aromen, Zitronensaftkonzentrat, Feuchthaltemittel (Invertase), natürliches Orangenaroma, Traubenzucker, Orangen, Salz, Aromen, Säuerungsmittel (Citronensäure), Verdickungsmittel (Pektin). Kann andere SCHALENFRÜCHTE enthalten.', 'Produkttyp': 'Schokoladenartikel'}||||||||||||||0|0|61608_1.png|https://static.mueller.de/markant_04000539322402_pv_2471137/pdzoom/lindt-pralinen-emotionale-geschenke.webp|61608_2.png|https://static.mueller.de/markant_04000539322402_pv_2484388/pdzoom/lindt-pralinen-emotionale-geschenke.webp|61608_3.png|https://static.mueller.de/markant_04000539322402_pv_1698716/pdzoom/lindt-pralinen-emotionale-geschenke.webp|61608_4.png|https://static.mueller.de/markant_04000539322402_pv_2471138/pdzoom/lindt-pralinen-emotionale-geschenke.webp|61608_5.png|https://static.mueller.de/markant_04000539322402_pv_2471136/pdzoom/lindt-pralinen-emotionale-geschenke.webp||||||||||||||Lindt & Sprüngli GmbH||||||||||80 g|||True||61608P|||||||||5
2879483|mueller||||||||2024-10-28|Catrice Faked Insane Length Lashes|CATRICE||1|Stk.|Home|Parfümerie|Make-up|Augen|Falsche Wimpern|Catrice Faked Insane Length Lashes||4,45 €|4,45 €||||||||||||||EUR|Home> Parfümerie> Make-up> Augen> Falsche Wimpern> Catrice Faked Insane Length Lashes|https://www.mueller.at/p/catrice-faked-insane-length-lashes-IPN2879483/|1 Stk.|Mit den Faked Lashes ist ein WOW-Auftritt garantiert. Dabei kann zwischen unterschiedlichen Wimpernstyles mit natürlichem bis dramatischem Effekt gewählt werden. Die ultraleichten, künstlichen Wimpern mit integriertem Mini-Wimpernkleber sind wiederverwendbar und können dank ultraflexiblem Wimpernband ganz easy angebracht werden. Pluspunkt: Die Lashes kommen in einer wiederverwendbaren Verpackung, die sich optimal zur Aufbewahrung eignet. Ultraleichte, künstliche Wimpern für ganztägigen TragekomfortMit integriertem Mini-WimpernkleberWiederverwendbar||||||||||||||||||||||Non-Organic||||{'target_group': 'Damen', 'manufacturer': 'cosnova', 'Herstelleradresse': 'Am Limespark 2 - Sulzbach - (D-65843) - New York (NY 10003) – London (EC4A4AB)', 'Kontaktmöglichkeit': 'service@cosnova.eu', 'Anwendungshinweis': 'Mit künstlichen Wimpern lassen sich die natürlichen Wimpern ganz einfach verdichten und verlängern - für einen ausdrucksstarken Augenaufschlag. Dafür einfach die Lashes am Wimpernrand mit Wimpernkleber benetzen, 20 Sekunden warten, mit den Fingern oder einer Pinzette am Wimpernkranz befestigen, leicht andrücken - fertig.', 'package_contents': 'INGREDIENTS (GLUE/KLEBER/COLLE): ACRYLATES/ETHYLHEXYL ACRYLATE COPOLYMER, AQUA (WATER), TOCOPHEROL, ETHYLHEXYLGLYCERIN, PHENOXYETHANOL.', 'Inhalt': '1 Stk.', 'scope_of_application': 'Augen', 'Produkttyp': 'Falsche Wimpern'}||||||||||||||5.0|3|2879483_1.png|https://static.mueller.de/markant_04059729393647_pv_4533623/pdzoom/catrice-faked-insane-length-lashes.webp|2879483_2.png|https://static.mueller.de/markant_04059729393647_pd_3994078/pdzoom/catrice-faked-insane-length-lashes.webp|2879483_3.png|https://static.mueller.de/markant_04059729393647_pd_4159096/pdzoom/catrice-faked-insane-length-lashes.webp|2879483_4.png|https://static.mueller.de/markant_04059729393647_pd_3994077/pdzoom/catrice-faked-insane-length-lashes.webp|2879483_5.png|https://static.mueller.de/markant_04059729393647_pd_3999065/pdzoom/catrice-faked-insane-length-lashes.webp|2879483_6.png|https://static.mueller.de/markant_04059729393647_pd_4800200/pdzoom/catrice-faked-insane-length-lashes.webp||||||||||||cosnova||||||||||1 Stk.|INGREDIENTS (GLUE/KLEBER/COLLE): ACRYLATES/ETHYLHEXYL ACRYLATE COPOLYMER, AQUA (WATER), TOCOPHEROL, ETHYLHEXYLGLYCERIN, PHENOXYETHANOL.||True||2879483P||||Warnhinweis: Nicht auf empfindliche oder gereizte Haut auftragen. Inneren Augenkontakt vermeiden. Bei Augenkontakt bitte gründlich mit Wasser spülen. Bei Unverträglichkeiten das Produkt nicht mehr verwenden. Bei anhaltender Reizung ärztlichen Rat einholen. Darf nicht in die Hände von Kindern gelangen.|||||10
2879484|mueller||||||||2024-10-28|Catrice Faked Ultimate Extension Lashes|CATRICE||1|Stk.|Home|Parfümerie|Make-up|Augen|Falsche Wimpern|Catrice Faked Ultimate Extension Lashes||4,45 €|4,45 €||||||||||||||EUR|Home> Parfümerie> Make-up> Augen> Falsche Wimpern> Catrice Faked Ultimate Extension Lashes|https://www.mueller.at/p/catrice-faked-ultimate-extension-lashes-IPN2879484/|1 Stk.|Mit den Faked Lashes ist ein WOW-Auftritt garantiert. Dabei kann zwischen unterschiedlichen Wimpernstyles mit natürlichem bis dramatischem Effekt gewählt werden. Die ultraleichten, künstlichen Wimpern mit integriertem Mini-Wimpernkleber sind wiederverwendbar und können dank ultraflexiblem Wimpernband ganz easy angebracht werden. Pluspunkt: Die Lashes kommen in einer wiederverwendbaren Verpackung, die sich optimal zur Aufbewahrung eignet. Ultraleichte, künstliche Wimpern für ganztägigen TragekomfortMit integriertem Mini-WimpernkleberWiederverwendbar||||||||||||||||||||||Non-Organic||||{'target_group': 'Damen', 'manufacturer': 'cosnova', 'Herstelleradresse': 'Am Limespark 2 - Sulzbach - (D-65843) - New York (NY 10003) – London (EC4A4AB)', 'Kontaktmöglichkeit': 'service@cosnova.eu', 'Anwendungshinweis': 'Mit künstlichen Wimpern lassen sich die natürlichen Wimpern ganz einfach verdichten und verlängern - für einen ausdrucksstarken Augenaufschlag. Dafür einfach die Lashes am Wimpernrand mit Wimpernkleber benetzen, 20 Sekunden warten, mit den Fingern oder einer Pinzette am Wimpernkranz befestigen, leicht andrücken - fertig.', 'package_contents': 'INGREDIENTS (GLUE/KLEBER/COLLE): ACRYLATES/ETHYLHEXYL ACRYLATE COPOLYMER, AQUA (WATER), TOCOPHEROL, ETHYLHEXYLGLYCERIN, PHENOXYETHANOL.', 'Inhalt': '1 Stk.', 'scope_of_application': 'Augen', 'Produkttyp': 'Falsche Wimpern'}||||||||||||||0|0|2879484_1.png|https://static.mueller.de/markant_04059729393630_pv_4545818/pdzoom/catrice-faked-ultimate-extension-lashes.webp|2879484_2.png|https://static.mueller.de/markant_04059729393630_pd_3999064/pdzoom/catrice-faked-ultimate-extension-lashes.webp|2879484_3.png|https://static.mueller.de/markant_04059729393630_pd_3999063/pdzoom/catrice-faked-ultimate-extension-lashes.webp|2879484_4.png|https://static.mueller.de/markant_04059729393630_pd_4499581/pdzoom/catrice-faked-ultimate-extension-lashes.webp|2879484_5.png|https://static.mueller.de/markant_04059729393630_pd_3932891/pdzoom/catrice-faked-ultimate-extension-lashes.webp|2879484_6.png|https://static.mueller.de/markant_04059729393630_pd_4545434/pdzoom/catrice-faked-ultimate-extension-lashes.webp||||||||||||cosnova||||||||||1 Stk.|INGREDIENTS (GLUE/KLEBER/COLLE): ACRYLATES/ETHYLHEXYL ACRYLATE COPOLYMER, AQUA (WATER), TOCOPHEROL, ETHYLHEXYLGLYCERIN, PHENOXYETHANOL.||True||2879484P||||Warnhinweis: Nicht auf empfindliche oder gereizte Haut auftragen. Inneren Augenkontakt vermeiden. Bei Augenkontakt bitte gründlich mit Wasser spülen. Bei Unverträglichkeiten das Produkt nicht mehr verwenden. Bei anhaltender Reizung ärztlichen Rat einholen. Darf nicht in die Hände von Kindern gelangen.|||||10
2879485|mueller||||||||2024-10-28|Catrice Faked Ultra Definition Single Lashes|CATRICE||51|Stk.|Home|Parfümerie|Make-up|Augen|Falsche Wimpern|Catrice Faked Ultra Definition Single Lashes||4,45 €|4,45 €|||||||||||0,87 € / 10 Stk.|||EUR|Home> Parfümerie> Make-up> Augen> Falsche Wimpern> Catrice Faked Ultra Definition Single Lashes|https://www.mueller.at/p/catrice-faked-ultra-definition-single-lashes-IPN2879485/|51 Stk.|Mit den Faked Lashes ist ein WOW-Auftritt garantiert. Dabei kann zwischen unterschiedlichen Wimpernstyles mit natürlichem bis dramatischem Effekt gewählt werden. Die ultraleichten, künstlichen Wimpern mit drei unterschiedlichen Längen sind wiederverwendbar und können dank integriertem Mini-Wimpernkleber ganz easy angebracht werden. Pluspunkt: Die Lashes kommen in einer wiederverwendbaren Verpackung, die sich optimal zur Aufbewahrung eignet. Ultraleichte, künstliche Wimpern für ganztägigen TragekomfortMit integriertem Mini-WimpernkleberWiederverwendbar||||||||||||||||||||||Non-Organic||||{'target_group': 'Damen', 'manufacturer': 'cosnova', 'Herstelleradresse': 'Am Limespark 2 - Sulzbach - (D-65843) - New York (NY 10003) – London (EC4A4AB)', 'Kontaktmöglichkeit': 'service@cosnova.eu', 'Anwendungshinweis': 'Mit künstlichen Wimpern lassen sich die natürlichen Wimpern ganz einfach verdichten und verlängern - für einen ausdrucksstarken Augenaufschlag. Dafür einfach die Lashes am Wimpernband mit Wimpernkleber benetzen, 30 Sekunden warten, mit den Fingern oder einer Pinzette am Wimpernkranz befestigen, leicht andrücken - fertig. Zum Entfernen die künstliche Wimpern vorsichtig abziehen und eventuelle Klebereste mit den Fingern entfernen.', 'package_contents': 'INGREDIENTS (GLUE/KLEBER/COLLE): ACRYLATES/ETHYLHEXYL ACRYLATE COPOLYMER, AQUA (WATER), TOCOPHEROL, ETHYLHEXYLGLYCERIN, PHENOXYETHANOL.', 'Inhalt': '51 Stk.', 'scope_of_application': 'Augen', 'Produkttyp': 'Falsche Wimpern'}||||||||||||||5.0|2|2879485_1.png|https://static.mueller.de/markant_04059729393623_pv_4541523/pdzoom/catrice-faked-ultra-definition-single-lashes.webp|2879485_2.png|https://static.mueller.de/markant_04059729393623_pd_4449646/pdzoom/catrice-faked-ultra-definition-single-lashes.webp|2879485_3.png|https://static.mueller.de/markant_04059729393623_pd_3985994/pdzoom/catrice-faked-ultra-definition-single-lashes.webp|2879485_4.png|https://static.mueller.de/markant_04059729393623_pd_3985995/pdzoom/catrice-faked-ultra-definition-single-lashes.webp|2879485_5.png|https://static.mueller.de/markant_04059729393623_pd_3999055/pdzoom/catrice-faked-ultra-definition-single-lashes.webp|2879485_6.png|https://static.mueller.de/markant_04059729393623_pd_3999058/pdzoom/catrice-faked-ultra-definition-single-lashes.webp||||||||||||cosnova||||||||||51 Stk.|INGREDIENTS (GLUE/KLEBER/COLLE): ACRYLATES/ETHYLHEXYL ACRYLATE COPOLYMER, AQUA (WATER), TOCOPHEROL, ETHYLHEXYLGLYCERIN, PHENOXYETHANOL.||True||2879485P||||Warnhinweis: Nicht auf empfindliche oder gereizte Haut auftragen. Inneren Augenkontakt vermeiden. Bei Augenkontakt bitte gründlich mit Wasser spülen. Bei Unverträglichkeiten das Produkt nicht mehr verwenden. Bei anhaltender Reizung ärztlichen Rat einholen. Darf nicht in die Hände von Kindern gelangen.|||||10
2879488|mueller||||||||2024-10-28|Catrice Glow Exfoliating Overnight Serum|CATRICE||30|ml|Home|Parfümerie|Pflege|Gesichtspflege|Reinigung|Gesichtspeeling|Catrice Glow Exfoliating Overnight Serum|5,95 €|5,95 €|||||||||||198,33 € / 1 l|||EUR|Home> Parfümerie> Pflege> Gesichtspflege> Reinigung> Gesichtspeeling> Catrice Glow Exfoliating Overnight Serum|https://www.mueller.at/p/catrice-glow-exfoliating-overnight-serum-IPN2879488/|30 ml|Sanftes Peeling über Nacht: Das Glow Exfoliating Overnight Serum enthält insgesamt 9% AHA, davon 7% Glykolsäure und 2% Milchsäure, welche die Haut schonend von abgestorbenen Hautzellen befreien. Gleichzeitig trägt die mit 1% Prebiotika angereicherte Formel dazu bei, die Haut im Gleichgewicht zu halten. Das Ergebnis: ein strahlender, ebenmäßiger und feiner aussehender Teint - und das im Schlaf. Peeling-Serum für die NachtMit AHA & PrebiotikaFür einen strahlenden, ebenmäßigeren Teint||||||||||||||||||||||Non-Organic||||{'target_group': 'Damen', 'manufacturer': 'cosnova', 'Herstelleradresse': 'Am Limespark 2, D-65843 Sulzbach am Taunus', 'Kontaktmöglichkeit': 'service@cosnova.eu', 'Anwendungshinweis': 'Dank Pipette lässt sich das Serum ganz einfach dosieren. Nach der Gesichtsreinigung am Abend wird es auf das Gesicht aufgetragen und entfaltet dann nachts im Schlaf seine Wirkung. Am nächsten Morgen können die abgelösten, abgestorbenen Hautzellen entfernt werden und der Teint wirkt sofort verfeinert.', 'package_contents': 'AQUA (WATER), GLYCOLIC ACID, PROPANEDIOL, SODIUM HYDROXIDE, GLYCERIN, LACTIC ACID, INULIN, ENTEROMORPHA COMPRESSA EXTRACT, SILYBUM MARIANUM FRUIT EXTRACT, OCIMUM SANCTUM LEAF EXTRACT, XANTHAN GUM, SODIUM GLUCONATE, CAPRYLYL GLYCOL, CITRIC ACID, PHENOXYETHANOL.', 'skin_type': 'ölige Haut', 'Inhalt': '30 ml', 'scope_of_application': 'Spezialpflege', 'Produkttyp': 'Fixing'}||||||||||||||4.3333|3|2879488_1.png|https://static.mueller.de/markant_04059729399663_pv_4540430/pdzoom/catrice-glow-exfoliating-overnight-serum.webp|2879488_2.png|https://static.mueller.de/markant_04059729399663_pd_4540640/pdzoom/catrice-glow-exfoliating-overnight-serum.webp|2879488_3.png|https://static.mueller.de/markant_04059729399663_pd_4947891/pdzoom/catrice-glow-exfoliating-overnight-serum.webp|2879488_4.png|https://static.mueller.de/markant_04059729399663_pd_4947892/pdzoom/catrice-glow-exfoliating-overnight-serum.webp|2879488_5.png|https://static.mueller.de/markant_04059729399663_pd_4947890/pdzoom/catrice-glow-exfoliating-overnight-serum.webp|2879488_6.png|https://static.mueller.de/markant_04059729399663_pd_4540641/pdzoom/catrice-glow-exfoliating-overnight-serum.webp||||||||||||cosnova||||||||||30 ml|AQUA (WATER), GLYCOLIC ACID, PROPANEDIOL, SODIUM HYDROXIDE, GLYCERIN, LACTIC ACID, INULIN, ENTEROMORPHA COMPRESSA EXTRACT, SILYBUM MARIANUM FRUIT EXTRACT, OCIMUM SANCTUM LEAF EXTRACT, XANTHAN GUM, SODIUM GLUCONATE, CAPRYLYL GLYCOL, CITRIC ACID, PHENOXYETHANOL.||True||2879488P||||Warnhinweis: Enthält Alpha-Hydroxysäure (AHA). Kann die Haut empfindlicher gegenüber Sonne machen. Sonnenschutz verwenden und die Haut direkt sowie bis zu einer Woche nach der Anwendung begrenzt der Sonne aussetzen. Bei Hautirritationen sofort abspülen. Bei anhaltender Reizung ärztlichen Rat einholen.|||||10
2879489|mueller||||||||2024-10-28|Catrice Glow Super Vitamin Serum|CATRICE||30|ml|Home|Parfümerie|Pflege|Gesichtspflege|Spezialpflege|Seren & Ampullen|Catrice Glow Super Vitamin Serum|5,95 €|5,95 €|||||||||||198,33 € / 1 l|||EUR|Home> Parfümerie> Pflege> Gesichtspflege> Spezialpflege> Seren & Ampullen> Catrice Glow Super Vitamin Serum|https://www.mueller.at/p/catrice-glow-super-vitamin-serum-IPN2879489/|30 ml|Das Glow Super Vitamin Serum von CATRICE ist ein absolutes Highlight für alle Skintellectuals. Die pflegende Formulierung ist mit einem Vitamin-Komplex aus 2% Vitamin C, 8% Niacinamid und 1% Vitamin E angereichert - insgesamt versorgt das flüssige Serum die Haut mit Feuchtigkeit und Nährstoffen. Ein gesund aussehender Glow und strahlender Teint ist garantiert. Zudem zieht die Textur schnell ein und ist ohne Duftstoffe. Feuchtigkeitsspendendes, nährendes PflegeserumMit Vitamin-Komplex aus Vitamin C, Niacinamid & Vitamin E, ohne DuftstoffeFür einen sofortigen Glow-Boost||||||||||||||||||||||Non-Organic||||"{'target_group': 'Damen', 'manufacturer': 'cosnova', 'Herstelleradresse': 'Frankfurt (D-65843)', 'Kontaktmöglichkeit': 'service@cosnova.eu', 'Anwendungshinweis': 'Das pflegende Gesichtsserum lässt sich ganz einfach in die tägliche Beauty-Routine integrieren: einfach morgens oder abends nach der Gesichtsreinigung ein paar Tropfen Serum auf Gesicht, Hals und Dekolleté auftragen, sanft einmassieren und einziehen lassen. Anschließend kann die normale Tages- oder Nachtpflege aufgetragen werden.', 'package_contents': 'AQUA (WATER), NIACINAMIDE, OLUS OIL (VEGETABLE OIL), BUTYLENE GLYCOL, SODIUM ASCORBYL PHOSPHATE, TOCOPHEROL, PROPYLENE GLYCOL, CITRUS LIMON (LEMON) FRUIT EXTRACT, ANANAS SATIVUS (PINEAPPLE) FRUIT EXTRACT, JOJOBA ESTERS, HELIANTHUS ANNUUS (SUNFLOWER) SEED WAX, POLYGLYCERIN-3, CETEARYL ALCOHOL, ACACIA SENEGAL GUM, XANTHAN GUM, CAPRYLYL GLYCOL, GLYCERIN, SODIUM STEAROYL GLUTAMATE, GLYCERYL STEARATE, ETHYLHEXYLGLYCERIN, EUTERPE OLERACEA FRUIT EXTRACT, CITRIC ACID, SODIUM HYDROXIDE, PHENOXYETHANOL, POTASSIUM SORBATE, SORBIC ACID.', 'product_property': 'feuchtigkeitsspendend|pflegend|reichhaltig|hautbildverfeinernd|glättend', 'Inhalt': '30 ml', 'scope_of_application': 'Spezialpflege', 'Produkttyp': 'Lotion'}"||||||||||||||0|0|2879489_1.png|https://static.mueller.de/markant_04059729376329_pv_4545717/pdzoom/catrice-glow-super-vitamin-serum.webp|2879489_2.png|https://static.mueller.de/markant_04059729376329_pd_3931979/pdzoom/catrice-glow-super-vitamin-serum.webp|2879489_3.png|https://static.mueller.de/markant_04059729376329_pd_4545611/pdzoom/catrice-glow-super-vitamin-serum.webp|2879489_4.png|https://static.mueller.de/markant_04059729376329_pd_4947884/pdzoom/catrice-glow-super-vitamin-serum.webp|2879489_5.png|https://static.mueller.de/markant_04059729376329_pd_3998950/pdzoom/catrice-glow-super-vitamin-serum.webp|2879489_6.png|https://static.mueller.de/markant_04059729376329_pd_4947883/pdzoom/catrice-glow-super-vitamin-serum.webp||||||||||||cosnova||||||||||30 ml|AQUA (WATER), NIACINAMIDE, OLUS OIL (VEGETABLE OIL), BUTYLENE GLYCOL, SODIUM ASCORBYL PHOSPHATE, TOCOPHEROL, PROPYLENE GLYCOL, CITRUS LIMON (LEMON) FRUIT EXTRACT, ANANAS SATIVUS (PINEAPPLE) FRUIT EXTRACT, JOJOBA ESTERS, HELIANTHUS ANNUUS (SUNFLOWER) SEED WAX, POLYGLYCERIN-3, CETEARYL ALCOHOL, ACACIA SENEGAL GUM, XANTHAN GUM, CAPRYLYL GLYCOL, GLYCERIN, SODIUM STEAROYL GLUTAMATE, GLYCERYL STEARATE, ETHYLHEXYLGLYCERIN, EUTERPE OLERACEA FRUIT EXTRACT, CITRIC ACID, SODIUM HYDROXIDE, PHENOXYETHANOL, POTASSIUM SORBATE, SORBIC ACID.||True||2879489P||||Kühl und dunkel lagern.|||||10
995989|mueller||||||||2024-10-28|Das Ding aus einer anderen Welt - Ungekürzte Fassung|||1|Stk.|Home|Multi-Media|Filme & TV|Horror|Das Ding aus einer anderen Welt - Ungekürzte Fassung|||7,99 €|7,99 €||||||||||||||EUR|Home> Multi-Media> Filme & TV> Horror> Das Ding aus einer anderen Welt - Ungekürzte Fassung|https://www.mueller.at/p/das-ding-aus-einer-anderen-welt-ungekuerzte-fassung-995989/|1 Stk.|Im Winter 1982 entdeckt ein zwölfköpfiges Wissenschaftlerteam in einer entlegenen Forschungsstation am Südpol einen Außerirdischen, der über 100.000 Jahre im Schnee begraben war. Als er aufgetaut ist, tritt der Alien in immer wieder neuer Gestalt auf, verbreitet Panik unter den Forschern und wird schließlich einer von ihnen...||||||||||||||||||||||Non-Organic||||"{'medium': 'Blu-ray Disc', 'Untertitel': 'Deutsch,Englisch,Französisch,Italienisch,Spanisch,Japanisch,Koreanisch,Schwedisch,Dänisch,Finnisch,Holländisch,Norwegisch,Polnisch,Mandarin', 'manufacturer': 'Universal Pictures Germany GmbH', 'Bildformat': 'HD|Widescreen', 'Zusatzinfos / Bonusmaterial beim Film dabei': 'Filmkommentar mit Regisseur John Carpenter und Kurt Russell;\nDer Terror nimmt Gestalt an;\nProduktionshintergrund;\nBesetzung, Produktion, Fotogalerie;\nStoryboards;\nDrehort-Design;\nProduktionsarchive;\nDie Untertasse;\nDas Blair-Monster;\nBerpatzte Szenen;\nPost-Produktion;\nOriginal-Kinotrailer;\nMaine Szenen: Markiere die besten Filmszenen!;\nBild-im-Bild;\nU-Control;', 'Inhalt': '1 Stk.', 'Laufzeit in min (gesamt)': '109', 'Produktionsjahr': '1981', 'Produktionsland': 'USA', 'Regisseur': 'John Carpenter', 'Schauspieler': 'Keith David,T.K. Carter,David Clennon,Richard Dysart,Charles Hallahan,Peter Maloney,Richard Masur,Donald Moffat,Joel Polis,Kurt Russell,Wilford Brimley,Ulrich Thomsen,Joel Edgerton,Mary Elizabeth Winstead', 'Special Edition': 'Nein', 'Tonformat-Sprache': 'Deutsch,Französisch,Italienisch,Englisch,Spanisch', 'packaging_type': 'Softbox', 'Hauptgenre': 'Horror|Science Fiction'}"||||||||||||||5.0|2|995989_1.png|https://static.mueller.de/videojakob_5050582750355_pv_300037/pdzoom/das-ding-aus-einer-anderen-welt-ungekuerzte-fassung.webp|995989_2.png|https://static.mueller.de/pdzoom/videojakob_5050582750355_pr_300037-back.webp|995989_3.png|https://static.mueller.de/videojakob_5050582750355_pd_66631273/pdzoom/das-ding-aus-einer-anderen-welt-ungekuerzte-fassung.webp|995989_4.png|https://static.mueller.de/videojakob_5050582750355_pd_66631711/pdzoom/das-ding-aus-einer-anderen-welt-ungekuerzte-fassung.webp|995989_5.png|https://static.mueller.de/videojakob_5050582750355_pd_66632414/pdzoom/das-ding-aus-einer-anderen-welt-ungekuerzte-fassung.webp|995989_6.png|https://static.mueller.de/videojakob_5050582750355_pd_66632867/pdzoom/das-ding-aus-einer-anderen-welt-ungekuerzte-fassung.webp||||||||||||Universal Pictures Germany GmbH||||||||||1 Stk.|||False||995989P|||||||||1
2062386|mueller||||||||2024-10-28|Tadé Bimsstein schwarz 100% Lavagestein|TADE||1|Stk.|Home|Parfümerie|Accessoires|Hand- & Fußpflege|Hornhautentferner|Tadé Bimsstein schwarz 100% Lavagestein||6,59 €|6,59 €||||||||||||||EUR|Home> Parfümerie> Accessoires> Hand- & Fußpflege> Hornhautentferner> Tadé Bimsstein schwarz 100% Lavagestein|https://www.mueller.at/p/tade-bimsstein-schwarz-100-lavagestein-2062386/|1 Stk.|Natürliches und intensives Peeling und Hornhautentfernung an harten und schwieligen Hautstellen ohne Chemie.||||||||||||||||||||||Non-Organic||||{'Anwendungshinweis': 'Auf trockener oder feuchter Haut anwenden und durch Druck und kreisende Bewegungen die Haut peelen und die Hornhaut entfernen', 'Inhalt': '1 Stk.', 'Produkttyp': 'Bimssteine'}||||||||||||||0|0|2062386_1.png|https://static.mueller.de/6007532400-PV-0/pdzoom/tade-bimsstein-schwarz-100-lavagestein.webp||||||||||||||||||||||||||||||||1 Stk.|||False||2062386P|||||||||1
2365878|mueller||||||||2024-10-28|snakebyte PS4 Twin:Charge 4™ (black)|||1|Stk.|Home|Multi-Media|Unterhaltungselektronik|Kabel & Adapter|snakebyte PS4 Twin:Charge 4™ (black)|||19,99 €|19,99 €||||||||||||||EUR|Home> Multi-Media> Unterhaltungselektronik> Kabel & Adapter> snakebyte PS4 Twin:Charge 4™ (black)|https://www.mueller.at/p/snakebyte-ps4-twin-charge-4-black-2365878/|1 Stk.|Mit der Twin:Charge 4™ Ladestation von snakebyte sind deine Controller jederzeit bereit für Action. Zwei Controller können gleichzeitig und ohne weitere Kabel geladen werden, während die LEDs auf der Vorderseite den Ladestatus anzeigen. Das Design ist genau auf die PlayStation 4 abgestimmt, um zum Look deiner Lieblingskonsole zu passen.||||||||||||||||||||||Non-Organic||||{'Inhalt': '1 Stk.', 'Produkttyp': 'Gaming Zubehör'}||||||||||||||0|0|2365878_1.png|https://static.mueller.de/6136348946-PV-0/pdzoom/snakebyte-ps4-twin-charge-4-black.webp|2365878_2.png|https://static.mueller.de/6136348946-PB-1/pdzoom/snakebyte-ps4-twin-charge-4-black.webp|2365878_3.png|https://static.mueller.de/6136348946-PB-2/pdzoom/snakebyte-ps4-twin-charge-4-black.webp|2365878_4.png|https://static.mueller.de/6136348946-PB-3/pdzoom/snakebyte-ps4-twin-charge-4-black.webp|2365878_5.png|https://static.mueller.de/6136348946-PB-4/pdzoom/snakebyte-ps4-twin-charge-4-black.webp|2365878_6.png|https://static.mueller.de/6136348946-PB-5/pdzoom/snakebyte-ps4-twin-charge-4-black.webp||||||||||||||||||||||1 Stk.|||True||2365878P|||||||||3
2390822|mueller||||||||2024-10-28|alviana Hydrate & Shine Shampoo für strapaziertes Haar|ALVIANA||200|ml|Home|Parfümerie|Pflege|Haarpflege|Haarwäsche|alviana Hydrate & Shine Shampoo  für strapaziertes Haar||3,19 €|3,19 €|||||||||||15,95 € / 1 l|||EUR|Home> Parfümerie> Pflege> Haarpflege> Haarwäsche> alviana Hydrate & Shine Shampoo  für strapaziertes Haar|https://www.mueller.at/p/alviana-hydrate-shine-shampoo-fuer-strapaziertes-haar-2390822/|200 ml|Das alviana Hydrate & Shine Shampoo repariert geschädigtes Haar. Die Formulierung mit Bio-Aloe Vera spendet Feuchtigkeit, sorgt für einen natürlichen Glanz und leicht kämmbares Haar.||||||||||||||||||||||Non-Organic||||"{'Effekt': 'Glanz', 'hair_type': 'glanzloses Haar', 'target_group': 'Damen|Herren|Unisex', 'manufacturer': 'Bonano GmbH', 'Herstelleradresse': 'Carl-Benz-Straße 9, DE-64653 Lorsch', 'Kontaktmöglichkeit': 'info@alviana.de', 'dermatologically_tested': 'Ja', 'Anwendungshinweis': 'Anwendung gemäß Produktbezeichnung', 'package_contents': 'gereinigtes Wasser, Kokostenside, Zuckertenside, Alkylamidobetain, Polyglyceryl-4 Caprate, Natriumbenzoat, Natriumchlorid, pflanzliches Glycerin, Kaliumsorbat, Parfum, Zuckertensid, Glyceryloleat, Zitronensäure, Granatapfelextrakt*, Brennnessel Extrakt*, Aloe Vera Saft*, Oligofruktose, Phytinsäure, Traubenkernöl*, Brokkolisamenöl*, Vitamin E, Gehärtete Pflanzenfette   * Rohstoffe aus kontrolliert biologischem Anbau  ** aus natürlichen ätherischen Ölen', 'product_property': 'regenerierend|reinigend|geschmeidig', 'Inhalt': '200 ml', 'Produkttyp': 'Haarshampoo'}"||||||||||||||0|0|2390822_1.png|https://static.mueller.de/pdzoom/4260167185682.webp||||||||||||||||||||||Bonano GmbH||||||||||200 ml|gereinigtes Wasser, Kokostenside, Zuckertenside, Alkylamidobetain, Polyglyceryl-4 Caprate, Natriumbenzoat, Natriumchlorid, pflanzliches Glycerin, Kaliumsorbat, Parfum, Zuckertensid, Glyceryloleat, Zitronensäure, Granatapfelextrakt*, Brennnessel Extrakt*, Aloe Vera Saft*, Oligofruktose, Phytinsäure, Traubenkernöl*, Brokkolisamenöl*, Vitamin E, Gehärtete Pflanzenfette   * Rohstoffe aus kontrolliert biologischem Anbau  ** aus natürlichen ätherischen Ölen||True||2390822P|||||||||10
2365884|mueller||||||||2024-10-28|44/876|||1|Stk.|Home|Multi-Media|Musik|Pop|44/876|||6,00 €|6,00 €||||||||||||||EUR|Home> Multi-Media> Musik> Pop> 44/876|https://www.mueller.at/p/44-876-2365884/|1 Stk.|||||||||||||||||||||||Non-Organic||||{'medium': 'CD', 'Künstler': 'Sting & Shaggy', 'Inhalt': '1 Stk.', 'Anzahl Medien im Artikel': '1', 'genre': 'Pop international', 'Label': 'Interscope'}||||||||||||||0|0|2365884_1.png|https://static.mueller.de/pdzoom/phononet_0602567473824_pv_0602567473824-0600px-001.webp||||||||||||||||||||||||||||||||1 Stk.|||True||2365884P|||||||||5
2062372|mueller||||||||2024-10-28|Alnatura Bio Edition La Mancha Tinto|ALNATURA||250|ml|Home|Naturshop|Lebensmittel|Getränke|Wein|Alnatura Bio Edition La Mancha Tinto||1,99 €|1,99 €|||||||||||7,96 € / 1 l|||EUR|Home> Naturshop> Lebensmittel> Getränke> Wein> Alnatura Bio Edition La Mancha Tinto|https://www.mueller.at/p/alnatura-bio-edition-la-mancha-tinto-2062372/|250 ml|Ein trockener spanischer Rotwein in Bio-Qualität. Aus Tempranillo-Trauben hergestellt und in eine kleine Flasche abgefüllt, schmeckt er harmonisch und würzig-fruchtig mit weichen Tanninen. Vegan. Bio-Qualitättrockener Rotwein aus Spanienin der kleinen Flascheharmonisch und würzig-fruchtig mit weichen Tanninen, aus der Rebsorte Tempranillovegan||||||||||||||||||||||Organic||||"{'Weinfarbe': 'rot', 'Geschmack': 'trocken', 'vintage': '2023', 'manufacturer': 'Bodegas Morgante S.L.', 'Herstelleradresse': 'La Roda (Albacete), Spanien - CLM-814/AB', 'Kontaktmöglichkeit': 'www.alnatura.de', 'Öko-Kontrollstelle': 'ES-ECO-002-CM', 'Inhalt': '250 ml', 'Bio': 'Ja', 'Eigenschaften': 'vegetarisch gemaeß Rezeptur|vegan laut Zutaten', 'Lebensmittel Alkoholgehalt': '13 %', 'Zutaten': 'Enthält Sulfite', 'Geschmackstyp': 'DRY'}"|||||||||||trocken|||0|0|2062372_1.png|https://static.mueller.de/markant_04104420185111_pv_4216212/pdzoom/alnatura-bio-edition-la-mancha-tinto.webp||||||||||||||||||||||Bodegas Morgante S.L.||||||['\n          13 %']||||250 ml|||True||2062372P|||||||||6
61635|mueller||||||||2024-10-28|Meßmer Kräutertee Fenchel|MEßMER||75|g|Home|Drogerie|Lebensmittel|Tee & Kaffee|Tee|Meßmer Kräutertee Fenchel||2,99 €|2,99 €|||||||||||39,87 € / 1 kg|||EUR|Home> Drogerie> Lebensmittel> Tee & Kaffee> Tee> Meßmer Kräutertee Fenchel|https://www.mueller.at/p/messmer-kraeutertee-fenchel-61635/|75 g|Bereits die alten Ägypter schätzten die Bekömmlichkeit des Fenchels, den sie gern zur wohltuenden Abrundung einer Mahlzeit nutzten. Der leicht süßliche Geschmack macht Fenchel auch bei Kindern sehr beliebt. Unsere Meßmer Tee-Experten wählen nur die besten Fenchelqualitäten und mischen diese zu einem feinaromatischen Genusserlebnis.||Vor Wärme geschützt und trocken lagern.|||||||||{'Nährwerte je': '100  ml', 'Brennwert': '3 kj / 1 kcal', 'Fett in g': '0.0 g', '- davon gesättigte Fettsäuren in g': '0.0 g', 'Kohlenhydrate in g': '0.2 g', '- davon Zucker in g': '0.1 g', 'Eiweiß in g': '0.0 g', 'Salz in g': '0.0 g'}|||||||||||Non-Organic||||{'Lagerhinweis': 'Vor Wärme geschützt und trocken lagern.', 'manufacturer': 'Meßmer Tee-Gesellschaft mbH', 'Herstelleradresse': 'Bosteler Feld 6, 21218 Seevetal, Deutschland', 'Kontaktmöglichkeit': 'www.messmer.de', 'Inhalt': '75 g', 'Zutaten': 'Fenchel', 'Produkttyp': 'Kräutertee', 'Zubereitungshinweis': 'WICHTIGER HINWEIS: Für eine Tasse immer 1 Teebeutel und mindestens 4 Teebeutel für eine Kanne (1 l) nehmen. Immer mit sprudelnd kochendem Wasser aufgießen und 6 Minuten ziehen lassen! Nur so erhältst du ein sicheres Lebensmittel!'}||||||||||||||0|0|61635_1.png|https://static.mueller.de/markant_04001257157000_pv_3973713/pdzoom/messmer-kraeutertee-fenchel.webp||||||||||||||||||||||Meßmer Tee-Gesellschaft mbH||||||||||75 g|||True||61635P|||||||||10
3013704|mueller||||||||2024-10-28|Lumineo Mikro-LED Konus Wicker|LUMINEO||1|Stk.|Home|Haushalt|Wohnen & Dekorieren|Deko-Zubehör|Lumineo Mikro-LED Konus Wicker|||18,99 €|18,99 €||||||||||||||EUR|Home> Haushalt> Wohnen & Dekorieren> Deko-Zubehör> Lumineo Mikro-LED Konus Wicker|https://www.mueller.at/p/lumineo-mikro-led-konus-wicker-IPN3013704/|1 Stk.|Mikro-LED Konus Wicker natur warmweiß||||||||||||||||||||||Non-Organic||||{'manufacturer': 'Kaemingk GmbH', 'Herstelleradresse': 'Broekstraat 13, NL-7122 MN Aalten', 'Kontaktmöglichkeit': 'info@ksd-deco.com', 'Materialdetails': 'Rattan', 'Material': 'Rattan', 'Höhe': '60 cm', 'Durchmesser': '18 cm', 'Inhalt': '1 Stk.'}||||||||Rattan||||||0|0|3013704_1.png|https://static.mueller.de/pdzoom/8720194825051_PV.webp|3013704_2.png|https://static.mueller.de/pdzoom/8720194825051_2.webp||||||||||||||||||||Kaemingk GmbH||||||||||1 Stk.|||True||3013704P|||||||||10
3013706|mueller||||||||2024-10-28|Kleines Einhorn Funkelstern. Puste das Licht aus! Schlafenszeit im Wunschwald|||1|Stk.|Home|Spielwaren|Buch & Schulbedarf|Kinder- & Jugendbücher|Kleines Einhorn Funkelstern. Puste das Licht aus! Schlafenszeit im Wunschwald|||15,50 €|15,50 €||||||||||||||EUR|Home> Spielwaren> Buch & Schulbedarf> Kinder- & Jugendbücher> Kleines Einhorn Funkelstern. Puste das Licht aus! Schlafenszeit im Wunschwald|https://www.mueller.at/p/kleines-einhorn-funkelstern-puste-das-licht-aus-schlafenszeit-im-wunschwald-IPN3013706/|1 Stk.|Pappbilderbuch mit 4 LED-Lichtern zum Auspusten Einhorn Funkelstern feiert im Wunschwald mit seinen Freunden Geburtstag ? bis in den Abend hinein. Zeit zum Schlafengehen! Erst noch die Kerzen auspusten und dann bringt Finya einen nach dem anderen nach Hause. Überall gibt es Lichter auszupusten, damit am Ende alle gut schlafen können, auch Finya Funkelstern.   Außerdem bei Arena erschienen: Kleines Einhorn Funkelstern (1). Schön, dass wir Freunde sind Kleines Einhorn Funkelstern (2). Mit dir werden Wünsche wahr Kleines Einhorn Funkelstern (3). Die Suche nach dem Weihnachtszauber Kleines Einhorn Funkelstern (4). Du kannst zaubern ? wunderbar!||||||||||||||||||||||Non-Organic||||{'target_group': 'Kleinkinder', 'license': '0', 'genre': 'Bilderbücher', 'author': 'Berg, Mila', 'Einband': 'Pappbilderbuch', 'publishing_year': '2024', 'Batterie-Typ': 'Al/Mn', 'Inhalt': '1 Stk.', 'ISBN Ausgangsbuch': '9783401721019', 'Produkttyp': 'Kinder- & Jugendbücher', 'page_number': '12'}||||||||||||||0|0|3013706_1.png|https://static.mueller.de/pdzoom/9783401721019.webp|3013706_2.png|https://static.mueller.de/pdzoom/9783401721019_innenansicht_01.webp||||||||||||||||||||||||||||||1 Stk.|||True||3013706P|||||||||10
3013707|mueller||||||||2024-10-28|Städter Ausstechform Totenkopf|STÄDTER||10|Stk.|Home|Haushalt|Kochen & Backen|Auflauf- & Backformen|Städter Ausstechform Totenkopf|||3,50 €|3,50 €|3,50 €|2,99 €||||15%|Sie sparen 15%||||2,99 € / 10 Stk.|||EUR|Home> Haushalt> Kochen & Backen> Auflauf- & Backformen> Städter Ausstechform Totenkopf|https://www.mueller.at/p/staedter-ausstechform-totenkopf-IPN3013707/|10 Stk.|Kleine Piraten und Seeräuber freuen sich besonders über diesen Ausstecher. Mit diesen Präge-Ausstechern kommt Freude auf – und das nicht nur bei Kindern. Mit diesen Ausstechformen lassen sich feine Motive ausstechen. Mithilfe des integrierten Auswerfers bringen Sie die Kekse ganz leicht auf das Backblech, ohne dass die feinen Konturen zerstört werden. Die Prägungen sind auch auf dem gebackenen Keks noch sehr gut zu erkennen. Nach dem Backen lassen sich die Plätzchen nach Herzenslust mit Speisefarben-Stiften, Zuckerguss, Schokolade oder Zuckerperlen verzieren. Nicht nur für Keksteig, auch für Fondant, Marzipan und andere Modelliermassen wie Knete oder Wachs bestens geeignet. Wir bieten Ihnen eine Vielzahl an Motiven. Hier ist bestimmt für jeden etwas dabei. Viel Spaß beim Backen und Genießen! Die Ausstechformen sind aus lebensmittelechtem, stabilem Polypropylen gefertigt. Dieser Kunststoff ist sehr robust und für Kinderhände gut geeignet. Wir empfehlen, die Ausstechform unmittelbar nach Gebrauch zu reinigen und unter fließend warmem Wasser abzuspülen. Natürlich lassen sich die Profi-Ausstecher auch in der Spülmaschine reinigen. Große Viecher, kleine Tiere: Mehr Ausstechformen aus der Tierwelt gibt es in großer Auswahl in der entsprechenden Kategorie!||||||||||||||||||||||Non-Organic||||"{'Geeignet für': 'Spuelmaschinen', 'manufacturer': 'STÄDTER GmbH', 'Herstelleradresse': 'Am Kreuzweg 1, DE- 35469 Allendorf/Lumda', 'Kontaktmöglichkeit': 'info@staedter.de', 'Materialdetails': 'Kunststoff - PP lebensmittelecht', 'Material': 'Kunststoff|Polypropylen', 'Höhe': '5.6 cm', 'Breite': '7 cm', 'Inhalt': '10 Stk.'}"||||||||Kunststoff - PP lebensmittelecht||||||0|0|3013707_1.png|https://static.mueller.de/pdzoom/4018598171886_1.webp|3013707_2.png|https://static.mueller.de/pdzoom/4018598171886_5.webp|3013707_3.png|https://static.mueller.de/pdzoom/4018598171886_4.webp|3013707_4.png|https://static.mueller.de/pdzoom/4018598171886_3.webp|3013707_5.png|https://static.mueller.de/pdzoom/4018598171886_7.webp|3013707_6.png|https://static.mueller.de/pdzoom/4018598171886_6.webp||||||||||||STÄDTER GmbH||||||||||10 Stk.|||True||3013707P|||||Spuelmaschinen||||10
642111|mueller||||||||2024-10-28|MOVE UP Damen Feinstrumpfhose mit Anti-Rutsch-Sohle 15 DEN|MOVE UP||1|Stk.|Home|Strümpfe|Damen|Strumpfhosen|MOVE UP Damen Feinstrumpfhose mit Anti-Rutsch-Sohle 15 DEN|||5,99 €|5,99 €||||||||||||||EUR|Home> Strümpfe> Damen> Strumpfhosen> MOVE UP Damen Feinstrumpfhose mit Anti-Rutsch-Sohle 15 DEN|https://www.mueller.at/p/move-up-damen-feinstrumpfhose-mit-anti-rutsch-sohle-15-den-6199630271/|1 Stk.|Perfekter Halt – Klassisch-elegante Strumpfhose mit Anti-Rutsch-Sohle. Die speziell entwickelte Sohle sorgt für einen besseren Halt im Schuh, besonders in Schuhen mit hohen Absätzen. Das weiche, durchgehend unverstärkte Material mit nicht drückender Flachnaht und der Baumwoll-Zwickel sorgen für einen angenehmen Tragekomfort.||||||||||||||||||||||Non-Organic||||{'Muster': 'Nein', 'DEN': '15', 'Pflegehinweis': 'Schonwaschgang 30°C, Nicht bleichen, Nicht im Wäschetrockner trocknen, Nicht bügeln, Nicht trockenreinigen', 'target_group': 'Damen', 'manufacturer': 'Wilox Strumpfwaren GmbH', 'Herstelleradresse': 'Gewerbestraße 10, D-87787 Wolfertschwenden', 'Kontaktmöglichkeit': 'produkt@wilox.de', 'Materialdetails': '88% Polyamid <br> 12% Elastan', 'Farbe': 'perle', 'Inhalt': '1 Stk.'}||||||perle||88% Polyamid <br> 12% Elastan||||||5.0|4|642111_1.png|https://static.mueller.de/6137230431-PV-0/pdzoom/move-up-damen-feinstrumpfhose-mit-anti-rutsch-sohle-15-den.webp|642111_2.png|https://static.mueller.de/6199630271-VV-1/pdzoom/move-up-damen-feinstrumpfhose-mit-anti-rutsch-sohle-15-den.webp|642111_3.png|https://static.mueller.de/6199630271-VR-2/pdzoom/move-up-damen-feinstrumpfhose-mit-anti-rutsch-sohle-15-den.webp||||||||||||Schonwaschgang 30°C, Nicht bleichen, Nicht im Wäschetrockner trocknen, Nicht bügeln, Nicht trockenreinigen||||||Wilox Strumpfwaren GmbH||||||||||1 Stk.|||True||642111P|||||||||10
2390815|mueller||||||||2024-10-28|alviana Natural Volume Shampoo für feines Haar|ALVIANA||200|ml|Home|Parfümerie|Pflege|Haarpflege|Haarwäsche|alviana Natural Volume Shampoo  für feines Haar||3,19 €|3,19 €|||||||||||15,95 € / 1 l|||EUR|Home> Parfümerie> Pflege> Haarpflege> Haarwäsche> alviana Natural Volume Shampoo  für feines Haar|https://www.mueller.at/p/alviana-natural-volume-shampoo-fuer-feines-haar-2390815/|200 ml|Das alviana Natural Volume Shampoo wurde für die Ansprüche von feinem, kraftlosem Haar entwickelt. Seine milde, silikonfreie Rezeptur reinigt sanft und gründlich, ohne zu beschweren. Der Wirkstoffkomplex mit Bio-Melissenextrakt beruhigt und harmonisiert. So wird müdes Haar in seiner Struktur gestärkt, sieht gesund aus und erhält Glanz sowie geschmeidige Fülle. Für die tägliche Haarwäsche gut geeignet.||||||||||||||||||||||Non-Organic||||"{'hair_type': 'feines Haar', 'Effekt': 'Volumen|Fülle', 'target_group': 'Damen', 'manufacturer': 'Bonano GmbH', 'Herstelleradresse': 'Carl-Benz-Straße 9, DE-64653 Lorsch', 'Kontaktmöglichkeit': 'info@alviana.de', 'dermatologically_tested': 'Ja', 'Anwendungshinweis': 'Das Shampoo in das nasse Haar einmassieren und gründlich auswaschen.', 'package_contents': 'Gereinigtes Wasser, Kokostenside, Zuckertenside, Alkylamidobetain, Polyglyceryl-4 Caprate, pflanzliches Glycerin, Natriumbenzoat, Kaliumsorbat, Natriumchlorid, Limonene, Zuckertensid, Glycerinoleat, Zitronensäure, Ringelblumenextrakt*, Melissenextrakt*, Süßorangenöl*, Oligofruktose, Phytinsäure, Rosmarinextrakt*, Vitamin E, Gehärtete Pflanzenfette   *Rohstoffe aus kontrolliert biologischem Anbau', 'product_property': 'reinigend|duftend|stärkend|geschmeidig', 'Inhalt': '200 ml', 'Produkttyp': 'Haarshampoo'}"||||||||||||||0|0|2390815_1.png|https://static.mueller.de/pdzoom/4260167185729.webp||||||||||||||||||||||Bonano GmbH||||||||||200 ml|Gereinigtes Wasser, Kokostenside, Zuckertenside, Alkylamidobetain, Polyglyceryl-4 Caprate, pflanzliches Glycerin, Natriumbenzoat, Kaliumsorbat, Natriumchlorid, Limonene, Zuckertensid, Glycerinoleat, Zitronensäure, Ringelblumenextrakt*, Melissenextrakt*, Süßorangenöl*, Oligofruktose, Phytinsäure, Rosmarinextrakt*, Vitamin E, Gehärtete Pflanzenfette   *Rohstoffe aus kontrolliert biologischem Anbau||True||2390815P|||||||||7
2365892|mueller||||||||2024-10-28|snakebyte PS4 Head:Set 4|||1|Stk.|Home|Multi-Media|Konsolen & Zubehör|Headsets & Gaming-Kopfhörer|snakebyte PS4 Head:Set 4|||19,99 €|19,99 €||||||||||||||EUR|Home> Multi-Media> Konsolen & Zubehör> Headsets & Gaming-Kopfhörer> snakebyte PS4 Head:Set 4|https://www.mueller.at/p/snakebyte-ps4-head-set-4-2365892/|1 Stk.|Mit dem Head:Set™ für PlayStation 4 von snakebyte seid ihr bereit für die nächste Multiplayer Session. Das Mono-Headset ist kompatibel mit dem DualShock 4 Controller und lässt sich schnell und einfach anschließen. Der einstellbare Bügel und das flexible Mikrofon sorgen für optimalen Tragekomfort. Das ein Meter lange Kabel verfügt über einen Lautstärkeregler und eine Mute Funktion für euer Mikrofon.||||||||||||||||||||||Non-Organic||||{'Inhalt': '1 Stk.', 'Produkttyp': 'Gaming-Kopfhörer'}||||||||||||||0|0|2365892_1.png|https://static.mueller.de/6660789176-PV-0/pdzoom/snakebyte-ps4-head-set-4.webp|2365892_2.png|https://static.mueller.de/6660789176-PB-1/pdzoom/snakebyte-ps4-head-set-4.webp|2365892_3.png|https://static.mueller.de/6660789176-PB-2/pdzoom/snakebyte-ps4-head-set-4.webp|2365892_4.png|https://static.mueller.de/6660789176-PB-3/pdzoom/snakebyte-ps4-head-set-4.webp|2365892_5.png|https://static.mueller.de/6660789176-PB-4/pdzoom/snakebyte-ps4-head-set-4.webp|2365892_6.png|https://static.mueller.de/6660789176-PB-5/pdzoom/snakebyte-ps4-head-set-4.webp||||||||||||||||||||||1 Stk.|||False||2365892P|||||||||1
2062361|mueller||||||||2024-10-28|Alnatura Bio Edition La Mancha Rosado|ALNATURA||750|ml|Home|Naturshop|Lebensmittel|Getränke|Wein|Alnatura Bio Edition La Mancha Rosado||2,99 €|2,99 €|||||||||||3,99 € / 1 l|||EUR|Home> Naturshop> Lebensmittel> Getränke> Wein> Alnatura Bio Edition La Mancha Rosado|https://www.mueller.at/p/alnatura-bio-edition-la-mancha-rosado-2062361/|750 ml|Der trockene spanische Roséwein in Bio-Qualität verspricht mediterranen Genuss. Hergestellt aus Tempranillo-Trauben, bringt er Aromen von Himbeere und Kirsche ins Glas. Vegan. Bio-Qualitättrockener Roséwein aus Spanienmediterraner Genuss: gehaltvoll mit Aromen von Himbeere und Kirscheaus Tempranillo-Traubenvegan||||||||||||||||||||||Organic||||"{'Weinfarbe': 'rosé', 'Geschmack': 'trocken', 'vintage': '2023', 'manufacturer': 'Peter Riegel Weinimport GmbH', 'Herstelleradresse': 'DE-78359 Orsingen-Nenzingen', 'Kontaktmöglichkeit': 'www.alnatura.de', 'Öko-Kontrollstelle': 'ES-ECO-002-CM', 'Inhalt': '750 ml', 'Bio': 'Ja', 'Eigenschaften': 'vegetarisch gemaeß Rezeptur|vegan laut Zutaten', 'Lebensmittel Alkoholgehalt': '12.5 %', 'Zutaten': 'Enthält Sulfite,Contient des sulfites', 'Geschmackstyp': 'DRY'}"|||||||||||trocken|||0|0|2062361_1.png|https://static.mueller.de/markant_04104420225251_pv_4878007/pdzoom/alnatura-bio-edition-la-mancha-rosado.webp||||||||||||||||||||||Peter Riegel Weinimport GmbH||||||['\n          12.5 %']||||750 ml|||True||2062361P|||||||||6
2365896|mueller||||||||2024-10-28|Bochum (Remastered)|||1|Stk.|Home|Multi-Media|Musik|Pop|Bochum (Remastered)|||12,99 €|12,99 €||||||||||||||EUR|Home> Multi-Media> Musik> Pop> Bochum (Remastered)|https://www.mueller.at/p/bochum-remastered-2365896/|1 Stk.|||||||||||||||||||||||Non-Organic||||{'medium': 'CD', 'Künstler': 'Grönemeyer,Herbert', 'Inhalt': '1 Stk.', 'Anzahl Medien im Artikel': '1', 'genre': 'Pop deutschsprachig', 'Label': 'Before Grö'}||||||||||||||0|0|2365896_1.png|https://static.mueller.de/pdzoom/phononet_5060238634403_pv_5060238634403-0600px-001.webp||||||||||||||||||||||||||||||||1 Stk.|||True||2365896P|||||||||5
2390853|mueller||||||||2024-10-28|JOJO Schutzengel Püppkes|JOJO||1|Stk.|Home|Haushalt|Wohnen & Dekorieren|Deko-Zubehör|JOJO Schutzengel Püppkes|||4,99 €|4,99 €||||||||||||||EUR|Home> Haushalt> Wohnen & Dekorieren> Deko-Zubehör> JOJO Schutzengel Püppkes|https://www.mueller.at/p/jojo-schutzengel-pueppkes-2390853/|1 Stk.|"Dein persönlicher Schutzengel
für jede Situation."||||||||||||||||||||||Non-Organic||||{'manufacturer': 'JOJO Joachim Kürz e.K.', 'Herstelleradresse': 'Dr.-Rudolf-Eberle-Str. 12, DE-79725 Laufenburg', 'Kontaktmöglichkeit': 'info@jojo-line.de', 'Inhalt': '1 Stk.'}||||||||||||||0|0|2390853_1.png|https://static.mueller.de/6350350437-PV-0/pdzoom/jojo-schutzengel-pueppkes.webp||||||||||||||||||||||JOJO Joachim Kürz e.K.||||||||||1 Stk.|||True||2390853P|||||||||10
2601393|mueller||||||||2024-10-28|ppd Servietten Capicso Birthday 33x33cm|PPD||20|Stk.|Home|Drogerie|Haushalt|Papierartikel|Servietten|ppd Servietten Capicso Birthday 33x33cm||2,99 €|2,99 €|||||||||||1,50 € / 10 Stk.|||EUR|Home> Drogerie> Haushalt> Papierartikel> Servietten> ppd Servietten Capicso Birthday 33x33cm|https://www.mueller.at/p/ppd-servietten-capicso-birthday-33x33cm-IPN2601393/|20 Stk.|20 bedruckte Papierservietten im Format 33 x 33 cm bzw. 16,5 x 16,5 cm (Lunchformat), 3-lagig, Material: 100% Tissue, lichtechte Farben, chlorfrei gebleicht||||||||||||||||||||||Non-Organic||||{'Gewicht': '110', 'manufacturer': 'Paperproducts Design GmbH', 'Herstelleradresse': 'Am Hambuch 4, 53340 Meckenheim', 'Kontaktmöglichkeit': 'info@ppd.de', 'Materialdetails': 'Tissue', 'Farbe': 'Grau', 'Höhe': '0.2 cm', 'Breite': '16.5 cm', 'Tiefe': '16.5 cm', 'Inhalt': '20 Stk.'}||||||Grau||Tissue||||||0|0|2601393_1.png|https://static.mueller.de/pdzoom/4021766258654_neu.webp||||||||||||||||||||||Paperproducts Design GmbH||||||||||20 Stk.|||True||2601393P|||||||||5
2062366|mueller||||||||2024-10-28|Alnatura Bio Edition Dornfelder|ALNATURA||750|ml|Home|Naturshop|Lebensmittel|Getränke|Wein|Alnatura Bio Edition Dornfelder||3,99 €|3,99 €|||||||||||5,32 € / 1 l|||EUR|Home> Naturshop> Lebensmittel> Getränke> Wein> Alnatura Bio Edition Dornfelder|https://www.mueller.at/p/alnatura-bio-edition-dornfelder-2062366/|750 ml|Dieser halbtrockene Bio-Rotwein bringt viel Frucht, schöne Kirscharomen und samtige Tannine ins Glas. Der Qualitätswein aus Deutschland wird aus der Rebsorte Dornfelder hergestellt und ist vegan. Bio-Qualitäthalbtrockener RotweinQualitätswein aus Deutschlandfruchtig und rund mit Kirscharomen und samtigen Tanninenvegan||||||||||||||||||||||Organic||||"{'Weinfarbe': 'rot', 'Geschmack': 'halbtrocken', 'vintage': '2023', 'manufacturer': 'Peter Mertes KG Weinkeller', 'Herstelleradresse': 'DE-54470 Bernkastel - Kues', 'Kontaktmöglichkeit': 'www.alnatura.de', 'Öko-Kontrollstelle': 'DE-ÖKO-039', 'Inhalt': '750 ml', 'Bio': 'Ja', 'Eigenschaften': 'vegan laut Zutaten|vegetarisch gemaeß Rezeptur', 'Lebensmittel Alkoholgehalt': '11.5 %', 'Zutaten': 'Enthält Sulfite,Contient des sulfites', 'Geschmackstyp': 'MEDIUM_DRY'}"|||||||||||halbtrocken|||5.0|1|2062366_1.png|https://static.mueller.de/markant_04104420225053_pv_3901715/pdzoom/alnatura-bio-edition-dornfelder.webp||||||||||||||||||||||Peter Mertes KG Weinkeller||||||['\n          11.5 %']||||750 ml|||True||2062366P|||||||||6
2062369|mueller||||||||2024-10-28|Alnatura Bio Edition La Mancha Tinto|||750|ml|Home|Naturshop|Lebensmittel|Getränke|Wein|Alnatura Bio Edition La Mancha Tinto||2,99 €|2,99 €|||||||||||3,99 € / 1 l|||EUR|Home> Naturshop> Lebensmittel> Getränke> Wein> Alnatura Bio Edition La Mancha Tinto|https://www.mueller.at/p/alnatura-bio-edition-la-mancha-tinto-2062369/|750 ml|Ein trockener Rotwein aus Tempranillo-Trauben, vegan ausgebaut und in Bio-Qualität. Harmonisch mit viel Frucht, Würze und weichen Tanninen. Bio-Qualitättrockener Rotwein aus Spanienharmonisch, fruchtig und würzig mit weichen TanninenRebsorte Tempranillovegan||||||||||||||||||||||Organic||||"{'Weinfarbe': 'rot', 'Geschmack': 'trocken', 'vintage': '2023', 'manufacturer': 'Peter Riegel Weinimport GmbH', 'Herstelleradresse': 'D-78359 Orsingen-Nenzingen', 'Kontaktmöglichkeit': 'www.alnatura.de', 'Öko-Kontrollstelle': 'ES-ECO-002-CM', 'Inhalt': '750 ml', 'Bio': 'Ja', 'Eigenschaften': 'vegan laut Zutaten|vegetarisch gemaeß Rezeptur', 'Lebensmittel Alkoholgehalt': '13 %', 'Zutaten': 'Enthält Sulfite,Contient des sulfites', 'Geschmackstyp': 'DRY'}"|||||||||||trocken|||5.0|2|2062369_1.png|https://static.mueller.de/markant_04104420185074_pv_4046920/pdzoom/alnatura-bio-edition-la-mancha-tinto.webp||||||||||||||||||||||Peter Riegel Weinimport GmbH||||||['\n          13 %']||||750 ml|||True||2062369P|||||||||6
2483896|mueller||||||||2024-10-28|VELOBAG® Reissverschlußtasche XXS DIN A5 sortiert|VELOFLEX||1|Stk.|Home|Schreibwaren|Büro|Ordner & Mappen|Mappen|VELOBAG® Reissverschlußtasche XXS DIN A5 sortiert||1,99 €|1,99 €||||||||||||||EUR|Home> Schreibwaren> Büro> Ordner & Mappen> Mappen> VELOBAG® Reissverschlußtasche XXS DIN A5 sortiert|https://www.mueller.at/p/velobag-reissverschlusstasche-xxs-din-a5-sortiert-2483896/|1 Stk.|Sammelmappe VELOBAG® XXS, DIN A5, PP-Folie mit textilverstärkten Kanten. Reißverschlusstasche zum Abheften, passend für alle Ringbücher im A5- und A4-Format, zur Aufbewahrung von Utensilien. Sortiert in gelb, pink, grün und lila.Achtung: Diesen Artikel gibt es in verschiedenen Ausführungen. Sie erhalten nur 1 Artikel (zufällige Auswahl im Lager). Eine Vorauswahl ist nicht möglich.||||||||||||||||||||||Non-Organic||||{'scope_of_delivery': '1 RV-Tasche', 'Inhalt': '1 Stk.', 'Produkttyp': 'Mappen'}||||||||||||||0|0|2483896_1.png|https://static.mueller.de/6775881454-PV-0/pdzoom/velobag-reissverschlusstasche-xxs-din-a5-sortiert.webp||||||||||||||||||||||||||||||||1 Stk.|||True||2483896P|||||||||35
2483880|mueller||||||||2024-10-28|Folge 128:Ausgehext!|||1|Stk.|Home|Multi-Media|Musik|Hörspiele|Folge 128:Ausgehext!|||7,99 €|7,99 €||||||||||||||EUR|Home> Multi-Media> Musik> Hörspiele> Folge 128:Ausgehext!|https://www.mueller.at/p/folge-128-ausgehext-2483880/|1 Stk.|||||||||||||||||||||||Non-Organic||||{'medium': 'CD', 'Künstler': 'Bibi Blocksberg', 'Inhalt': '1 Stk.', 'Anzahl Medien im Artikel': '1', 'genre': 'Hörspiel (Kinder)', 'Label': 'Kiddinx'}||||||||||||||0|0|2483880_1.png|https://static.mueller.de/pdzoom/phononet_4001504256289_pv_4001504256289-0600px-001.webp||||||||||||||||||||||||||||||||1 Stk.|||True||2483880P|||||||||5
2390872|mueller||||||||2024-10-28|JOJO Glücksbringer Püppkes|JOJO||1|Stk.|Home|Haushalt|Wohnen & Dekorieren|Deko-Zubehör|JOJO Glücksbringer Püppkes|||3,49 €|3,49 €||||||||||||||EUR|Home> Haushalt> Wohnen & Dekorieren> Deko-Zubehör> JOJO Glücksbringer Püppkes|https://www.mueller.at/p/jojo-gluecksbringer-pueppkes-2390872/|1 Stk.|"Das optimale Geschenk für jeden Anlass.

Sortierter Artikel. Die Charaktere sind nicht frei wählbar."||||||||||||||||||||||Non-Organic||||{'manufacturer': 'JOJO Joachim Kürz e.K.', 'Herstelleradresse': 'Dr.-Rudolf-Eberle-Str. 12, DE-79725 Laufenburg', 'Kontaktmöglichkeit': 'info@jojo-line.de', 'Inhalt': '1 Stk.'}||||||||||||||0|0|2390872_1.png|https://static.mueller.de/6350350541-PV-0/pdzoom/jojo-gluecksbringer-pueppkes.webp||||||||||||||||||||||JOJO Joachim Kürz e.K.||||||||||1 Stk.|||True||2390872P|||||||||10
2037382|mueller||||||||2024-10-28|Lemonade|||1|Stk.|Home|Multi-Media|Musik|Pop|Lemonade|||14,99 €|14,99 €||||||||||||||EUR|Home> Multi-Media> Musik> Pop> Lemonade|https://www.mueller.at/p/lemonade-2037382/|1 Stk.|||||||||||||||||||||||Non-Organic||||{'medium': 'CD', 'Künstler': 'Beyoncé', 'Inhalt': '1 Stk.', 'Anzahl Medien im Artikel': '2', 'genre': 'Pop international', 'Label': 'SONY MUSIC'}||||||||||||||0|0|2037382_1.png|https://static.mueller.de/pdzoom/phononet_0889853368228_pv_0889853368228-0600px-001.webp|2037382_2.png|https://static.mueller.de/pdzoom/phononet_0889853368228_pr_0889853368228-0600px-002.webp|2037382_3.png|https://static.mueller.de/5486551187-PR-1/pdzoom/lemonade.webp||||||||||||||||||||||||||||1 Stk.|||True||2037382P|||||||||5
2390873|mueller||||||||2024-10-28|Silit Schöpflöffel|SILIT||1|Stk.|Home|Haushalt|Kochen & Backen|Küchenhelfer & -textilien|Schöpflöffel & Servierkellen|Silit Schöpflöffel||16,99 €|16,99 €||||||||||||||EUR|Home> Haushalt> Kochen & Backen> Küchenhelfer & -textilien> Schöpflöffel & Servierkellen> Silit Schöpflöffel|https://www.mueller.at/p/silit-schoepfloeffel-2390873/|1 Stk.|Mit dem wohlproportionierten Silit Suppenschöpfer schöpfen, portionieren und servieren Sie raffinierte Suppen, Eintöpfe und Chilis stilvoll, ohne dass etwas danebentropft.||||||||||||||||||||||Non-Organic||||{'Geeignet für': 'Spuelmaschinen', 'Inhalt': '1 Stk.'}||||||||||||||0|0|2390873_1.png|https://static.mueller.de/6683256432-PV-0/pdzoom/silit-schoepfloeffel.webp|2390873_2.png|https://static.mueller.de/6683256432-PB-1/pdzoom/silit-schoepfloeffel.webp||||||||||||||||||||||||||||||1 Stk.|||True||2390873P|||||Spuelmaschinen||||10
2879460|mueller||||||||2024-10-28|BIG - Bobby Car Classic Einhorn|BIG||1|Stk.|Home|Spielwaren|Kinderfahrzeuge|Sitzfahrzeuge|BIG - Bobby Car Classic Einhorn|||54,99 €|54,99 €|54,99 €|39,99 €||||27%|Sie sparen 27%|||||||EUR|Home> Spielwaren> Kinderfahrzeuge> Sitzfahrzeuge> BIG - Bobby Car Classic Einhorn|https://www.mueller.at/p/big-bobby-car-classic-einhorn-IPN2879460/|1 Stk.|"Das moderne Farbdesign in hellem Türkis mit liebevoll gestalteten Aufklebern mit Schmetterlingen und einem Einhorn lädt alle Einhorn Fans zu magischen Rennen In- & Outdoor ein.
Doch nicht nur im Hinblick auf Design und Extras überzeugt das Rutschfahrzeug. Das BIG Bobby Car Classic ist legendär in seiner Form und unschlagbar in Sachen Qualität.
Die seit Jahrzehnten bewährte, unveränderte Karosserie des beliebten Kinderautos ist ergonomisch perfekt auf die Bedürfnisse der kleinen Fahrerinnen und Fahrer abgestimmt. Ein griffiges Sicherheitslenkrad mit mechanischer Hupe, vier robuste und abriebfeste Kunststoffräder, je eine Anhängerkupplung vorne und hinten sowie eine Kniemulde zum Fahren für größere Kinder ergänzen die spielstarke Ausstattung.
Für einen kleinen Wendekreis sorgt die stufenlose Achsschenkellenkung des BIG Bobby Car. Die hervorragende Verarbeitungsqualität und der tiefliegende Schwerpunkt machen das BIG Bobby Car zum besonders sicheren Spielzeug.
Das BIG Bobby Car Classic Einhorn wird aus hochwertigen und recycelbaren Materialien im modernen BIG-Werk in Deutschland hergestellt. BIG-büffelstark!
Artikelgröße montiert (L x B x H): 58 x 30 x 38 cm"||||||||1 Jahre||||||||||||||Non-Organic||||"{'target_group': 'Kleinkinder|Kindergartenkinder', 'Artikelnummer des Herstellers': '800056138', 'Altersempfehlung ab': '1 Jahre', 'Altersempfehlung bis': '5 Jahre', 'Inhalt': '1 Stk.', 'Produkttyp': 'Rutscher/Sitzfahrzeuge'}"||||||||||||||5.0|3|2879460_1.png|https://static.mueller.de/pdzoom/4004943561389.webp|2879460_2.png|https://static.mueller.de/pdzoom/4004943561389_4.webp|2879460_3.png|https://static.mueller.de/pdzoom/4004943561389_3.webp|2879460_4.png|https://static.mueller.de/pdzoom/4004943561389_2.webp||||||||||||||||800056138||||||||||1 Stk.|||True||2879460P|||||||||2
995948|mueller||||||||2024-10-28|006/Skandal auf Sendung|||1|Stk.|Home|Multi-Media|Musik|Hörspiele|006/Skandal auf Sendung|||7,99 €|7,99 €||||||||||||||EUR|Home> Multi-Media> Musik> Hörspiele> 006/Skandal auf Sendung|https://www.mueller.at/p/006-skandal-auf-sendung-995948/|1 Stk.|||||||||||||||||||||||Non-Organic||||{'medium': 'CD', 'Künstler': 'Die Drei !!!', 'Inhalt': '1 Stk.', 'Anzahl Medien im Artikel': '1', 'genre': 'Hörspiel (Kinder)', 'Label': 'SONY MUSIC'}||||||||||||||0|0|995948_1.png|https://static.mueller.de/pdzoom/phononet_0886975081622_pv_0886975081622-0600px-001.webp|995948_2.png|https://static.mueller.de/pdzoom/phononet_0886975081622_pr_0886975081622-0600px-002.webp|995948_3.png|https://static.mueller.de/81546265-PR-1/pdzoom/006-skandal-auf-sendung.webp|995948_4.png|https://static.mueller.de/81546265-PB-2/pdzoom/006-skandal-auf-sendung.webp||||||||||||||||||||||||||1 Stk.|||True||995948P|||||||||5
310970|mueller||||||||2024-10-28|Clinique Antiperspirant Deodorant Roll-On|CLINIQUE||75|ml|Home|Parfümerie|Pflege|Körperpflege|Deodorants|Clinique Antiperspirant Deodorant Roll-On||25,95 €|25,95 €|||||||||||346,00 € / 1 l|||EUR|Home> Parfümerie> Pflege> Körperpflege> Deodorants> Clinique Antiperspirant Deodorant Roll-On|https://www.mueller.at/p/clinique-antiperspirant-deodorant-roll-on-310970/|75 ml|"Bietet langhaltenden Schutz. Für ein angenehmes und frisches Gefühl.

Unsere Clinique Clean Philosophie  
Einfach. Sicher. Wirksam.  
Entwickelt für optimale Resultate – ohne Hautirritationen.  Allergiegetestet.  
100% Parfumfrei."||||||||||||||||||||||Non-Organic||||{'target_group': 'Damen', 'manufacturer': 'Estée Lauder Companies', 'Herstelleradresse': 'Domagkstr. 10, 80807 München', 'Kontaktmöglichkeit': 'kundenservice@clinique.com', 'Anwendungshinweis': 'Deodorant nach dem Duschen unter den Achseln auftragen, um Körpergeruch zu vermeiden. Kurz trocknen lassen.', 'package_contents': 'Water\\Aqua\\Eau, Aluminum Chlorohydrate, Ceteth-2, Ppg-11 Stearyl Ether, Steareth-20, Myristalkonium Chloride, Quaternium-14, Trisodium Edta, Sorbic Acid ILN34256', 'skin_type': 'alle Hauttypen', 'product_property': 'schützend', 'Inhalt': '75 ml', 'scope_of_application': 'Deodorants', 'Produkttyp': 'Roll on'}||||||||||||||0|0|310970_1.png|https://static.mueller.de/5549624244-PV-0/pdzoom/clinique-antiperspirant-deodorant-roll-on.webp||||||||||||||||||||||Estée Lauder Companies||||||||||75 ml|Water\Aqua\Eau, Aluminum Chlorohydrate, Ceteth-2, Ppg-11 Stearyl Ether, Steareth-20, Myristalkonium Chloride, Quaternium-14, Trisodium Edta, Sorbic Acid ILN34256||True||310970P|||||||||10
2601420|mueller||||||||2024-10-28|Star Wars - Der Aufstieg Skywalkers [2 BRs]|||1|Stk.|Home|Multi-Media|Filme & TV|Action & Abenteuer|Star Wars - Der Aufstieg Skywalkers  [2 BRs]|||9,99 €|9,99 €||||||||||||||EUR|Home> Multi-Media> Filme & TV> Action & Abenteuer> Star Wars - Der Aufstieg Skywalkers  [2 BRs]|https://www.mueller.at/p/star-wars-der-aufstieg-skywalkers-2-brs-2601420/|1 Stk.|"Lucasfilm Präsidentin Kathleen Kennedy und Regisseur, Autor und Produzent J.J. Abrams hatten im Rahmen der Fanmesse zuvor unter tosendem Applaus neun Stars des weltweit sehnsüchtig erwarteten Star Wars Abenteuers auf die Bühne gebeten: Daisy Ridley, John Boyega, Oscar Isaac, Anthony Daniels, Naomi Ackie, Keri Russell, Joonas Suotamo, Kelly Marie Tran und Billy Dee Williams sowie R2-D2, BB-8 und den neuen Droiden D-O.
42 Jahre Star Wars Saga erreichen dieses Jahr ihren Höhepunkt: J.J. Abrams, der 2015 mit Star Wars: Das Erwachen der Macht den sagenhaft erfolgreichen Grundstein für die letzte Trilogie gelegt hat, wird die legendäre Saga im Dezember mit Star Wars: Der Aufstieg Skywalkers zu einem epischen Ende führen."|||||||||||||||Europa, Vorderasien, Afrika, Australien|||||||Non-Organic||||"{'medium': 'Blu-ray Disc', 'Untertitel': 'Deutsch,Italienisch', 'manufacturer': 'LEONINE', 'Bildformat': '16:9|HD|Widescreen', 'Anzahl Bonusdiscs': '1', 'Zusatzinfos / Bonusmaterial beim Film dabei': 'Das Vermächtnis der Skywalker (ca. 126 Min.);\nDie Speeder - Jagd auf Pasaana;\nDreharbeiten in der Wüste;\nD-O: Schlüssel zur Vergangenheit;\nWarwick & Sohn;\nDie Kreaturen;', 'Inhalt': '1 Stk.', 'Laufzeit in min (gesamt)': '142', 'Produktionsjahr': '2019', 'Produktionsland': 'USA', 'Regionalcode': 'Europa, Vorderasien, Afrika, Australien', 'Regisseur': 'Colin Trevorrow', 'Schauspieler': 'Carrie Fisher,Daisy Ridley,Adam Driver,John Boyega,Oscar Isaac,Mark Hamill', 'Special Edition': 'Nein', 'Tonformat-Sprache': 'Deutsch,Italienisch,Englisch', 'Untertitel für Gehörlose': 'Englisch', 'packaging_type': 'Softbox', 'Hauptgenre': 'Science Fiction|Abenteuer'}"||||||||||||||0|0|2601420_1.png|https://static.mueller.de/videojakob_8717418564391_pv_588640/pdzoom/star-wars-der-aufstieg-skywalkers-2-brs.webp|2601420_2.png|https://static.mueller.de/pdzoom/videojakob_8717418564391_pr_588640-back.webp|2601420_3.png|https://static.mueller.de/videojakob_8717418564391_pd_66608258/pdzoom/star-wars-der-aufstieg-skywalkers-2-brs.webp|2601420_4.png|https://static.mueller.de/videojakob_8717418564391_pd_66609007/pdzoom/star-wars-der-aufstieg-skywalkers-2-brs.webp|2601420_5.png|https://static.mueller.de/videojakob_8717418564391_pd_66609770/pdzoom/star-wars-der-aufstieg-skywalkers-2-brs.webp|2601420_6.png|https://static.mueller.de/videojakob_8717418564391_pd_66610521/pdzoom/star-wars-der-aufstieg-skywalkers-2-brs.webp||||||||||||LEONINE||||||||||1 Stk.|||True||2601420P|||||||||5
2390868|mueller||||||||2024-10-28|Silit Pizzaschneider|SILIT||1|Stk.|Home|Haushalt|Kochen & Backen|Küchenhelfer & -textilien|Spezialhelfer|Silit Pizzaschneider||16,99 €|16,99 €||||||||||||||EUR|Home> Haushalt> Kochen & Backen> Küchenhelfer & -textilien> Spezialhelfer> Silit Pizzaschneider|https://www.mueller.at/p/silit-pizzaschneider-2390868/|1 Stk.|Rollen, schneiden und genießen: Mit den Pizzaschneidern von WMF teilen Sie köstlich belegte Pizzen, fruchtige Blechkuchen und leckere Flammkuchenvariationen mühelos und im Handumdrehen in saubere Stücke. Durch sein großes Teigrad mit dem scharfen Rand schneiden Sie mit dem Pizzaschneider durch den saftigen Belag und den krossen Boden. Das Blech nimmt dabei keinen Schaden, denn das Abrollen des Rades verhindert Kratzer. Den WMF Pizzaschneider gibt es in verschiedenen Ausführungen, auch mit Antihaftbeschichtung – da bleibt kein Käse kleben.||||||||||||||||||||||Non-Organic||||{'Geeignet für': 'Spuelmaschinen', 'Tiefe': '17.5 cm', 'Inhalt': '1 Stk.'}||||||||||||||0|0|2390868_1.png|https://static.mueller.de/6683243416-PV-0/pdzoom/silit-pizzaschneider.webp|2390868_2.png|https://static.mueller.de/6683243416-PB-1/pdzoom/silit-pizzaschneider.webp||||||||||||||||||||||||||||||1 Stk.|||True||2390868P|||||Spuelmaschinen||||10
2917114|mueller||||||||2024-10-28|Catrice Calligraph Artist Matte Liner|CATRICE||1|Stk.|Home|Parfümerie|Make-up|Augen|Kajalstifte & Eyeliner|Catrice Calligraph Artist Matte Liner||3,45 €|3,45 €||||||||||||||EUR|Home> Parfümerie> Make-up> Augen> Kajalstifte & Eyeliner> Catrice Calligraph Artist Matte Liner|https://www.mueller.at/p/catrice-calligraph-artist-matte-liner-IPN2879454/|1 Stk.|Mit dem CATRICE Calligraph Pro Precise 20H Matte Liner mit softer Spitze gelingt in Sekunden der perfekte Lidstrich! Das matte, tiefschwarze Finish kann sich sehen lassen - und das 20 Stunden lang. Dank seiner nicht wasserfesten Textur lassen sich die Looks einfach entfernen. Für perfekte, langanhaltende LidstricheTiefschwarzes & mattes FinishSofte Spitze für präzise Applikationen||||||||||||||||||||||Non-Organic||||"{'Effekt': 'Volumen|verdichtend|verlängernd', 'target_group': 'Damen', 'manufacturer': 'cosnova', 'Herstelleradresse': 'Am Limespark 2, D-65843 Sulzbach am Taunus', 'Kontaktmöglichkeit': 'service@cosnova.eu', 'Anwendungshinweis': 'Wie gelingt ein perfekter Lidstrich? Der Lidstrich muss nicht in einem Rutsch gezogen werden: Es können auch zunächst einzelne Punkte am Wimpernkranz entlang gezeichnet und hinterher verbunden werden. Oder es wird zunächst von der Lidmitte aus nach außen ein halber Lidstrich gezogen und anschließend die zweite Hälfte von innen zur Mitte. Der Lidstrich hält besonders gut, wenn das Augenlid vorher mit einem Lidschatten oder Puder grundiert wurde.', 'package_contents': 'AQUA (WATER), ALCOHOL DENAT., STYRENE/ACRYLATES/AMMONIUM METHACRYLATE COPOLYMER, GLYCERIN, PPG-26-BUTETH-26, PEG/PPG-14/4 DIMETHICONE, PEG-40 HYDROGENATED CASTOR OIL, BUTYLENE GLYCOL, CAPRYLYL GLYCOL, SODIUM LAURETH SULFATE, SODIUM LAURETH-12 SULFATE, DISODIUM EDTA, ETHYLHEXYLGLYCERIN, PROPYLENE GLYCOL, SIMETHICONE, AMMONIUM HYDROXIDE, SODIUM CHLORIDE, PENTAERYTHRITYL TETRA-DI-T-BUTYL HYDROXYHYDROCINNAMATE, PHENOXYETHANOL, POTASSIUM SORBATE, CI 77266 (BLACK 2) (NANO).', 'Farbnummer': '20H', 'Farbe': 'Black', 'Inhalt': '1 Stk.', 'scope_of_application': 'Augen', 'Produkttyp': 'Wimperntusche'}"||||||Black||||||||3.0|2|2917114_1.png|https://static.mueller.de/markant_04059729418791_pv_4545538/pdzoom/catrice-calligraph-artist-matte-liner.webp|2917114_2.png|https://static.mueller.de/markant_04059729418791_pd_4159568/pdzoom/catrice-calligraph-artist-matte-liner.webp|2917114_3.png|https://static.mueller.de/markant_04059729418791_pd_4158949/pdzoom/catrice-calligraph-artist-matte-liner.webp|2917114_4.png|https://static.mueller.de/markant_04059729418791_pd_4159041/pdzoom/catrice-calligraph-artist-matte-liner.webp|2917114_5.png|https://static.mueller.de/markant_04059729418791_pd_4545536/pdzoom/catrice-calligraph-artist-matte-liner.webp|2917114_6.png|https://static.mueller.de/markant_04059729418791_pd_4159957/pdzoom/catrice-calligraph-artist-matte-liner.webp||||||||||||cosnova||||||||||1 Stk.|AQUA (WATER), ALCOHOL DENAT., STYRENE/ACRYLATES/AMMONIUM METHACRYLATE COPOLYMER, GLYCERIN, PPG-26-BUTETH-26, PEG/PPG-14/4 DIMETHICONE, PEG-40 HYDROGENATED CASTOR OIL, BUTYLENE GLYCOL, CAPRYLYL GLYCOL, SODIUM LAURETH SULFATE, SODIUM LAURETH-12 SULFATE, DISODIUM EDTA, ETHYLHEXYLGLYCERIN, PROPYLENE GLYCOL, SIMETHICONE, AMMONIUM HYDROXIDE, SODIUM CHLORIDE, PENTAERYTHRITYL TETRA-DI-T-BUTYL HYDROXYHYDROCINNAMATE, PHENOXYETHANOL, POTASSIUM SORBATE, CI 77266 (BLACK 2) (NANO).||True||2917114P|||||||||10
995951|mueller||||||||2024-10-28|007/Skaterfieber|||1|Stk.|Home|Multi-Media|Musik|Hörspiele|007/Skaterfieber|||4,00 €|4,00 €||||||||||||||EUR|Home> Multi-Media> Musik> Hörspiele> 007/Skaterfieber|https://www.mueller.at/p/007-skaterfieber-995951/|1 Stk.|||||||||||||||||||||||Non-Organic||||{'medium': 'CD', 'Künstler': 'Die Drei !!!', 'Inhalt': '1 Stk.', 'Anzahl Medien im Artikel': '1', 'genre': 'Hörspiel (Kinder)', 'Label': 'SONY MUSIC'}||||||||||||||0|0|995951_1.png|https://static.mueller.de/pdzoom/phononet_0886975081721_pv_0886975081721-0600px-001.webp|995951_2.png|https://static.mueller.de/pdzoom/phononet_0886975081721_pr_0886975081721-0600px-002.webp|995951_3.png|https://static.mueller.de/81546266-PR-1/pdzoom/007-skaterfieber.webp||||||||||||||||||||||||||||1 Stk.|||True||995951P|||||||||5
2390860|mueller||||||||2024-10-28|Silit Servierlöffel, Kunststoff|SILIT||1|Stk.|Home|Haushalt|Kochen & Backen|Küchenhelfer & -textilien|Schöpflöffel & Servierkellen|Silit Servierlöffel, Kunststoff||16,99 €|16,99 €||||||||||||||EUR|Home> Haushalt> Kochen & Backen> Küchenhelfer & -textilien> Schöpflöffel & Servierkellen> Silit Servierlöffel, Kunststoff|https://www.mueller.at/p/silit-servierloeffel-kunststoff-2390860/|1 Stk.|Der Servierlöffel eignet sich bestens für das Servieren von Gemüsegerichten, Aufläufen und klassischen Beilagen wie Reis und Kartoffeln. Seine Laffe ist rund und großzügig, um Speisen leicht aufnehmen und servieren zu können.||||||||||||||||||||||Non-Organic||||{'Geeignet für': 'Spuelmaschinen', 'Tiefe': '33 cm', 'Inhalt': '1 Stk.'}||||||||||||||0|0|2390860_1.png|https://static.mueller.de/6483701390-PV-0/pdzoom/silit-servierloeffel-kunststoff.webp|2390860_2.png|https://static.mueller.de/6483701390-PB-1/pdzoom/silit-servierloeffel-kunststoff.webp||||||||||||||||||||||||||||||1 Stk.|||True||2390860P|||||Spuelmaschinen||||4
2390864|mueller||||||||2024-10-28|Silit Schneebesen 28cm|SILIT||1|Stk.|Home|Haushalt|Kochen & Backen|Küchenhelfer & -textilien|Rührbesen|Silit Schneebesen 28cm||14,99 €|14,99 €||||||||||||||EUR|Home> Haushalt> Kochen & Backen> Küchenhelfer & -textilien> Rührbesen> Silit Schneebesen 28cm|https://www.mueller.at/p/silit-schneebesen-28cm-2390864/|1 Stk.|Locker aus dem Handgelenk: Mit den robusten und funktionalen Schneebesen von Silit schlagen Sie Sahne, Eischnee und Dessertcremes schnell und mühelos auf. Die tropfenförmig gebogenen Drähte aus rostfreiem Cromargan® sind elastisch und dabei formstabil – so können Sie auch festere Massen wie Teig und Eierspeisen mit Schwung vermengen.||||||||||||||||||||||Non-Organic||||{'Geeignet für': 'Spuelmaschinen', 'Tiefe': '28 cm', 'Inhalt': '1 Stk.'}||||||||||||||0|0|2390864_1.png|https://static.mueller.de/6483701544-PV-0/pdzoom/silit-schneebesen-28cm.webp|2390864_2.png|https://static.mueller.de/6483701544-PB-1/pdzoom/silit-schneebesen-28cm.webp||||||||||||||||||||||||||||||1 Stk.|||True||2390864P|||||Spuelmaschinen||||10
2879470|mueller||||||||2024-10-28|Catrice Cheek Flirt Face Stick|CATRICE||5.5|g|Home|Parfümerie|Make-up|Teint|Rouge|Catrice Cheek Flirt Face Stick||4,95 €|4,95 €||||||||||||||EUR|Home> Parfümerie> Make-up> Teint> Rouge> Catrice Cheek Flirt Face Stick|https://www.mueller.at/p/catrice-cheek-flirt-face-stick-IPN2879463/|5.5 g|Der Cheek Flirt Face Stick ist perfekt, um unterwegs für einen optischen Frischekick im Gesicht zu sorgen. Dank seines praktischen Formats passt der Stick in jede Handtasche und ist jederzeit griffbereit. Die hochpigmentierte Cremetextur lässt sich ganz einfach auftragen und gut verblenden - für einen natürlich wirkenden Farbeffekt, der lange hält. Ohne Glitzerpartikel. Rouge im Stick-FormatHochpigmentierte CremetexturLeichte Anwendung||||||||||||||||||||||Non-Organic||||"{'consistency': 'Stift', 'target_group': 'Damen', 'manufacturer': 'cosnova', 'Herstelleradresse': 'Am Limespark 2, D-65843 Sulzbach am Taunus', 'Kontaktmöglichkeit': 'service@cosnova.eu', 'Anwendungshinweis': 'Der Cheek Flirt Face Stick ist ein echtes Beauty-Multitalent. Ein wenig Blush auf den Wangen verleiht dem Teint Farbe und ein frisches Aussehen, ein Hauch auf den Schläfen sorgt für das gewisse Extra. Dank des praktischen Stick-Formats lässt sich der Look auch on the go schnell auffrischen.', 'package_contents': 'RICINUS COMMUNIS (CASTOR) SEED OIL, POLYGLYCERYL-2 TRIISOSTEARATE, BIS-DIGLYCERYL POLYACYLADIPATE-1, HELIANTHUS ANNUUS (SUNFLOWER) SEED WAX, MICA, EUPHORBIA CERIFERA CERA (EUPHORBIA CERIFERA (CANDELILLA) WAX), POLYGLYCERYL-2 DIPOLYHYDROXYSTEARATE, ALUMINUM HYDROXIDE, OLEA EUROPAEA (OLIVE) OIL UNSAPONIFIABLES, ARGANIA SPINOSA KERNEL OIL, THEOBROMA CACAO (COCOA) SEED BUTTER, TOCOPHEROL, COPERNICIA CERIFERA CERA (COPERNICIA CERIFERA (CARNAUBA) WAX), SILICA, TOCOPHERYL ACETATE, ASCORBYL PALMITATE, SHOREA ROBUSTA RESIN, RHUS VERNICIFLUA PEEL CERA (RHUS VERNICIFLUA PEEL WAX), LECITHIN, TIN OXIDE, PARFUM (FRAGRANCE), CI 15850 (RED 7 LAKE), CI 45410 (RED 28 LAKE), CI 47005 (YELLOW 10 LAKE), CI 77492 (IRON OXIDES), CI 77891 (TITANIUM DIOXIDE).', 'Farbnummer': '030', 'Farbe': ""Rock'n'Rose"", 'Inhalt': '5.5 g', 'scope_of_application': 'Gesicht', 'Produktart': 'Highlighter', 'Produkttyp': 'Rouge'}"||||||Rock'n'Rose||||||||4.8966|29|2879470_1.png|https://static.mueller.de/markant_04059729399588_pv_4539691/pdzoom/catrice-cheek-flirt-face-stick.webp|2879470_2.png|https://static.mueller.de/markant_04059729399588_pd_4046424/pdzoom/catrice-cheek-flirt-face-stick.webp|2879470_3.png|https://static.mueller.de/markant_04059729399588_pd_4055526/pdzoom/catrice-cheek-flirt-face-stick.webp|2879470_4.png|https://static.mueller.de/markant_04059729399588_pd_5004740/pdzoom/catrice-cheek-flirt-face-stick.webp|2879470_5.png|https://static.mueller.de/markant_04059729399588_pd_4539692/pdzoom/catrice-cheek-flirt-face-stick.webp|2879470_6.png|https://static.mueller.de/markant_04059729399588_pd_4046426/pdzoom/catrice-cheek-flirt-face-stick.webp||||||||||||cosnova||||||||||5.5 g|RICINUS COMMUNIS (CASTOR) SEED OIL, POLYGLYCERYL-2 TRIISOSTEARATE, BIS-DIGLYCERYL POLYACYLADIPATE-1, HELIANTHUS ANNUUS (SUNFLOWER) SEED WAX, MICA, EUPHORBIA CERIFERA CERA (EUPHORBIA CERIFERA (CANDELILLA) WAX), POLYGLYCERYL-2 DIPOLYHYDROXYSTEARATE, ALUMINUM HYDROXIDE, OLEA EUROPAEA (OLIVE) OIL UNSAPONIFIABLES, ARGANIA SPINOSA KERNEL OIL, THEOBROMA CACAO (COCOA) SEED BUTTER, TOCOPHEROL, COPERNICIA CERIFERA CERA (COPERNICIA CERIFERA (CARNAUBA) WAX), SILICA, TOCOPHERYL ACETATE, ASCORBYL PALMITATE, SHOREA ROBUSTA RESIN, RHUS VERNICIFLUA PEEL CERA (RHUS VERNICIFLUA PEEL WAX), LECITHIN, TIN OXIDE, PARFUM (FRAGRANCE), CI 15850 (RED 7 LAKE), CI 45410 (RED 28 LAKE), CI 47005 (YELLOW 10 LAKE), CI 77492 (IRON OXIDES), CI 77891 (TITANIUM DIOXIDE).||True||2879470P|||||||||10
2786862|mueller||||||||2024-10-28|PEPPA PIG REGENSCHIRM MP 3073|PEPPA PIG||1|Stk.|Home|Spielwaren|Kostüme & Partyartikel|Trends|PEPPA PIG REGENSCHIRM MP 3073|||5,99 €|5,99 €||||||||||||||EUR|Home> Spielwaren> Kostüme & Partyartikel> Trends> PEPPA PIG REGENSCHIRM MP 3073|https://www.mueller.at/p/peppa-pig-regenschirm-mp-3073-2786862/|1 Stk.|PEPPA PIG REGENSCHIRM MP 3073||||||||3 Jahre||||||||||||||Non-Organic||||"{'target_group': 'Grundschüler|Kindergartenkinder', 'Artikelnummer des Herstellers': 'MP 3073', 'Altersempfehlung ab': '3 Jahre', 'Inhalt': '1 Stk.', 'Produkttyp': 'Kleinspielzeug'}"||||||||||||||5.0|2|2786862_1.png|https://static.mueller.de/7116992660-PV-0/pdzoom/peppa-pig-regenschirm-mp-3073.webp||||||||||||||||||||||MP 3073||||||||||1 Stk.|||True||2786862P|||||||||10
2786865|mueller||||||||2024-10-28|Rainbow High Kinderschirm|RAINBOW HIGH||1|Stk.|Home|Spielwaren|Kostüme & Partyartikel|Trends|Rainbow High Kinderschirm|||5,99 €|5,99 €||||||||||||||EUR|Home> Spielwaren> Kostüme & Partyartikel> Trends> Rainbow High Kinderschirm|https://www.mueller.at/p/rainbow-high-kinderschirm-2786865/|1 Stk.|Rainbow High Kinderschirm||||||||3 Jahre||||||||||||||Non-Organic||||{'target_group': 'Kindergartenkinder', 'Artikelnummer des Herstellers': 'MP 3224', 'Altersempfehlung ab': '3 Jahre', 'Inhalt': '1 Stk.', 'Produkttyp': 'Kleinspielzeug'}||||||||||||||4.5|8|2786865_1.png|https://static.mueller.de/7154337657-PV-0/pdzoom/rainbow-high-kinderschirm.webp||||||||||||||||||||||MP 3224||||||||||1 Stk.|||True||2786865P|||||||||10
810107|mueller||||||||2024-10-28|L'Oréal Paris Revitalift Laser X3 Augencreme - Straffende Wirkung für gemilderte Falten und intensive Feuchtigkeit|L'ORÉAL PARIS||15|ml|Home|Drogerie|Pflege|Gesichtspflege|Augenpflege|L'Oréal Paris Revitalift Laser X3 Augencreme - Straffende Wirkung für gemilderte Falten und intensive Feuchtigkeit||19,45 €|19,45 €|||||||||||1 296,67 € / 1 l|||EUR|Home> Drogerie> Pflege> Gesichtspflege> Augenpflege> L'Oréal Paris Revitalift Laser X3 Augencreme - Straffende Wirkung für gemilderte Falten und intensive Feuchtigkeit|https://www.mueller.at/p/loreal-paris-revitalift-laser-x3-augencreme-straffende-wirkung-fuer-gemilderte-falten-und-intensive-feuchtigkeit-810107/|15 ml|"Die Revitalift Laser X3 Anti-Age Augenpflege ist angereichert mit einer hohen Konzentration an Wirkstoffen für eine 3-fach Anti-Age Wirkung. Die Formel mit Pro-Retinol mildert Falten und unterstützt bei der Erneuerung der Hautstruktur. Hyaluronsäure spendet intensiv Feuchtigkeit und polstert die Haut auf und Vitamin C hilft die Strahlkraft der Haut zu verbessern und eine unebenmäßigen Hautton auszugleichen. Augenkonturen sind geglättet sowie Falten, Augenringe und Tränensäcke gemildert. 
Eine tiefenwirksame Anti-Age Kraft getestet gegen eine Laser-Session! Die Dreifach-Power-Formel strafft sichtbar die Haut. Für gemilderte Falten, reduzierte Tränensäcke und straffere Haut."||||||||||||||||||||||Non-Organic||||"{'target_group': 'Unisex', 'manufacturer': ""L'Oréal Deutschland GmbH"", 'Herstelleradresse': 'TSA 75000 93684 ST OUEN CEDEX FR', 'Kontaktmöglichkeit': '0211 544 77191', 'Anwendungshinweis': 'Täglich morgens und abends auf die gereinigte Augenpartie auftragen. Dafür nach und nach eine fingerspitzengroße Menge der Augencreme entnehmen, gleichzeitig mit dem Kugel-Applikator verteilen und sanft einmassieren.', 'package_contents': 'AQUA / WATER • DIMETHICONE • GLYCERIN • SILICA • ACRYLAMIDE/SODIUM ACRYLOYLDIMETHYLTAURATE COPOLYMER • ISOPROPYL LAUROYL SARCOSINATE • ACETYL DIPEPTIDE-1 CETYL ESTER • ADENOSINE • CAFFEINE • HYDROXYACETOPHENONE • HYDROXYPROPYL TETRAHYDROPYRANTRIOL • PENTAERYTHRITYL TETRA-DI-T-BUTYL HYDROXYHYDROCINNAMATE • SODIUM HYALURONATE • TRIETHANOLAMINE • TRISODIUM ETHYLENEDIAMINE DISUCCINATE • ASCORBYL GLUCOSIDE • RETINYL PALMITATE • TOCOPHERYL ACETATE • ACRYLATES/C10-30 ALKYL ACRYLATE CROSSPOLYMER • BUTYLENE GLYCOL • CI 77891 / TITANIUM DIOXIDE • HYDROXYETHYLCELLULOSE • ISOHEXADECANE • MICA • POLYSORBATE 80 • PROPYLENE GLYCOL • SORBITAN LAURATE • SORBITAN OLEATE • TIN OXIDE • TOCOPHEROL • DIMETHICONE/VINYL DIMETHICONE CROSSPOLYMER • DIMETHICONOL • CHLORPHENESIN (F.I.L. Z70015683/1).', 'product_property': 'glättend', 'Inhalt': '15 ml', 'scope_of_application': 'Augenpflege', 'Batterien erforderlich': 'Nein', 'Produkttyp': 'Creme'}"||||||||||||||4.6807|1378|810107_1.png|https://static.mueller.de/markant_03600523436064_pv_3683832/pdzoom/loreal-paris-revitalift-laser-x3-augencreme-straffende-wirkung-fuer-gemilderte-falten-und-intensive-feuchtigkeit.webp|810107_2.png|https://static.mueller.de/markant_03600523436064_pr_3683834/pdzoom/loreal-paris-revitalift-laser-x3-augencreme-straffende-wirkung-fuer-gemilderte-falten-und-intensive-feuchtigkeit.webp|810107_3.png|https://static.mueller.de/markant_03600523436064_pd_3684323/pdzoom/loreal-paris-revitalift-laser-x3-augencreme-straffende-wirkung-fuer-gemilderte-falten-und-intensive-feuchtigkeit.webp|810107_4.png|https://static.mueller.de/markant_03600523436064_pd_3683831/pdzoom/loreal-paris-revitalift-laser-x3-augencreme-straffende-wirkung-fuer-gemilderte-falten-und-intensive-feuchtigkeit.webp|810107_5.png|https://static.mueller.de/markant_03600523436064_pd_3683833/pdzoom/loreal-paris-revitalift-laser-x3-augencreme-straffende-wirkung-fuer-gemilderte-falten-und-intensive-feuchtigkeit.webp|810107_6.png|https://static.mueller.de/markant_03600523436064_pd_3683830/pdzoom/loreal-paris-revitalift-laser-x3-augencreme-straffende-wirkung-fuer-gemilderte-falten-und-intensive-feuchtigkeit.webp||||||||||||L'Oréal Deutschland GmbH||||||||||15 ml|AQUA / WATER • DIMETHICONE • GLYCERIN • SILICA • ACRYLAMIDE/SODIUM ACRYLOYLDIMETHYLTAURATE COPOLYMER • ISOPROPYL LAUROYL SARCOSINATE • ACETYL DIPEPTIDE-1 CETYL ESTER • ADENOSINE • CAFFEINE • HYDROXYACETOPHENONE • HYDROXYPROPYL TETRAHYDROPYRANTRIOL • PENTAERYTHRITYL TETRA-DI-T-BUTYL HYDROXYHYDROCINNAMATE • SODIUM HYALURONATE • TRIETHANOLAMINE • TRISODIUM ETHYLENEDIAMINE DISUCCINATE • ASCORBYL GLUCOSIDE • RETINYL PALMITATE • TOCOPHERYL ACETATE • ACRYLATES/C10-30 ALKYL ACRYLATE CROSSPOLYMER • BUTYLENE GLYCOL • CI 77891 / TITANIUM DIOXIDE • HYDROXYETHYLCELLULOSE • ISOHEXADECANE • MICA • POLYSORBATE 80 • PROPYLENE GLYCOL • SORBITAN LAURATE • SORBITAN OLEATE • TIN OXIDE • TOCOPHEROL • DIMETHICONE/VINYL DIMETHICONE CROSSPOLYMER • DIMETHICONOL • CHLORPHENESIN (F.I.L. Z70015683/1).||True||810107P||||Bei Kontakt mit den Augen diese gründlich ausspülen.|||||10
2747232|mueller||||||||2024-10-28|Nintendo Plüschfigur Super Pilz rot|||1|Stk.|Home|Multi-Media|Fanartikel|Nintendo Plüschfigur Super Pilz rot||||17,99 €|17,99 €||||||||||||||EUR|Home> Multi-Media> Fanartikel> Nintendo Plüschfigur Super Pilz rot|https://www.mueller.at/p/nintendo-plueschfigur-super-pilz-rot-2747232/|1 Stk.|"Nintendo Plüschfigur Super Pilz rot
16 cm"||||||||||||||||||||||Non-Organic||||{'manufacturer': 'San-ei', 'Höhe': '16 cm', 'Breite': '18.5 cm', 'Tiefe': '16.5 cm', 'Inhalt': '1 Stk.', 'Produkttyp': 'Fan-Artikel'}||||||||||||||0|0|2747232_1.png|https://static.mueller.de/6958434307-PV-0/pdzoom/nintendo-plueschfigur-super-pilz-rot.webp|2747232_2.png|https://static.mueller.de/6958434307-PB-1/pdzoom/nintendo-plueschfigur-super-pilz-rot.webp|2747232_3.png|https://static.mueller.de/6958434307-PB-2/pdzoom/nintendo-plueschfigur-super-pilz-rot.webp|2747232_4.png|https://static.mueller.de/6958434307-PB-3/pdzoom/nintendo-plueschfigur-super-pilz-rot.webp|2747232_5.png|https://static.mueller.de/6958434307-PB-4/pdzoom/nintendo-plueschfigur-super-pilz-rot.webp||||||||||||||San-ei||||||||||1 Stk.|||True||2747232P|||||||||10
2747235|mueller||||||||2024-10-28|Nintendo 1-UP Pilz Plüschfigur grün|||1|Stk.|Home|Multi-Media|Fanartikel|Nintendo 1-UP Pilz Plüschfigur grün||||17,99 €|17,99 €||||||||||||||EUR|Home> Multi-Media> Fanartikel> Nintendo 1-UP Pilz Plüschfigur grün|https://www.mueller.at/p/nintendo-1-up-pilz-plueschfigur-gruen-2747235/|1 Stk.|16cm Plüsch||||||||||||||||||||||Non-Organic||||{'manufacturer': 'San-ei', 'Inhalt': '1 Stk.', 'Produkttyp': 'Fan-Artikel'}||||||||||||||0|0|2747235_1.png|https://static.mueller.de/6955962660-PV-0/pdzoom/nintendo-1-up-pilz-plueschfigur-gruen.webp|2747235_2.png|https://static.mueller.de/6955962660-PB-1/pdzoom/nintendo-1-up-pilz-plueschfigur-gruen.webp|2747235_3.png|https://static.mueller.de/6955962660-PB-2/pdzoom/nintendo-1-up-pilz-plueschfigur-gruen.webp|2747235_4.png|https://static.mueller.de/6955962660-PB-3/pdzoom/nintendo-1-up-pilz-plueschfigur-gruen.webp|2747235_5.png|https://static.mueller.de/6955962660-PB-4/pdzoom/nintendo-1-up-pilz-plueschfigur-gruen.webp||||||||||||||San-ei||||||||||1 Stk.|||True||2747235P|||||||||10
2747238|mueller||||||||2024-10-28|Nintendo Plüschfigur Feuer Blume|||1|Stk.|Home|Multi-Media|Fanartikel|Nintendo Plüschfigur Feuer Blume||||11,99 €|11,99 €||||||||||||||EUR|Home> Multi-Media> Fanartikel> Nintendo Plüschfigur Feuer Blume|https://www.mueller.at/p/nintendo-plueschfigur-feuer-blume-2747238/|1 Stk.|18cm Plüsch||||||||||||||||||||||Non-Organic||||{'manufacturer': 'San-ei', 'Inhalt': '1 Stk.', 'Produkttyp': 'Fan-Artikel'}||||||||||||||0|0|2747238_1.png|https://static.mueller.de/6958434440-PV-0/pdzoom/nintendo-plueschfigur-feuer-blume.webp|2747238_2.png|https://static.mueller.de/6958434440-PB-1/pdzoom/nintendo-plueschfigur-feuer-blume.webp|2747238_3.png|https://static.mueller.de/6958434440-PB-2/pdzoom/nintendo-plueschfigur-feuer-blume.webp|2747238_4.png|https://static.mueller.de/6958434440-PB-3/pdzoom/nintendo-plueschfigur-feuer-blume.webp|2747238_5.png|https://static.mueller.de/6958434440-PB-4/pdzoom/nintendo-plueschfigur-feuer-blume.webp|2747238_6.png|https://static.mueller.de/6958434440-PB-5/pdzoom/nintendo-plueschfigur-feuer-blume.webp||||||||||||San-ei||||||||||1 Stk.|||True||2747238P|||||||||10
2786880|mueller||||||||2024-10-28|Bonduelle Lunch Bowl Bulgur|BONDUELLE||250|g|Home|Drogerie|Lebensmittel|Nahrung|Fertiggerichte & Konserven|Gemüsekonserven|Bonduelle Lunch Bowl Bulgur|2,99 €|2,99 €|||||||||||11,96 € / 1 kg|||EUR|Home> Drogerie> Lebensmittel> Nahrung> Fertiggerichte & Konserven> Gemüsekonserven> Bonduelle Lunch Bowl Bulgur|https://www.mueller.at/p/bonduelle-lunch-bowl-bulgur-2786880/|250 g|Gegarte, verzehrfertige Mischung aus Beluga-Linsen, Bulgur, gegrilltem Gemüse, Kirschtomaten, 3 % nativem Olivenöl extra, gewürzt.||Ungekühlt. Nach dem Öffnen im Kühlschrank aufbewahren.|||Italien|Enthält GLUTENHALTIGES GETREIDE (WEIZEN). Kann Spuren von SELLERIE enthalten.|||||{'Nährwerte je': '100g', 'Brennwert': '547 kj / 130 kcal', 'Fett in g': '2', '- davon gesättigte Fettsäuren in g': '0.3', 'Kohlenhydrate in g': '22', '- davon Zucker in g': '2', 'Eiweiß in g': '4.7', 'Salz in g': '0.73'}|||||||||||Non-Organic||||"{'Lagerhinweis': 'Ungekühlt. Nach dem Öffnen im Kühlschrank aufbewahren.', 'manufacturer': 'BDG GmbH', 'Herstelleradresse': 'Am Heilbrunnern 136/138, D-72766 Reutlingen', 'Kontaktmöglichkeit': 'www.bonduelle.de', 'Herkunftsland': 'Italien', 'Allergenhinweis': 'Enthält GLUTENHALTIGES GETREIDE (WEIZEN). Kann Spuren von SELLERIE enthalten.', 'Inhalt': '250 g', 'Eigenschaften': 'Laktosefrei|vegetarisch gemaeß Rezeptur|vegan laut Zutaten', 'Zutaten': '20 % Beluga Linsen, Wasser, 18 % vorgekochter BULGUR (HARTWEIZEN), gegrillte Paprika rot, gegrillte Auberginen, Kirschtomaten geschnitten, natives Olivenöl extra, Salz, Rosmarin, Schwarzer Pfeffer.', 'Produkttyp': 'Feinkost'}"||||||||||||||0|0|2786880_1.png|https://static.mueller.de/7080296108-PV-0/pdzoom/bonduelle-lunch-bowl-bulgur.webp||||||||||||||||||||||BDG GmbH||||||||||250 g|||True||2786880P|||||||||10
2747242|mueller||||||||2024-10-28|Nintendo Plüschfigur Super Stern|||1|Stk.|Home|Multi-Media|Fanartikel|Nintendo Plüschfigur Super Stern||||15,99 €|15,99 €||||||||||||||EUR|Home> Multi-Media> Fanartikel> Nintendo Plüschfigur Super Stern|https://www.mueller.at/p/nintendo-plueschfigur-super-stern-2747242/|1 Stk.|18cm Plüsch||||||||||||||||||||||Non-Organic||||{'manufacturer': 'San-ei', 'Inhalt': '1 Stk.', 'Produkttyp': 'Fan-Artikel'}||||||||||||||0|0|2747242_1.png|https://static.mueller.de/6958434579-PV-0/pdzoom/nintendo-plueschfigur-super-stern.webp|2747242_2.png|https://static.mueller.de/6958434579-PB-1/pdzoom/nintendo-plueschfigur-super-stern.webp|2747242_3.png|https://static.mueller.de/6958434579-PB-2/pdzoom/nintendo-plueschfigur-super-stern.webp|2747242_4.png|https://static.mueller.de/6958434579-PB-3/pdzoom/nintendo-plueschfigur-super-stern.webp||||||||||||||||San-ei||||||||||1 Stk.|||False||2747242P|||||||||1
2847389|mueller||||||||2024-10-28|Laura Biagiotti Forever Gold Eau de Parfum|LAURA BIAGIOTTI||30|ml|Home|Parfümerie|Düfte für Sie|Düfte|Laura Biagiotti Forever Gold Eau de Parfum|||58,95 €|58,95 €|||||||||||1 965,00 € / 1 l|||EUR|Home> Parfümerie> Düfte für Sie> Düfte> Laura Biagiotti Forever Gold Eau de Parfum|https://www.mueller.at/p/laura-biagiotti-forever-gold-eau-de-parfum-7221375254/|30 ml|Gold ist das älteste Edelmetall und ein Symbol für Licht und Ewigkeit, Luxus und Glück. Forever Gold For Her - das Pendant zu Forever, dem Duft von Laura Biagiotti, der der unendlichen Liebe einer Frau gewidmet ist - besitzt die betörende Sinnlichkeit eines Sonnenstrahls auf der Haut.  Die elegante Dufkomposition interpretiert die Frau von heute als ein Idol des Lichts – schön und mächtig, begehrenswert und stark. Forever Gold For Her ist ein Duft, der die schöpferische Energie der Frau zelebriert und die wunderbaren Kontraste von Schlichtheit und Opulenz hervorhebt, die die beiden Seelen einer Frau schmücken. Die Kopfnote eröffnet mit der würzigen Frische des Ingwers aus Madagaskar, die durch die leuchtende Süße der Knospen der schwarzen Johannisbeere und die fruchtige Fülle der Pflaume ergänzt wird. In der Herznote vereinen sich das hypnotische Aroma von Ylang Ylang mit der kraftvollen Sinnlichkeit von Tuberose und Jasmin. Die holzigen Noten des Sandelholzes werden in der Basisnote durch die Wärme der Vanille verstärkt, während die unergründliche Tiefe des Ambers ein Gefühl der Unendlichkeit vermittelt.  Die kraftvollen und sinnlichen Essenzen dieser Kreation verbergen sich in einem anmutigen Flakon, der bewusst dem Zeichen der Unendlichkeit nachempfunden ist. Er feiert die Liebe der Frauen: unendlich und ohne Grenzen pur.||||||||||||||||||||||Non-Organic||||{'target_group': 'Damen', 'manufacturer': 'Angelini Beauty GmbH', 'Herstelleradresse': 'Konrad-Zuse-Platz 2-12, 81829 München', 'fragrance_concentration': 'Eau de Parfum', 'top_note': 'Ingwer Öl Madagaskar, Schwarze Johannisbeere, Pflaume', 'heart_note': 'Ylang Ylang Öl Madagaskar, Tuberose, Jasmin', 'base_note': 'Sandelholz, Vanille, Amber', 'Anwendungshinweis': 'Das Eau de Parfum im Zerstäuberflakon erlaubt eine großzügige Anwendung auf Haut und Kleidung. Für eine langanhaltende Duftwirkung sprühen Sie das Produkt aus circa 15 bis 20 cm Entfernung auf die bevorzugte Stelle. Auf warmen Hautpartien entfaltet sich der Duft besonders gut. Vermeiden Sie den Kontakt mit den Augen.', 'application_type': 'Pumpzerstäuber', 'package_contents': 'Alcohol Denat., Parfum (Fragrance), Aqua (Water), Citronellol, Ethylhexyl Methoxycinnamate, Alpha-Isomethyl Ionone, Coumarin, Butyl Methoxydibenzoylmethane, Ethylhexyl Salicylate, Bht, Cinnamal, Tris(Tetramethylhydroxypiperidinol) Citrate, Eugenol, Benzyl Benzoate, Benzyl Salicylate, Citral, Farnesol, Linalool, Disodium Edta, Ci 19140 (Yellow 5), Ci 14700 (Red 4), Sodium Sulfate, Ci 17200 (Red 33).', 'Inhalt': '30 ml', 'fragrance_effect': 'sinnlich', 'Produkttyp': 'Eau de Parfum'}||||||||||||||0|0|2847389_1.png|https://static.mueller.de/7212120056-PV-0/pdzoom/laura-biagiotti-forever-gold-eau-de-parfum.webp|2847389_2.png|https://static.mueller.de/7212120056-VV-1/pdzoom/laura-biagiotti-forever-gold-eau-de-parfum.webp|2847389_3.png|https://static.mueller.de/7212120056-PB-2/pdzoom/laura-biagiotti-forever-gold-eau-de-parfum.webp|2847389_4.png|https://static.mueller.de/7212120056-PB-3/pdzoom/laura-biagiotti-forever-gold-eau-de-parfum.webp|2847389_5.png|https://static.mueller.de/7212120056-PB-4/pdzoom/laura-biagiotti-forever-gold-eau-de-parfum.webp|2847389_6.png|https://static.mueller.de/7212120056-PB-5/pdzoom/laura-biagiotti-forever-gold-eau-de-parfum.webp||||||||||||Angelini Beauty GmbH||||||||||30 ml|Alcohol Denat., Parfum (Fragrance), Aqua (Water), Citronellol, Ethylhexyl Methoxycinnamate, Alpha-Isomethyl Ionone, Coumarin, Butyl Methoxydibenzoylmethane, Ethylhexyl Salicylate, Bht, Cinnamal, Tris(Tetramethylhydroxypiperidinol) Citrate, Eugenol, Benzyl Benzoate, Benzyl Salicylate, Citral, Farnesol, Linalool, Disodium Edta, Ci 19140 (Yellow 5), Ci 14700 (Red 4), Sodium Sulfate, Ci 17200 (Red 33).||False||2847389P|||||||||1
2747247|mueller||||||||2024-10-28|Nintendo Plüschfigur Kirby PoyoPoyo|||1|Stk.|Home|Multi-Media|Fanartikel|Nintendo Plüschfigur Kirby PoyoPoyo||||39,99 €|39,99 €||||||||||||||EUR|Home> Multi-Media> Fanartikel> Nintendo Plüschfigur Kirby PoyoPoyo|https://www.mueller.at/p/nintendo-plueschfigur-kirby-poyopoyo-2747247/|1 Stk.|26cm Plüsch||||||||||||||||||||||Non-Organic||||{'manufacturer': 'San-ei', 'Inhalt': '1 Stk.', 'Produkttyp': 'Fan-Artikel'}||||||||||||||5.0|1|2747247_1.png|https://static.mueller.de/6958128208-PV-0/pdzoom/nintendo-plueschfigur-kirby-poyopoyo.webp|2747247_2.png|https://static.mueller.de/6958128208-PB-1/pdzoom/nintendo-plueschfigur-kirby-poyopoyo.webp||||||||||||||||||||San-ei||||||||||1 Stk.|||True||2747247P|||||||||10
2483021|mueller||||||||2024-10-28|Blink Auftragsbürste|BLINK||1|Stk.|Home|Drogerie|Haushalt|Haushaltsartikel|Schuh- & Textilpflege|Blink Auftragsbürste||2,29 €|2,29 €||||||||||||||EUR|Home> Drogerie> Haushalt> Haushaltsartikel> Schuh- & Textilpflege> Blink Auftragsbürste|https://www.mueller.at/p/blink-auftragsbuerste-2483021/|1 Stk.|Die Blink Auftragsbürste hat einen besonders dichten Besatz. Der Holzkörper ist angenehm handlich gefertigt.Der Artikel wird mit hellem oder dunklem Besatz geliefert. Die gelieferte Farbe ist zufällig und nicht auswählbar.||||||||||||||||||||||Non-Organic||||{'manufacturer': 'Lion Spirit Production & Sales GmbH', 'Herstelleradresse': 'Simonshöfchen 57, 42327 Wuppertal', 'Kontaktmöglichkeit': 'www.mueller.eu', 'Inhalt': '1 Stk.', 'Produkttyp': 'Schuhpflege'}||||||||||||||0|0|2483021_1.png|https://static.mueller.de/6803845510-PV-0/pdzoom/blink-auftragsbuerste.webp|2483021_2.png|https://static.mueller.de/6803845510-PB-1/pdzoom/blink-auftragsbuerste.webp||||||||||||||||||||Lion Spirit Production & Sales GmbH||||||||||1 Stk.|||True||2483021P|||||||||10
2483023|mueller||||||||2024-10-28|Blink Schuhglanzbürste|BLINK||1|Stk.|Home|Drogerie|Haushalt|Haushaltsartikel|Schuh- & Textilpflege|Blink Schuhglanzbürste||3,99 €|3,99 €||||||||||||||EUR|Home> Drogerie> Haushalt> Haushaltsartikel> Schuh- & Textilpflege> Blink Schuhglanzbürste|https://www.mueller.at/p/blink-schuhglanzbuerste-2483023/|1 Stk.|Die Blink Schuhglanzbürste hat einen besonders dichten Besatz. Der Holzkörper ist angenehm handlich gefertigt.||||||||||||||||||||||Non-Organic||||{'manufacturer': 'Lion Spirit Production & Sales GmbH', 'Herstelleradresse': 'Simonshöfchen 57, 42327 Wuppertal', 'Kontaktmöglichkeit': 'www.mueller.eu', 'Inhalt': '1 Stk.', 'Produkttyp': 'Schuhpflege'}||||||||||||||0|0|2483023_1.png|https://static.mueller.de/6803845474-PV-0/pdzoom/blink-schuhglanzbuerste.webp||||||||||||||||||||||Lion Spirit Production & Sales GmbH||||||||||1 Stk.|||True||2483023P|||||||||10
2786898|mueller||||||||2024-10-28|Bonduelle Lunch Bowl Quinoa|BONDUELLE||250|g|Home|Drogerie|Lebensmittel|Nahrung|Fertiggerichte & Konserven|Gemüsekonserven|Bonduelle Lunch Bowl Quinoa|2,99 €|2,99 €|||||||||||11,96 € / 1 kg|||EUR|Home> Drogerie> Lebensmittel> Nahrung> Fertiggerichte & Konserven> Gemüsekonserven> Bonduelle Lunch Bowl Quinoa|https://www.mueller.at/p/bonduelle-lunch-bowl-quinoa-2786898/|250 g|Gegarte, verzehrfertige Mischung aus Karotten, Kichererbsen, Gemüsemais, Quinoa, 4% nativem Olivenöl extra, gewürzt.||Ungekühlt. Nach dem Öffnen im Kühlschrank aufbewahren und innerhalb eines Tages verbrauchen.||||Kann Spuren von Sellerie enthalten.|||||{'Nährwerte je': '100', 'Brennwert': '512 kj / 122 kcal', 'Fett in g': '3,1', '- davon gesättigte Fettsäuren in g': '0,4', 'Kohlenhydrate in g': '17', '- davon Zucker in g': '2,1', 'Eiweiß in g': '4,6', 'Salz in g': '0,77'}|||||||||||Non-Organic||||"{'Lagerhinweis': 'Ungekühlt. Nach dem Öffnen im Kühlschrank aufbewahren und innerhalb eines Tages verbrauchen.', 'manufacturer': 'BDG GmbH', 'Herstelleradresse': 'Am Heilbrunnern 136/138, D-72766 Reutlingen', 'Kontaktmöglichkeit': 'www.bonduelle.de', 'Allergenhinweis': 'Kann Spuren von Sellerie enthalten.', 'Inhalt': '250 g', 'Eigenschaften': 'vegan laut Zutaten|vegetarisch gemaeß Rezeptur', 'Zutaten': 'Wasser, 20 % Karottenscheiben, 17 % Kichererbsen, 16 % Gemüsemais, 8 % Quinoa rot, 8 % Quinoa weiß, 4 % natives Olivenöl extra, Salz, Thymian, konzentrierter Zitronensaft, Schwarzer Pfeffer.', 'Produkttyp': 'Feinkost', 'Zubereitungshinweis': 'Produkt ist kalt verzehrfertig. Zur heißen Verwendung: In der Mikrowelle 1 min. bei 800 W erhitzen. In der Pfanne 1-2 min. erhitzen.'}"||||||||||||||3.6667|3|2786898_1.png|https://static.mueller.de/pdzoom/3083681139709.webp||||||||||||||||||||||BDG GmbH||||||||||250 g|||True||2786898P|||||||||10
2483024|mueller||||||||2024-10-28|Blink Kleiderbürste|BLINK||1|Stk.|Home|Drogerie|Haushalt|Haushaltsartikel|Schuh- & Textilpflege|Blink Kleiderbürste||3,49 €|3,49 €||||||||||||||EUR|Home> Drogerie> Haushalt> Haushaltsartikel> Schuh- & Textilpflege> Blink Kleiderbürste|https://www.mueller.at/p/blink-kleiderbuerste-2483024/|1 Stk.|Die Blink Kleiderbürste hat einen besonders dichten Besatz. Der Holzkörper ist angenehm handlich gefertigt.||||||||||||||||||||||Non-Organic||||{'manufacturer': 'Lion Spirit Production & Sales GmbH', 'Herstelleradresse': 'Simonshöfchen 57, 42327 Wuppertal', 'Kontaktmöglichkeit': 'www.mueller.eu', 'Inhalt': '1 Stk.', 'Produkttyp': 'Textilpflege'}||||||||||||||0|0|2483024_1.png|https://static.mueller.de/6803845619-PV-0/pdzoom/blink-kleiderbuerste.webp||||||||||||||||||||||Lion Spirit Production & Sales GmbH||||||||||1 Stk.|||True||2483024P|||||||||10
2786899|mueller||||||||2024-10-28|Bonduelle Lunch Bowl Dinkel|BONDUELLE||250|g|Home|Drogerie|Lebensmittel|Nahrung|Fertiggerichte & Konserven|Gemüsekonserven|Bonduelle Lunch Bowl Dinkel|2,99 €|2,99 €|||||||||||11,96 € / 1 kg|||EUR|Home> Drogerie> Lebensmittel> Nahrung> Fertiggerichte & Konserven> Gemüsekonserven> Bonduelle Lunch Bowl Dinkel|https://www.mueller.at/p/bonduelle-lunch-bowl-dinkel-2786899/|250 g|Gegarte, verzehrfertige Mischung aus Dinkelweizen, Erbsen, Schwarzaugenbohnen, Kirschtomaten, gegrillter Paprika, Grünen Oliven, 3 % nativem Olivenöl extra, gewürzt.||Ungekühlt. Nach dem Öffnen im Kühlschrank aufbewahren.|||Italien|Enthält GLUTENHALTIGES GETREIDE (WEIZEN). Kann Spuren von SELLERIE enthalten.|||||{'Nährwerte je': '100g', 'Brennwert': '529 kj / 126 kcal', 'Fett in g': '2.2', '- davon gesättigte Fettsäuren in g': '0.4', 'Kohlenhydrate in g': '20', '- davon Zucker in g': '1.6', 'Eiweiß in g': '4.7', 'Salz in g': '0.82'}|||||||||||Non-Organic||||"{'Lagerhinweis': 'Ungekühlt. Nach dem Öffnen im Kühlschrank aufbewahren.', 'manufacturer': 'BDG GmbH', 'Herstelleradresse': 'Am Heilbrunnern 136/138, D-72766 Reutlingen', 'Kontaktmöglichkeit': 'www.bonduelle.de', 'Herkunftsland': 'Italien', 'Allergenhinweis': 'Enthält GLUTENHALTIGES GETREIDE (WEIZEN). Kann Spuren von SELLERIE enthalten.', 'Inhalt': '250 g', 'Eigenschaften': 'Laktosefrei|vegetarisch gemaeß Rezeptur|vegan laut Zutaten', 'Zutaten': 'Erbsen, Wasser, vorgekochter DINKELWEIZEN, Schwarzaugenbohnen, gegrillte Paprika rot, Kirschtomaten geschnitten, natives Olivenöl extra, Oliven grün, Salz, Schwarzer Pfeffer, Basilikum.', 'Produkttyp': 'Feinkost'}"||||||||||||||0|0|2786899_1.png|https://static.mueller.de/7080296149-PV-0/pdzoom/bonduelle-lunch-bowl-dinkel.webp||||||||||||||||||||||BDG GmbH||||||||||250 g|||True||2786899P|||||||||10
2747214|mueller||||||||2024-10-28|Käfer Glücks Schokolade Piemonteser Nuss 40% Kakao|KÄFER||100|g|Home|Drogerie|Lebensmittel|Süßigkeiten|Schokolade|Käfer Glücks Schokolade Piemonteser Nuss 40% Kakao||5,95 €|5,95 €|||||||||||59,50 € / 1 kg|||EUR|Home> Drogerie> Lebensmittel> Süßigkeiten> Schokolade> Käfer Glücks Schokolade Piemonteser Nuss 40% Kakao|https://www.mueller.at/p/kaefer-gluecks-schokolade-piemonteser-nuss-40-kakao-2747214/|100 g|Diese Vollmilchschokolade mit einem Kakaoanteil von 40% wird durch das lange Conchieren bei der Herstellung zart und zergeht angenehm leicht auf der Zunge. Die ausgewählten Kakaosorten für diese Schokolade geben ihre einmaligen Aromen zu einer feinen Vollmilchschokolade ab. Die so entstandene perfekte Harmonie wird unterstützt durch modernste Herstellung. Unter ständiger Qualitätskontrolle wird bis zum händischen Schöpfen der Schokolade die Tradition des Schokoladenhandwerks aufrechterhalten und sorgt für feinen Geschmack, dem der Name Feinkost Käfer gebührt.|||||Deutschland|VOLLMILCHPULVER, HASELNÜSSE, SOJALECITHINE.|||||{'Nährwerte je': '100g', 'Brennwert': '2450 kj / 589 kcal', 'Fett in g': '42', '- davon gesättigte Fettsäuren in g': '22', 'Kohlenhydrate in g': '45', '- davon Zucker in g': '43', 'Eiweiß in g': '7.6', 'Salz in g': '0.14'}|||||||||||Non-Organic||||{'manufacturer': 'Feinkost Käfer GmbH', 'Herstelleradresse': 'Heimstettener Str. 1, 85599 Parsdorf', 'Herkunftsland': 'Deutschland', 'Allergenhinweis': 'VOLLMILCHPULVER, HASELNÜSSE, SOJALECITHINE.', 'Inhalt': '100 g', 'Zutaten': 'Zucker, Kakaobutter, VOLLMILCHPULVER, Kakaomasse, HASELNÜSSE, Emulgator: SOJALECITHINE, natürlicher Vanilleextrakt.', 'Produkttyp': 'Schokoladenartikel'}||||||||||||||0|0|2747214_1.png|https://static.mueller.de/6955503978-PV-0/pdzoom/kaefer-gluecks-schokolade-piemonteser-nuss-40-kakao.webp||||||||||||||||||||||Feinkost Käfer GmbH||||||||||100 g|||False||2747214P|||||||||1
2879283|mueller||||||||2024-10-28|GLISS Night Elixier Ultimate Repair|SCHWARZKOPF||100|ml|Home|Drogerie|Pflege|Haarpflege|Haarpflege|Haarkur & Maske|GLISS Night Elixier Ultimate Repair|8,95 €|8,95 €|||||||||||89,50 € / 1 l|||EUR|Home> Drogerie> Pflege> Haarpflege> Haarpflege> Haarkur & Maske> GLISS Night Elixier Ultimate Repair|https://www.mueller.at/p/gliss-night-elixier-ultimate-repair-IPN2879283/|100 ml|"Gliss Night Elixier Ultimate Repair – Haarserum regeneriert das Haar im Schlaf
Gliss Night Elixier mit HAPTIQ System regeneriert dein Haar im Schlaf und repariert es langanhaltend. Die Haarpflege für geschädigtes Haar nutzt die Nacht, um tief in die Haarfaser einzudringen und hinterlässt schönes, weiches und regeneriertes Haar mit bis zu 25-mal mehr Widerstandskraft¹. Das Serum mit tiefenwirksamer Formel und entspannendem Duft zieht sofort ein und hinterlässt keine Spuren auf dem Kopfkissen. Vor dem Schlafengehen einfach 2–4 Pumpstöße der Haarkur sanft in das nasse oder trockene Haar einarbeiten. Nicht ausspülen. Wache mit schönem und repariertem Haar auf! Einfach durchbürsten und den Tag beginnen! Das Haarserum kann jeden Abend verwendet werden.
Gliss Haarprodukte sind von PETA zertifiziert². Die Inhaltsstoffe dieses Haarpflege-Elixiers sind zu 92 % natürlichen Ursprungs³.
Die Produktvorteile im Detail: 

Night Elixier Haarserum regeneriert das Haar über Nacht
Mit HAPTIQ System & Perlen-Extrakt
Hinterlässt schönes, weiches und regeneriertes Haar
Zieht sofort ein
Mit entspannendem Duft 
100 % stärkeres Haar¹

Anwendung: Vor dem Schlafengehen einfach 2–4 Pumpstöße sanft in das nasse oder trockene Haar einarbeiten. Nicht ausspülen. Wache mit schönem und repariertem Haar auf! Einfach durchbürsten und den Tag beginnen! Kann jeden Abend genutzt werden.
¹ im Vergleich zu unbehandeltem Haar² Global Animal Test Policy³ inklusive Wasser Sorglos über Nacht – Die tiefenwirksame Formel der Haarkur mit entspannendem Duft zieht sofort ein und hinterlässt keine Spuren auf dem Kopfkissen,Einfache Anwendung – Vor dem Schlafengehen 2–4 Pumpstöße in das nasse oder trockene Haar einarbeiten. Nicht ausspülen. Am nächsten Tag einfach durchbürsten und den Tag beginnen,Gliss Night Elixier Serum – Die Haarpflege für geschädigtes Haar mit HAPTIQ System und Perlen-Extrakt verwandelt sehr geschädigtes Haar und regeneriert es über Nacht,Wunderschönes Haar über Nacht – Das Hair Serum nutzt die Nacht, um tief in die Haarfaser einzudringen und hinterlässt schönes, weiches und regeneriertes Haar,Mit HAPTIQ System – Das System baut eine Schutzschicht um das Haar herum, erstellt neue Micro-Bonds tief in den Haarfasern und sorgt für eine Wiederherstellung der Haarstärke"||||||||||||||||||||||Non-Organic||||"{'Effekt': 'pflegend', 'hair_type': 'alle Haartypen', 'target_group': 'Herren|Unisex|Damen', 'manufacturer': 'Henkel AG & Co. KGaA', 'Herstelleradresse': 'D-40191 Düsseldorf, Germany', 'Kontaktmöglichkeit': '0800 38 38 838', 'Anwendungshinweis': 'Vor dem Schlafengehen 2-4 Pumpstöße sanft in das nasse oder trockene Haar einarbeiten. Nicht ausspülen. Wache mit schönem und repariertem Haar auf - einfach durchbürsten und den Tag beginnen! Kann jeden Abend genutzt werden.', 'package_contents': 'Aqua (Water, Eau), Dimethicone, Cetearyl Alcohol, Behentrimonium Chloride, Laureth-4, Isopropyl Myristate, Hydroxyoctanone, Hydrolyzed Pearl, Panthenol, Betaine, Cetrimonium Chloride, Hydroxyethylcellulose, Parfum (Fragrance), Distearoylethyl Hydroxyethylmonium Methosulfate, Isopropyl Alcohol, Propylene Glycol, Glycerin, Citric Acid, Sodium Salicylate, Quaternium-87, Phenoxyethanol, Quaternium-91, Methylparaben, Cetrimonium Methosulfate, Laureth-23, Linalool, Benzyl Salicylate, Limonene, Alpha-Isomethyl Ionone, Citronellol, Benzyl Alcohol, Coumarin, Potassium Sorbate, Sorbic Acid', 'product_property': 'reinigend', 'Inhalt': '100 ml', 'Produkttyp': 'Haarkur'}"||||||||||||||4.7759|58|2879283_1.png|https://static.mueller.de/markant_04015100813951_pv_4450509/pdzoom/gliss-night-elixier-ultimate-repair.webp|2879283_2.png|https://static.mueller.de/markant_04015100813951_pr_4450510/pdzoom/gliss-night-elixier-ultimate-repair.webp|2879283_3.png|https://static.mueller.de/markant_04015100813951_pd_4584541/pdzoom/gliss-night-elixier-ultimate-repair.webp|2879283_4.png|https://static.mueller.de/markant_04015100813951_pd_4584539/pdzoom/gliss-night-elixier-ultimate-repair.webp|2879283_5.png|https://static.mueller.de/markant_04015100813951_pd_4584543/pdzoom/gliss-night-elixier-ultimate-repair.webp|2879283_6.png|https://static.mueller.de/markant_04015100813951_pd_4584542/pdzoom/gliss-night-elixier-ultimate-repair.webp||||||||||||Henkel AG & Co. KGaA||||||||||100 ml|Aqua (Water, Eau), Dimethicone, Cetearyl Alcohol, Behentrimonium Chloride, Laureth-4, Isopropyl Myristate, Hydroxyoctanone, Hydrolyzed Pearl, Panthenol, Betaine, Cetrimonium Chloride, Hydroxyethylcellulose, Parfum (Fragrance), Distearoylethyl Hydroxyethylmonium Methosulfate, Isopropyl Alcohol, Propylene Glycol, Glycerin, Citric Acid, Sodium Salicylate, Quaternium-87, Phenoxyethanol, Quaternium-91, Methylparaben, Cetrimonium Methosulfate, Laureth-23, Linalool, Benzyl Salicylate, Limonene, Alpha-Isomethyl Ionone, Citronellol, Benzyl Alcohol, Coumarin, Potassium Sorbate, Sorbic Acid||True||2879283P|||||||||10
2879284|mueller||||||||2024-10-28|GLISS Night Elixier Anti-Spliss Wunder 100 ml|SCHWARZKOPF||100|ml|Home|Drogerie|Pflege|Haarpflege|Haarpflege|Haarspülung|GLISS Night Elixier Anti-Spliss Wunder 100 ml|8,95 €|8,95 €|||||||||||89,50 € / 1 l|||EUR|Home> Drogerie> Pflege> Haarpflege> Haarpflege> Haarspülung> GLISS Night Elixier Anti-Spliss Wunder 100 ml|https://www.mueller.at/p/gliss-night-elixier-anti-spliss-wunder-100-ml-IPN2879284/|100 ml|"Gliss Night Elixier Anti-Spliss Wunder – Haarserum versiegelt Spliss im Schlaf
Gliss Night Elixier mit HAPTIQ System versiegelt Spliss im Schlaf und repariert dein Haar langanhaltend. Die Haarpflege nutzt die Nacht, um tief in die Haarfaser einzudringen und hinterlässt schönes, weiches und starkes Haar. Dabei sorgt das Haarserum für bis zu 97 % weniger Spliss¹. Das Serum mit tiefenwirksamer Formel und entspannendem Duft zieht sofort ein und hinterlässt keine Spuren auf dem Kopfkissen. Vor dem Schlafengehen einfach 2–4 Pumpstöße der Haarkur sanft in das nasse oder trockene Haar einarbeiten. Nicht ausspülen. Wache mit schönem und repariertem Haar auf! Einfach durchbürsten und den Tag beginnen! Kann jeden Abend genutzt werden.
Gliss Haarprodukte sind von PETA zertifiziert². Die Inhaltsstoffe dieses Haarpflege-Elixiers sind zu 92 % natürlichen Ursprungs³.
Die Produktvorteile im Detail: 

Night Elixier Haarserum versiegelt Spliss im Schlaf
Mit HAPTIQ System & Ion-Komplex
Hinterlässt schönes, weiches und starkes Haar
Zieht sofort ein
Mit entspannendem Duft 
100 % stärkeres Haar¹

Anwendung: Vor dem Schlafengehen einfach 2–4 Pumpstöße sanft in das nasse oder trockene Haar einarbeiten. Nicht ausspülen. Wache mit schönem und repariertem Haar auf! Einfach durchbürsten und den Tag beginnen! Kann jeden Abend genutzt werden.
¹ im Vergleich zu unbehandeltem Haar² Global Animal Test Policy³ inklusive Wasser Gliss Night Elixier Serum – Die Haarpflege mit HAPTIQ System und Ion-Komplex versiegelt Haarspliss im Schlaf und repariert dein Haar langanhaltend,Wunderschönes Haar über Nacht – Das Hair Serum nutzt die Nacht, um tief in die Haarfaser einzudringen und hinterlässt schönes, weiches und starkes Haar,Mit HAPTIQ System – Das System baut eine Schutzschicht um das Haar herum, erstellt neue Micro-Bonds tief in den Haarfasern und sorgt für eine Wiederherstellung der Haarstärke,Sorglos über Nacht – Die tiefenwirksame Formel der Haarkur mit entspannendem Duft zieht sofort ein und hinterlässt keine Spuren auf dem Kopfkissen,Einfache Anwendung – Vor dem Schlafengehen 2–4 Pumpstöße in das nasse oder trockene Haar einarbeiten. Nicht ausspülen. Am nächsten Tag einfach durchbürsten und den Tag beginnen"||||||||||||||||||||||Non-Organic||||"{'Effekt': 'pflegend', 'hair_type': 'alle Haartypen', 'target_group': 'Herren|Unisex|Damen', 'manufacturer': 'Henkel AG & Co. KGaA', 'Herstelleradresse': 'D-40191 Düsseldorf, Germany', 'Kontaktmöglichkeit': '0800 38 38 838', 'Anwendungshinweis': 'Vor dem Schlafengehen 2-4 Pumpstöße sanft in das nasse oder trockene Haar einarbeiten. Nicht ausspülen. Wache mit schönem und repariertem Haar auf - einfach durchbürsten und den Tag beginnen! Kann jeden Abend genutzt werden.', 'package_contents': 'Aqua (Water, Eau), Dimethicone, Cetearyl Alcohol, Behentrimonium Chloride, Laureth-4, Isopropyl Myristate, Hydroxyoctanone, Glycerin, Cetrimonium Chloride, Panthenol, Betaine, Hydroxyethylcellulose, Parfum (Fragrance), Distearoylethyl Hydroxyethylmonium Methosulfate, Isopropyl Alcohol, Propylene Glycol, Cetrimonium Methosulfate, Phenoxyethanol, Citric Acid, Sodium Salicylate, Quaternium-87, Quaternium-91, Methylparaben, Laureth-23, Linalool, Benzyl Salicylate, Limonene, Alpha-Isomethyl Ionone, Citronellol, Benzyl Alcohol, Coumarin', 'product_property': 'reinigend', 'Inhalt': '100 ml', 'Produkttyp': 'Haarspülung & Conditioner'}"||||||||||||||4.7206|68|2879284_1.png|https://static.mueller.de/markant_04015100813975_pv_4450511/pdzoom/gliss-night-elixier-anti-spliss-wunder-100-ml.webp|2879284_2.png|https://static.mueller.de/markant_04015100813975_pr_4621841/pdzoom/gliss-night-elixier-anti-spliss-wunder-100-ml.webp|2879284_3.png|https://static.mueller.de/markant_04015100813975_pd_4584554/pdzoom/gliss-night-elixier-anti-spliss-wunder-100-ml.webp|2879284_4.png|https://static.mueller.de/markant_04015100813975_pd_4584551/pdzoom/gliss-night-elixier-anti-spliss-wunder-100-ml.webp|2879284_5.png|https://static.mueller.de/markant_04015100813975_pd_4584547/pdzoom/gliss-night-elixier-anti-spliss-wunder-100-ml.webp|2879284_6.png|https://static.mueller.de/markant_04015100813975_pd_4584550/pdzoom/gliss-night-elixier-anti-spliss-wunder-100-ml.webp||||||||||||Henkel AG & Co. KGaA||||||||||100 ml|Aqua (Water, Eau), Dimethicone, Cetearyl Alcohol, Behentrimonium Chloride, Laureth-4, Isopropyl Myristate, Hydroxyoctanone, Glycerin, Cetrimonium Chloride, Panthenol, Betaine, Hydroxyethylcellulose, Parfum (Fragrance), Distearoylethyl Hydroxyethylmonium Methosulfate, Isopropyl Alcohol, Propylene Glycol, Cetrimonium Methosulfate, Phenoxyethanol, Citric Acid, Sodium Salicylate, Quaternium-87, Quaternium-91, Methylparaben, Laureth-23, Linalool, Benzyl Salicylate, Limonene, Alpha-Isomethyl Ionone, Citronellol, Benzyl Alcohol, Coumarin||True||2879284P|||||||||10
442475|mueller||||||||2024-10-28|BRIO Bahn - Meine erste BRIO Bahn Spiel Set|BRIO||1|Stk.|Home|Spielwaren|Baby & Kleinkind|Kleinkindspielzeug|BRIO Bahn - Meine erste BRIO Bahn Spiel Set|||46,99 €|46,99 €|46,99 €|39,99 €||||15%|Sie sparen 15%|||||||EUR|Home> Spielwaren> Baby & Kleinkind> Kleinkindspielzeug> BRIO Bahn - Meine erste BRIO Bahn Spiel Set|https://www.mueller.at/p/brio-bahn-meine-erste-brio-bahn-spiel-set-442475/|1 Stk.|Meine erste BRIO Bahn Spiel SetDieses große  Einsteiger Set enthält diverse Schienen und eine farbenfrohe Hängebrücke. Der bunte Zug mitcleveren Verbindungsmagneten, die in jeder Richtung verbunden werden können und die farbigen Auf- und Abfahrtsrampen eignen sich perfekt, um schon bei den Jüngsten ein erstes Interesse für die Spielzeug-Eisenbahn hervorzurufen.||||||||2 Jahre||||||||||||||Non-Organic||||{'target_group': 'Kleinkinder', 'Artikelnummer des Herstellers': '33727', 'license': 'BRIO Bahn Sets', 'Altersempfehlung ab': '2 Jahre', 'Altersempfehlung bis': '4 Jahre', 'Inhalt': '1 Stk.', 'Produkttyp': 'Kindergarten'}||||||||||||||5.0|1|442475_1.png|https://static.mueller.de/509349976-PV-0/pdzoom/brio-bahn-meine-erste-brio-bahn-spiel-set.webp|442475_2.png|https://static.mueller.de/509349976-PB-1/pdzoom/brio-bahn-meine-erste-brio-bahn-spiel-set.webp|442475_3.png|https://static.mueller.de/509349976-PB-2/pdzoom/brio-bahn-meine-erste-brio-bahn-spiel-set.webp|442475_4.png|https://static.mueller.de/509349976-PB-3/pdzoom/brio-bahn-meine-erste-brio-bahn-spiel-set.webp|442475_5.png|https://static.mueller.de/509349976-PB-4/pdzoom/brio-bahn-meine-erste-brio-bahn-spiel-set.webp|442475_6.png|https://static.mueller.de/509349976-PB-5/pdzoom/brio-bahn-meine-erste-brio-bahn-spiel-set.webp||||||||||||33727||||||||||1 Stk.|||False||442475P|||||||||1
2879274|mueller||||||||2024-10-28|BRIO Bahn - Rettungshubschrauber, Empfohlen für Kinder ab 3 Jahren|BRIO||1|Stk.|Home|Spielwaren|Baby & Kleinkind|Kleinkindspielzeug|BRIO Bahn - Rettungshubschrauber, Empfohlen für Kinder ab 3 Jahren|||29,99 €|29,99 €||||||||||||||EUR|Home> Spielwaren> Baby & Kleinkind> Kleinkindspielzeug> BRIO Bahn - Rettungshubschrauber, Empfohlen für Kinder ab 3 Jahren|https://www.mueller.at/p/brio-bahn-rettungshubschrauber-empfohlen-fuer-kinder-ab-3-jahren-IPN2879274/|1 Stk.|"Toller Rettungshubschrauber mit Pilot, Patient und Trage. Nach der Landung des Hubschraubers kann der Verletzte auf die Trage gelegt werden und der Pilot fliegt ihn ins Krankenhaus.
Auf zum Rettungseinsatz mit dem 36022 Rettungshubschrauber! Der Hubschrauber ist mit drehbaren Rotorblättern, sich öffnenden Front- und Hecktüren und einer Trage ausgestattet. Der Pilot riskiert manchmal Kopf und Kragen, um der verletzten Person zu helfen. Er legt den Patienten auf die Trage und lädt diese dann hinten in den Hubschrauber, bevor er wieder abhebt und zurück zur Basis fliegt


Über die BRIO World: Die BRIO World ist unser unbegrenztes Spielsystem, das mit Ihrem Kind mitwächst. Alle Spielzeuge der BRIO World, von unseren Holzschienen bis zu unseren Fahrzeugen und Figuren, passen zusammen und lassen sich zu einer Spielewelt kombinieren, die sich hervorragend eignet, um die kindliche Entwicklung zu fördern. Endlose fantasievolle Spielmöglichkeiten warten nur darauf, erkundet zu werden, und dieser liebevoll gestaltete Hubschrauber passt perfekt zu den vorhandenen Rettungsfahrzeugen der BRIO World mit Polizei- und Feuerwehrthema.
Inhalt:
1 x Rettungshubschrauber, 1 x Pilotfigur, 1 x Patientenfigur, 1 x Trage."||||||||3 Monate||||||||||||||Non-Organic||||"{'target_group': 'Kindergartenkinder|Grundschüler', 'Artikelnummer des Herstellers': '36022', 'Altersempfehlung ab': '3 Monate', 'Inhalt': '1 Stk.', 'Produkttyp': 'Kindergarten'}"||||||||||||||5.0|1|2879274_1.png|https://static.mueller.de/pdzoom/7312350360226.webp|2879274_2.png|https://static.mueller.de/pdzoom/7312350360226_3.webp|2879274_3.png|https://static.mueller.de/pdzoom/7312350360226_2.webp|2879274_4.png|https://static.mueller.de/pdzoom/7312350360226_4.webp|2879274_5.png|https://static.mueller.de/pdzoom/7312350360226_5.webp|2879274_6.png|https://static.mueller.de/pdzoom/7312350360226_6.webp||||||||||||36022||||||||||1 Stk.|||True||2879274P|||||||||8
442471|mueller||||||||2024-10-28|folia Schmucksteine-Set Elegance|FOLIA||1|Stk.|Home|Schreibwaren|Bastelbedarf|Bastelsets|folia Schmucksteine-Set Elegance|||7,39 €|7,39 €||||||||||||||EUR|Home> Schreibwaren> Bastelbedarf> Bastelsets> folia Schmucksteine-Set Elegance|https://www.mueller.at/p/folia-schmucksteine-set-elegance-442471/|1 Stk.|"Schmucksteine-Set Elegance. Set mit verschiedenen Beuteln, welche aufeinander abgestimmte
Schmucksteinen aus Acryl enthalten. Ideal geeignet
zum Verzieren Ihrer Grußkarten, Einladungen, Bastelarbeiten,
Scrapbooking u.v.m."||||||||||||||||||||||Non-Organic||||{'scope_of_delivery': 'über 800 Teile, sortiert', 'Inhalt': '1 Stk.', 'Produkttyp': 'Bastelsets'}||||||||||||||0|0|442471_1.png|https://static.mueller.de/5892352924-PV-0/pdzoom/folia-schmucksteine-set-elegance.webp|442471_2.png|https://static.mueller.de/5892352924-PB-1/pdzoom/folia-schmucksteine-set-elegance.webp||||||||||||||||||||||||||||||1 Stk.|||True||442471P|||||||||10
61811|mueller||||||||2024-10-28|Ritter Sport 100G Knusperkeks Tafel|RITTER SPORT||100|g|Home|Drogerie|Lebensmittel|Süßigkeiten|Schokolade|Ritter Sport 100G Knusperkeks Tafel||1,59 €|1,59 €|||||||||||15,90 € / 1 kg|||EUR|Home> Drogerie> Lebensmittel> Süßigkeiten> Schokolade> Ritter Sport 100G Knusperkeks Tafel|https://www.mueller.at/p/ritter-sport-100g-knusperkeks-tafel-61811/|100 g|DA BLEIBT KEIN KRÜMEL ÜBRIG.,In unserer RITTER SPORT Knusperkeks steckt ein echtes Unikat – ein quadratischer Butterkeks. Speziell für diese Tafel wird er mit einer Extraportion Butter gebacken und anschließend passgenau in seine Hülle aus Kakaocreme und knackiger Vollmilchschokolade eingelegt. Fast zu schade, ihn zu essen. Wie gesagt: fast.,100% zertifiziert nachhaltiger Kakaobezug gefüllte Vollmilchschokolade mit einer kakaohaltigen Creme und einem Butterkeksqadratischer Butterkeks umhüllt von Kakaocreme und knackiger Vollmilchschokolade100% zertifiziert nachhaltiger Kakaobezug||Vor Wärme und Feuchtigkeit schützen.|||||||||{'Nährwerte je': '100  g', 'Brennwert': '2269 kj / 544 kcal', 'Fett in g': '32.0 g', '- davon gesättigte Fettsäuren in g': '19.0 g', 'Kohlenhydrate in g': '57.0 g', '- davon Zucker in g': '50.0 g', 'Eiweiß in g': '6.2 g', 'Salz in g': '0.33 g'}|||||||||||Non-Organic||||{'Lagerhinweis': 'Vor Wärme und Feuchtigkeit schützen.', 'manufacturer': 'Alfred Ritter GmbH & Co. KG', 'Herstelleradresse': 'D-71111 Waldenbuch, Deutschland', 'Kontaktmöglichkeit': 'ritter-sport@office-direkt.de', 'Inhalt': '100 g', 'Zutaten': 'Zucker, Palmfett*, Kakaobutter¹, Kakaomasse¹, VollMILCHpulver, WEIZENmehl, MagerMILCHpulver, LAKTOSE, , BUTTERreinfett, BUTTER (1 %), Emulgator: Lecithine (SOJA), WEIZENstärke, Glukose-Fruktose-Sirup, Salz, SüßMOLKEnpulver. *zertifiziert nachhaltig. Kann Spuren von Erdnüssen, Schalenfrüchten und Ei enthalten.\n¹Rainforest Alliance Certified.', 'Produkttyp': 'Schokoladenartikel'}||||||||||||||0|0|61811_1.png|https://static.mueller.de/markant_04000417621412_pv_3246137/pdzoom/ritter-sport-100g-knusperkeks-tafel.webp||||||||||||||||||||||Alfred Ritter GmbH & Co. KG||||||||||100 g|||True||61811P|||||||||5
824794|mueller||||||||2024-10-28|Asylum|||1|Stk.|Home|Multi-Media|Musik|Rock|Asylum|||5,99 €|5,99 €||||||||||||||EUR|Home> Multi-Media> Musik> Rock> Asylum|https://www.mueller.at/p/asylum-824794/|1 Stk.|||||||||||||||||||||||Non-Organic||||{'medium': 'CD', 'Künstler': 'Disturbed', 'Inhalt': '1 Stk.', 'Anzahl Medien im Artikel': '1', 'genre': 'Rock international', 'Label': 'WB'}||||||||||||||0|0|824794_1.png|https://static.mueller.de/pdzoom/phononet_0093624966487_pv_0093624966487-0600px-001.webp|824794_2.png|https://static.mueller.de/pdzoom/phononet_0093624966487_pr_0093624966487-0600px-002.webp|824794_3.png|https://static.mueller.de/130848946-PR-1/pdzoom/asylum.webp||||||||||||||||||||||||||||1 Stk.|||True||824794P|||||||||5
2879286|mueller||||||||2024-10-28|GLISS Night Elixier Aqua Revive 100 ml|SCHWARZKOPF||100|ml|Home|Drogerie|Pflege|Haarpflege|Haarpflege|Haarspülung|GLISS Night Elixier Aqua Revive 100 ml|8,95 €|8,95 €|||||||||||89,50 € / 1 l|||EUR|Home> Drogerie> Pflege> Haarpflege> Haarpflege> Haarspülung> GLISS Night Elixier Aqua Revive 100 ml|https://www.mueller.at/p/gliss-night-elixier-aqua-revive-100-ml-IPN2879286/|100 ml|"Gliss Night Elixier Aqua Revive – Haarserum versorgt dein Haar im Schlaf mit Feuchtigkeit 
Gliss Night Elixier mit HAPTIQ System versorgt dein Haar im Schlaf mit Feuchtigkeit und repariert es langanhaltend. Die Haarpflege für normales bis trockenes Haar nutzt die Nacht, um tief in die Haarfaser einzudringen und hinterlässt schönes, weiches und regeneriertes Haar. Dabei spendet das Gliss Serum dem Haar nach nur einer Anwendung bis zu 48 Stunden Feuchtigkeit. Das Haarserum mit tiefenwirksamer Formel und entspannendem Duft zieht sofort ein und hinterlässt keine Spuren auf dem Kopfkissen. Vor dem Schlafengehen einfach 2–4 Pumpstöße der Haarkur sanft in das nasse oder trockene Haar einarbeiten. Nicht ausspülen. Wache mit schönem und repariertem Haar auf! Einfach durchbürsten und den Tag beginnen! Das Haarserum kann jeden Abend verwendet werden.
Gliss Haarprodukte sind von PETA zertifiziert¹. Die Inhaltsstoffe dieses Haarpflege-Elixiers sind zu 92 % natürlichen Ursprungs².
Die Produktvorteile im Detail: 

Night Elixier Haarserum regeneriert das Haar über Nacht
Mit HAPTIQ System & Hyaluron-Komplex
Hinterlässt schönes, weiches und mit Feuchtigkeit versorgtes Haargefühl
Zieht sofort ein
Mit entspannendem Duft 
100 % stärkeres Haar³

Anwendung: Vor dem Schlafengehen einfach 2–4 Pumpstöße sanft in das nasse oder trockene Haar einarbeiten. Nicht ausspülen. Wache mit schönem und repariertem Haar auf! Einfach durchbürsten und den Tag beginnen! Kann jeden Abend genutzt werden.
¹ Global Animal Test Policy² inklusive Wasser³ im Vergleich zu unbehandeltem Haar Gliss Night Elixier Serum – Die Haarpflege für trockenes Haar mit HAPTIQ System und Hyaluron-Komplex versorgt normales bis trockenes Haar im Schlaf mit Feuchtigkeit,Wunderschönes Haar über Nacht – Das Hair Serum nutzt die Nacht, um tief in die Haarfaser einzudringen und hinterlässt ein weiches & mit Feuchtigkeit versorgtes Haargefühl,Mit HAPTIQ System – Das System baut eine Schutzschicht um das Haar herum, erstellt neue Micro-Bonds tief in den Haarfasern und sorgt für eine Wiederherstellung der Haarstärke,Sorglos über Nacht – Die tiefenwirksame Formel der Haarkur mit entspannendem Duft zieht sofort ein und hinterlässt keine Spuren auf dem Kopfkissen,Einfache Anwendung – Vor dem Schlafengehen 2–4 Pumpstöße in das nasse oder trockene Haar einarbeiten. Nicht ausspülen. Am nächsten Tag einfach durchbürsten und den Tag beginnen"||||||||||||||||||||||Non-Organic||||"{'Effekt': 'pflegend', 'hair_type': 'alle Haartypen', 'target_group': 'Herren|Unisex|Damen', 'manufacturer': 'Henkel AG & Co. KGaA', 'Herstelleradresse': 'D-40191 Düsseldorf, Germany', 'Kontaktmöglichkeit': '0800 38 38 838', 'Anwendungshinweis': 'Vor dem Schlafengehen 2-4 Pumpstöße sanft in das nasse oder trockene Haar einarbeiten. Nicht ausspülen. Wache mit schönem und repariertem Haar auf - einfach durchbürsten und den Tag beginnen! Kann jeden Abend genutzt werden.', 'package_contents': 'Aqua (Water, Eau), Dimethicone, Cetearyl Alcohol, Behentrimonium Chloride, Laureth-4, Isopropyl Myristate, Hydroxyoctanone, Dimethylsilanol Hyaluronate, Panthenol, Betaine, Hydroxyethylcellulose, Cetrimonium Chloride, Parfum (Fragrance), Distearoylethyl Hydroxyethylmonium Methosulfate, Isopropyl Alcohol, Propylene Glycol, Cetrimonium Methosulfate, Citric Acid, Sodium Salicylate, Quaternium-87, Phenoxyethanol, Quaternium-91, Methylparaben, Laureth-23, Linalool, Benzyl Salicylate, Limonene, Alpha-Isomethyl Ionone, Citronellol, Benzyl Alcohol, Coumarin', 'product_property': 'reinigend', 'Inhalt': '100 ml', 'Produkttyp': 'Haarspülung & Conditioner'}"||||||||||||||4.5|20|2879286_1.png|https://static.mueller.de/markant_04015100813999_pv_4450513/pdzoom/gliss-night-elixier-aqua-revive-100-ml.webp|2879286_2.png|https://static.mueller.de/markant_04015100813999_pr_4450514/pdzoom/gliss-night-elixier-aqua-revive-100-ml.webp|2879286_3.png|https://static.mueller.de/markant_04015100813999_pd_4584561/pdzoom/gliss-night-elixier-aqua-revive-100-ml.webp|2879286_4.png|https://static.mueller.de/markant_04015100813999_pd_4584557/pdzoom/gliss-night-elixier-aqua-revive-100-ml.webp|2879286_5.png|https://static.mueller.de/markant_04015100813999_pd_4584558/pdzoom/gliss-night-elixier-aqua-revive-100-ml.webp|2879286_6.png|https://static.mueller.de/markant_04015100813999_pd_4584555/pdzoom/gliss-night-elixier-aqua-revive-100-ml.webp||||||||||||Henkel AG & Co. KGaA||||||||||100 ml|Aqua (Water, Eau), Dimethicone, Cetearyl Alcohol, Behentrimonium Chloride, Laureth-4, Isopropyl Myristate, Hydroxyoctanone, Dimethylsilanol Hyaluronate, Panthenol, Betaine, Hydroxyethylcellulose, Cetrimonium Chloride, Parfum (Fragrance), Distearoylethyl Hydroxyethylmonium Methosulfate, Isopropyl Alcohol, Propylene Glycol, Cetrimonium Methosulfate, Citric Acid, Sodium Salicylate, Quaternium-87, Phenoxyethanol, Quaternium-91, Methylparaben, Laureth-23, Linalool, Benzyl Salicylate, Limonene, Alpha-Isomethyl Ionone, Citronellol, Benzyl Alcohol, Coumarin||True||2879286P|||||||||10
61823|mueller||||||||2024-10-28|Isostar Hydrate & Perform Cranberry Grapefruit|ISOSTAR||400|g|Home|Drogerie|Lebensmittel|Nahrung|Sportlernahrung|Isostar Hydrate & Perform Cranberry Grapefruit||8,45 €|8,45 €|||||||||||21,13 € / 1 kg|||EUR|Home> Drogerie> Lebensmittel> Nahrung> Sportlernahrung> Isostar Hydrate & Perform Cranberry Grapefruit|https://www.mueller.at/p/isostar-hydrate-perform-cranberry-grapefruit-61823/|400 g|Sporternährung für den Ausdauersportler zur Leistungssteigerung. Für die Zubereitung eines isotonischen Elektrolytgetränks. Ersetzt rasch verlorene Flüssigkeit. Versorgt den Körper mit Mineralstoffen, Vitaminen und hochwertiger Energie in Form von Kohlenhydraten.|||||||||||{'Nährwerte je': '100  g', 'Brennwert': '1587 kj / 373 kcal', 'Fett in g': '0.0 g', '- davon gesättigte Fettsäuren in g': '0.0 g', 'Kohlenhydrate in g': '88.0 g', '- davon Zucker in g': '70.0 g', 'Ballaststoffe in g': '0.0 g', 'Eiweiß in g': '0.0 g', 'Salz in g': '2.8 g'}|||||||||||Non-Organic||||{'manufacturer': 'Genuport Trade GmbH', 'Herstelleradresse': 'Gutenbergring 60, D-22848 Norderstedt', 'Kontaktmöglichkeit': 'info@genuport.de', 'Inhalt': '400 g', 'Zutaten': 'Sacharose, Glucosesirup, Säuerungsmittel: Zitronensäure, Mineralstoff: Natriumcitrat, Maltodextrin, Mineralstoff: Calciumsalze der Orthophosphorsäure, natürliches Aroma, Natriumchlorid, Mineralstoff: Magnesiumcarbonat, Vitamine: C und Thiamin (B1). Kann enthalten: MILCH, GERSTE, SOJA.', 'Produkttyp': 'Pulver & Shakes', 'warning_notice': 'Die angegebene empfohlene tägliche Verzehrsmenge darf nicht überschritten werden. Nahrungsergänzungsmittel sollten nicht als Ersatz für eine ausgewogene und abwechslungsreiche Ernährung dienen. Achten Sie auf eine gesunde Lebensweise. Außerhalb der Reichweite von kleinen Kindern aufbewahren.', 'Zubereitungshinweis': '3 Löffel (ca. 40g) Pulver in 500 Ml Wasser anrühren.'}||||||||||||||5.0|2|61823_1.png|https://static.mueller.de/markant_03175681241091_pv_4492507/pdzoom/isostar-hydrate-perform-cranberry-grapefruit.webp||||||||||||||||||||||Genuport Trade GmbH||||||||||400 g|||False||61823P|||||||||1
61824|mueller||||||||2024-10-28|Isostar Hydrate & Perform Orange|ISOSTAR||400|g|Home|Drogerie|Lebensmittel|Nahrung|Sportlernahrung|Isostar Hydrate & Perform Orange||8,45 €|8,45 €|||||||||||21,13 € / 1 kg|||EUR|Home> Drogerie> Lebensmittel> Nahrung> Sportlernahrung> Isostar Hydrate & Perform Orange|https://www.mueller.at/p/isostar-hydrate-perform-orange-61824/|400 g|Sporternärhung für den Ausdauersportler zur Leistungssteigerung. Für die Zubereitung eines isotonischen Elektrolytgetränks. Ersetzt rasch verlorene Flüssigkeit. Versorgt den Körper mit Mineralstoffen, Vitaminen und hochwertiger Energie in Form von Kohlenhydraten.||Vor Wärme geschützt und trocken lagern.|||||||||{'Nährwerte je': '100  g', 'Brennwert': '1587 kj / 373 kcal', 'Fett in g': '0.0 g', '- davon gesättigte Fettsäuren in g': '0.0 g', 'Kohlenhydrate in g': '88.0 g', '- davon Zucker in g': '70.0 g', 'Eiweiß in g': '0.0 g', 'Salz in g': '2.8 g'}|||||||||||Non-Organic||||{'Lagerhinweis': 'Vor Wärme geschützt und trocken lagern.', 'manufacturer': 'Genuport Trade GmbH', 'Herstelleradresse': 'Gutenbergring 60, D-22848 Norderstedt', 'Kontaktmöglichkeit': 'info@genuport.de', 'Inhalt': '400 g', 'Zutaten': 'Saccharose, Glucosesirup, Säuerungsmittel: Zitronensäure, Natriumcitrat, Maltodextrin, natürliches Orangenaroma mit anderen natürlichen Aromen, Calciumsalze der Orthophosphorsäure, Natriumchlorid, Magnesiumcarbonat, Vitamine: C und Thiamin (B1). Kann enthalten: MILCH, GERSTE, SOJA.', 'Produkttyp': 'Pulver & Shakes', 'warning_notice': 'Die angegebene empfohlene tägliche Verzehrsmenge darf nicht überschritten werden. Nahrungsergänzungsmittel sollten nicht als Ersatz für eine ausgewogene und abwechslungsreiche Ernährung dienen. Achten Sie auf eine gesunde Lebensweise. Außerhalb der Reichweite von kleinen Kindern aufbewahren.', 'Zubereitungshinweis': '3 Löffel (ca. 40g) Pulver in 500 Ml Wasser anrühren.'}||||||||||||||0|0|61824_1.png|https://static.mueller.de/markant_07612100035191_pv_4492504/pdzoom/isostar-hydrate-perform-orange.webp||||||||||||||||||||||Genuport Trade GmbH||||||||||400 g|||False||61824P|||||||||1
810143|mueller||||||||2024-10-28|WELEDA HAMAMELISWASSER 2in1 Erfrischende Reinigung|WELEDA||100|ml|Home|Parfümerie|Pflege|Gesichtspflege|Reinigung|Reinigungsmilch & -balm|WELEDA HAMAMELISWASSER 2in1 Erfrischende Reinigung|12,95 €|12,95 €|||||||||||129,50 € / 1 l|||EUR|Home> Parfümerie> Pflege> Gesichtspflege> Reinigung> Reinigungsmilch & -balm> WELEDA HAMAMELISWASSER 2in1 Erfrischende Reinigung|https://www.mueller.at/p/weleda-hamameliswasser-2in1-erfrischende-reinigung-810143/|100 ml|Die milchige, leichte Lotion reinigt porentief mit natürlicher Olivenölseife und Hamamelisextrakt, tonisiert und verfeinert das Hautbild. Die Haut wirkt rein und frisch und ist optimal auf die darauffolgende Pflege vorbereitet. Der citrus-frische Duft aus echten ätherischen Ölen belebt Haut und Sinne. Die Hautverträglichkeit der 2in1 Reinigung ist dermatologisch bestätigt. Reinigt und tonisiert in einem Schritt Verfeinert das Hautbild Belebender Duft Anwendung Zur täglichen Pflege morgens und abends auf einen angefeuchteten Wattepad geben und damit Gesicht, Hals und Dekolleté sanft abreiben – den Augenbereich dabei aussparen. Den Vorgang wiederholen, bis die Watte sauber bleibt. Anschließend mit Wasser abnehmen. Entdecken Sie hier die ganze Reinigungs Pflegeserie. WELEDA 2in1 Erfrischende Reinigung 100 mlWELEDA 2in1 Erfrischende ReinigungWELEDA 2in1 ErfrReinigung||||||||||||||||||||||Non-Organic||||"{'target_group': 'Unisex', 'manufacturer': 'Weleda AG', 'Herstelleradresse': 'Möhlerstraße 3, D-73525 Schwäbisch Gmünd', 'Kontaktmöglichkeit': 'www.weleda.de', 'fragrance_note': 'aromatisch|zitrisch', 'Anwendungshinweis': 'Zur täglichen Pflege morgens und abends auf einen angefeuchteten Wattepad geben und damit Gesicht, Hals und Dekolleté sanft abreiben – den Augenbereich dabei aussparen. Den Vorgang wiederholen, bis die Watte sauber bleibt. Anschließend mit Wasser abnehmen.', 'package_contents': 'Ingredients (INCI): Water (Aqua), Limonene*, Potassium Olivate+, Fragrance (Parfum)*, Iris Germanica Root Extract+, Hamamelis Virginiana (Witch Hazel) Water, Lanolin, Alcohol, Glycerin+, Linalool*, Geraniol*, Citral*. *from natural essential oils and/or plant extracts +organic ingredient', 'skin_type': 'ölige Haut', 'product_property': 'klärend', 'Inhalt': '100 ml', 'fragrance_effect': 'anregend|frisch', 'Produkttyp': 'Gesichtsmassage'}"||||||||||||||5.0|1|810143_1.png|https://static.mueller.de/markant_04001638095723_pd_4052238/pdzoom/weleda-hamameliswasser-2in1-erfrischende-reinigung.webp|810143_2.png|https://static.mueller.de/markant_04001638095723_pd_4052237/pdzoom/weleda-hamameliswasser-2in1-erfrischende-reinigung.webp|810143_3.png|https://static.mueller.de/markant_04001638095723_pv_4052235/pdzoom/weleda-hamameliswasser-2in1-erfrischende-reinigung.webp|810143_4.png|https://static.mueller.de/markant_04001638095723_pr_4052236/pdzoom/weleda-hamameliswasser-2in1-erfrischende-reinigung.webp|810143_5.png|https://static.mueller.de/markant_04001638095723_pd_4052237/pdzoom/weleda-hamameliswasser-2in1-erfrischende-reinigung.webp|810143_6.png|https://static.mueller.de/markant_04001638095723_pd_4052238/pdzoom/weleda-hamameliswasser-2in1-erfrischende-reinigung.webp||||||||||||Weleda AG||||||||||100 ml|Ingredients (INCI): Water (Aqua), Limonene*, Potassium Olivate+, Fragrance (Parfum)*, Iris Germanica Root Extract+, Hamamelis Virginiana (Witch Hazel) Water, Lanolin, Alcohol, Glycerin+, Linalool*, Geraniol*, Citral*. *from natural essential oils and/or plant extracts +organic ingredient||True||810143P||||Bei der Anwendung den Augenbereich aussparen. Nach der Anwendung mit Wasser abnehmen.|||||10
2747200|mueller||||||||2024-10-28|Käfer Haferl Feuerfest Streumuster 0,5l|KÄFER||1|Stk.|Home|Haushalt|Essen & Trinken|Geschirr|Becher & Tassen|Käfer Haferl Feuerfest Streumuster 0,5l||11,95 €|11,95 €||||||||||||||EUR|Home> Haushalt> Essen & Trinken> Geschirr> Becher & Tassen> Käfer Haferl Feuerfest Streumuster 0,5l|https://www.mueller.at/p/kaefer-haferl-feuerfest-streumuster-0-5l-2747200/|1 Stk.|"Das feuerfeste Haferl sieht dem klassischen Haferl in Farbe und Muster zum Verwechseln ähnlich, ist jedoch größer und macht eine tolle Figur auf jedem Tisch.
Das Hafer Feuerfest Klassik wird exklusiv für Käfer aus Porzellan hergestellt und trägt die originale Käfer Bodenmarke als Echtheitsgarantie.
Volumen: 0,5 l
Feuerfest und Backofenfest
Spülmaschinenfest*
* Dabei sind geringe Veränderungen an Farbe und Dekor möglich."||||||||||||||||||||||Non-Organic||||{'Geeignet für': 'Spuelmaschinen', 'manufacturer': 'Feinkost Käfer GmbH', 'Herstelleradresse': 'Heimstettener Str. 1, 85599 Parsdorf', 'Inhalt': '1 Stk.'}||||||||||||||5.0|2|2747200_1.png|https://static.mueller.de/6958433841-PV-0/pdzoom/kaefer-haferl-feuerfest-streumuster-0-5l.webp||||||||||||||||||||||Feinkost Käfer GmbH||||||||||1 Stk.|||True||2747200P|||||Spuelmaschinen||||10
2747202|mueller||||||||2024-10-28|Käfer Müslischale Streumuster Ø 13cm|KÄFER||1|Stk.|Home|Haushalt|Essen & Trinken|Geschirr|Platten & Schalen|Käfer Müslischale Streumuster Ø 13cm||8,95 €|8,95 €||||||||||||||EUR|Home> Haushalt> Essen & Trinken> Geschirr> Platten & Schalen> Käfer Müslischale Streumuster Ø 13cm|https://www.mueller.at/p/kaefer-mueslischale-streumuster-13cm-2747202/|1 Stk.|"Die Käfer Müslischale aus Porzellan wird exklusiv für Käfer gefertigt und besitzt die originale Käfer Bodenmarke als Echtheitsgarantie.
Volumen: 0,5 l
Maße: ca. Ø: 13 cm
Spülmaschinengeeignet bei geringer Temperatur (bis 50°C)*
* Dabei sind geringe Veränderungen an Farbe und Dekor möglich."||||||||||||||||||||||Non-Organic||||{'Geeignet für': 'Spuelmaschinen', 'manufacturer': 'Feinkost Käfer GmbH', 'Herstelleradresse': 'Heimstettener Str. 1, 85599 Parsdorf', 'Inhalt': '1 Stk.'}||||||||||||||0|0|2747202_1.png|https://static.mueller.de/6958433883-PV-0/pdzoom/kaefer-mueslischale-streumuster-13cm.webp||||||||||||||||||||||Feinkost Käfer GmbH||||||||||1 Stk.|||True||2747202P|||||Spuelmaschinen||||10
2747203|mueller||||||||2024-10-28|Käfer Salatschüssel rund Ø 13cm|KÄFER||1|Stk.|Home|Haushalt|Essen & Trinken|Geschirr|Platten & Schalen|Käfer Salatschüssel rund Ø 13cm||8,95 €|8,95 €||||||||||||||EUR|Home> Haushalt> Essen & Trinken> Geschirr> Platten & Schalen> Käfer Salatschüssel rund Ø 13cm|https://www.mueller.at/p/kaefer-salatschuessel-rund-13cm-2747203/|1 Stk.|Eine kleine, schöne Salatschüssel die ideal zum restlichen Käfer Klassik Sortiment passt. Das runde Salatschüsselchen aus Porzellan wird exklusiv für Käfer gefertigt und trägt die originale Käfer Bodenmarke als Echtheitsgarantie.||||||||||||||||||||||Non-Organic||||{'Geeignet für': 'Spuelmaschinen', 'Pflegehinweis': 'Spülmaschinengeeignet bei geringer Temperatur (bis 50°C)*\n*Dabei sind geringe Veränderungen an Farbe und Dekor möglich.', 'manufacturer': 'Feinkost Käfer GmbH', 'Herstelleradresse': 'Heimstettener Str. 1, 85599 Parsdorf', 'Durchmesser': '13 cm', 'Inhalt': '1 Stk.'}||||||||||||||0|0|2747203_1.png|https://static.mueller.de/6955503490-PV-0/pdzoom/kaefer-salatschuessel-rund-13cm.webp||||||||||||||||Spülmaschinengeeignet bei geringer Temperatur (bis 50°C)* *Dabei sind geringe Veränderungen an Farbe und Dekor möglich.||||||Feinkost Käfer GmbH||||||||||1 Stk.|||True||2747203P|||||Spuelmaschinen||||10
2747204|mueller||||||||2024-10-28|Käfer Dessertteller Ø 20cm|KÄFER||1|Stk.|Home|Haushalt|Essen & Trinken|Geschirr|Teller|Käfer Dessertteller Ø 20cm||7,95 €|7,95 €||||||||||||||EUR|Home> Haushalt> Essen & Trinken> Geschirr> Teller> Käfer Dessertteller Ø 20cm|https://www.mueller.at/p/kaefer-dessertteller-20cm-2747204/|1 Stk.|Der Käfer Dessertteller aus Porzellan wird exklusiv für Käfer gefertigt und besitzt die originale Käfer Bodenmarke als Echtheitsgarantie. Spülmaschinengeeignet bei geringer Temperatur (bis 50° C)*. *geringe Veränderungen an Farbe und Dekor möglich.||||||||||||||||||||||Non-Organic||||{'Geeignet für': 'Spuelmaschinen', 'manufacturer': 'Feinkost Käfer GmbH', 'Herstelleradresse': 'Heimstettener Str. 1, 85599 Parsdorf', 'Inhalt': '1 Stk.'}||||||||||||||0|0|2747204_1.png|https://static.mueller.de/6955503529-PV-0/pdzoom/kaefer-dessertteller-20cm.webp||||||||||||||||||||||Feinkost Käfer GmbH||||||||||1 Stk.|||True||2747204P|||||Spuelmaschinen||||10
2747205|mueller||||||||2024-10-28|Käfer Sparschwein Streumuster|KÄFER||1|Stk.|Home|Haushalt|Wohnen & Dekorieren|Deko-Zubehör|Käfer Sparschwein Streumuster|||14,95 €|14,95 €||||||||||||||EUR|Home> Haushalt> Wohnen & Dekorieren> Deko-Zubehör> Käfer Sparschwein Streumuster|https://www.mueller.at/p/kaefer-sparschwein-streumuster-2747205/|1 Stk.|"Das Sparschwein aus Porzellan wird exklusiv für Käfer gefertigt und trägt die originale Käfer Bodenmarke als Echtheitsgarantie.
Maße: ca. H: 10 cm , B: 10 cm , T: 12 cm"||||||||||||||||||||||Non-Organic||||{'manufacturer': 'Feinkost Käfer GmbH', 'Herstelleradresse': 'Heimstettener Str. 1, 85599 Parsdorf', 'Inhalt': '1 Stk.'}||||||||||||||0|0|2747205_1.png|https://static.mueller.de/6958433919-PV-0/pdzoom/kaefer-sparschwein-streumuster.webp||||||||||||||||||||||Feinkost Käfer GmbH||||||||||1 Stk.|||True||2747205P|||||||||10
2904772|mueller||||||||2024-10-28|MEPAL Trinkflasche Pop-up Campus Flowers & Butterflies 400ml|MEPAL||1|Stk.|Home|Haushalt|Essen & Trinken|Kannen & Flaschen|Trinkflaschen|MEPAL Trinkflasche Pop-up Campus Flowers & Butterflies 400ml||12,99 €|12,99 €||||||||||||||EUR|Home> Haushalt> Essen & Trinken> Kannen & Flaschen> Trinkflaschen> MEPAL Trinkflasche Pop-up Campus Flowers & Butterflies 400ml|https://www.mueller.at/p/mepal-trinkflasche-pop-up-campus-flowers-butterflies-400ml-IPN2904772/|1 Stk.|Die Trinkflasche Pop-up von Mepal ist vielfacher Hinsicht perfekt. Drücken und Trinken, das ist das Prinzip der Trinkflasche für Kinder. Ein Druck auf den seitlichen Knopf am Deckel öffnet die Flasche, ein Druck auf das Mundstück verschließt sie wieder. Ideal für einen schnellen Schluck zwischendurch, unterwegs und beim Sport. Oder ganz klassisch während der Schule. Die Campus Pop-up Trinkflasche ist garantiert auslaufsicher und vor allem für kleine Kinderhände ideal zu benutzen. Ausgestattet ist die Flasche zudem mit einer praktischen Silikonschlaufe, die als Tragegriff genutzt werden kann. Ein weiterer Vorteil, der vor allem Mamas und Papas freut: Der Deckel kann zum Säubern ganz einfach auseinandergeschraubt und wie die komplette Flasche auch in der Spülmaschine gereinigt werden.||||||||||||||||||||||Non-Organic||||{'Fassungsvermögen': '0.4 l', 'Geeignet für': 'Spuelmaschinen', 'manufacturer': 'Mepal B.V.', 'Herstelleradresse': 'Aalsvoort 101, 7241 MB Lochem', 'Kontaktmöglichkeit': 'info@mepal.com', 'Höhe': '18.4 cm', 'Breite': '7 cm', 'Tiefe': '6.4 cm', 'Inhalt': '1 Stk.'}||||||||||||||0|0|2904772_1.png|https://static.mueller.de/pdzoom/8720294016472_PV.webp||||||||||||||||||||||Mepal B.V.||||||||||1 Stk.|||True||2904772P|||||Spuelmaschinen||||10
2904775|mueller||||||||2024-10-28|MEPAL Brotdose Campus Flowers & Butterflies|MEPAL||1|Stk.|Home|Haushalt|Kochen & Backen|Aufbewahrung|Brotdosen|MEPAL Brotdose Campus Flowers & Butterflies||10,99 €|10,99 €||||||||||||||EUR|Home> Haushalt> Kochen & Backen> Aufbewahrung> Brotdosen> MEPAL Brotdose Campus Flowers & Butterflies|https://www.mueller.at/p/mepal-brotdose-campus-flowers-butterflies-IPN2904775/|1 Stk.|"Die Campus Brotdose von Mepal bietet noch mehr Abwechslung beim Pausensnack. Durch die herausnehmbaren Bento-Einsätze und die mitgelieferte Snackgabel werden die Möglichkeiten für eine leckere Schulverpflegung geradezu unbegrenzt. Wie wär's mit einem frischen Brot und knackigem Obst? Oder mit einem herzhaften Snack für zwischendurch? Ein paar Käsewürfel, Wurststückchen, Nüsse oder getrocknete Früchte? Hier lässt sich nach Lust und Laune kombinieren. Der Bento-Einsatz unterteilt das Innere der Brotdose in verschiedene Fächer und sorgt dafür, dass alles voneinander getrennt ist. So bleibt alles frisch und lecker! Ohne den Bento-Einsatz bietet die Brotdose Platz für bis zu vier ""klassische"" Butterbrote. Nach Gebrauch können Brotdose und Bento-Einsatz in der Spülmaschine gereinigt werden. Das Material der Brotdose ist langlebig und stoßfest. Höhe: 6,1 cm Länge: 17,8 cm Breite: 13,2 cm"||||||||||||||||||||||Non-Organic||||{'Geeignet für': 'Spuelmaschinen', 'manufacturer': 'Mepal B.V.', 'Herstelleradresse': 'Aalsvoort 101, 7241 MB Lochem', 'Kontaktmöglichkeit': 'info@mepal.com', 'Inhalt': '1 Stk.'}||||||||||||||0|0|2904775_1.png|https://static.mueller.de/pdzoom/8720294016489_PV.webp|2904775_2.png|https://static.mueller.de/pdzoom/8720294016489_PD.webp||||||||||||||||||||Mepal B.V.||||||||||1 Stk.|||True||2904775P|||||Spuelmaschinen||||10
2904778|mueller||||||||2024-10-28|PORTALS|||1|Stk.|Home|Multi-Media|Musik|Pop|PORTALS|||18,99 €|18,99 €||||||||||||||EUR|Home> Multi-Media> Musik> Pop> PORTALS|https://www.mueller.at/p/portals-IPN2904778/|1 Stk.|||||||||||||||||||||||Non-Organic||||{'medium': 'CD', 'Künstler': 'Martinez,Melanie', 'Inhalt': '1 Stk.', 'Anzahl Medien im Artikel': '1', 'genre': 'Pop international', 'Label': 'ATLANTIC'}||||||||||||||5.0|3|2904778_1.png|https://static.mueller.de/pdzoom/phononet_0075678625718_pv_0075678625718-0600px-001.webp|2904778_2.png|https://static.mueller.de/pdzoom/phononet_0075678625718_pr_0075678625718-0600px-002.webp||||||||||||||||||||||||||||||1 Stk.|||True||2904778P|||||||||5
2904779|mueller||||||||2024-10-28|MEPAL Trinkflasche Pop-up Campus Sailors Bay 400ml|MEPAL||1|Stk.|Home|Haushalt|Essen & Trinken|Kannen & Flaschen|Trinkflaschen|MEPAL Trinkflasche Pop-up Campus Sailors Bay 400ml||12,99 €|12,99 €||||||||||||||EUR|Home> Haushalt> Essen & Trinken> Kannen & Flaschen> Trinkflaschen> MEPAL Trinkflasche Pop-up Campus Sailors Bay 400ml|https://www.mueller.at/p/mepal-trinkflasche-pop-up-campus-sailors-bay-400ml-IPN2904779/|1 Stk.|Die Trinkflasche Pop-up von Mepal ist vielfacher Hinsicht perfekt. Drücken und Trinken, das ist das Prinzip der Trinkflasche für Kinder. Ein Druck auf den seitlichen Knopf am Deckel öffnet die Flasche, ein Druck auf das Mundstück verschließt sie wieder. Ideal für einen schnellen Schluck zwischendurch, unterwegs und beim Sport. Oder ganz klassisch während der Schule. Die Campus Pop-up Trinkflasche ist garantiert auslaufsicher und vor allem für kleine Kinderhände ideal zu benutzen. Ausgestattet ist die Flasche zudem mit einer praktischen Silikonschlaufe, die als Tragegriff genutzt werden kann. Ein weiterer Vorteil, der vor allem Mamas und Papas freut: Der Deckel kann zum Säubern ganz einfach auseinandergeschraubt und wie die komplette Flasche auch in der Spülmaschine gereinigt werden.||||||||||||||||||||||Non-Organic||||{'Fassungsvermögen': '0.4 l', 'Geeignet für': 'Spuelmaschinen', 'manufacturer': 'Mepal B.V.', 'Herstelleradresse': 'Aalsvoort 101, 7241 MB Lochem', 'Kontaktmöglichkeit': 'info@mepal.com', 'Höhe': '18.4 cm', 'Breite': '7 cm', 'Tiefe': '6.4 cm', 'Inhalt': '1 Stk.'}||||||||||||||0|0|2904779_1.png|https://static.mueller.de/pdzoom/8720294016519_PV.webp||||||||||||||||||||||Mepal B.V.||||||||||1 Stk.|||True||2904779P|||||Spuelmaschinen||||10
2904782|mueller||||||||2024-10-28|MEPAL Brotdose Campus Sailors Bay|MEPAL||1|Stk.|Home|Haushalt|Kochen & Backen|Aufbewahrung|Brotdosen|MEPAL Brotdose Campus Sailors Bay||10,99 €|10,99 €||||||||||||||EUR|Home> Haushalt> Kochen & Backen> Aufbewahrung> Brotdosen> MEPAL Brotdose Campus Sailors Bay|https://www.mueller.at/p/mepal-brotdose-campus-sailors-bay-IPN2904782/|1 Stk.|"Die Campus Brotdose von Mepal bietet noch mehr Abwechslung beim Pausensnack. Durch die herausnehmbaren Bento-Einsätze und die mitgelieferte Snackgabel werden die Möglichkeiten für eine leckere Schulverpflegung geradezu unbegrenzt. Wie wär's mit einem frischen Brot und knackigem Obst? Oder mit einem herzhaften Snack für zwischendurch? Ein paar Käsewürfel, Wurststückchen, Nüsse oder getrocknete Früchte? Hier lässt sich nach Lust und Laune kombinieren. Der Bento-Einsatz unterteilt das Innere der Brotdose in verschiedene Fächer und sorgt dafür, dass alles voneinander getrennt ist. So bleibt alles frisch und lecker! Ohne den Bento-Einsatz bietet die Brotdose Platz für bis zu vier ""klassische"" Butterbrote. Nach Gebrauch können Brotdose und Bento-Einsatz in der Spülmaschine gereinigt werden. Das Material der Brotdose ist langlebig und stoßfest. Höhe: 6,1 cm Länge: 17,8 cm Breite: 13,2 cm"||||||||||||||||||||||Non-Organic||||{'Geeignet für': 'Spuelmaschinen', 'manufacturer': 'Mepal B.V.', 'Herstelleradresse': 'Aalsvoort 101, 7241 MB Lochem', 'Kontaktmöglichkeit': 'info@mepal.com', 'Inhalt': '1 Stk.'}||||||||||||||5.0|1|2904782_1.png|https://static.mueller.de/pdzoom/8720294016557_PV.webp||||||||||||||||||||||Mepal B.V.||||||||||1 Stk.|||True||2904782P|||||Spuelmaschinen||||10
2747206|mueller||||||||2024-10-28|Käfer Hundenapf Ø 22cm|KÄFER||1|Stk.|Home|Tiershop|Accessoires & Zubehör|Hund|Näpfe|Käfer Hundenapf Ø 22cm||19,95 €|19,95 €||||||||||||||EUR|Home> Tiershop> Accessoires & Zubehör> Hund> Näpfe> Käfer Hundenapf Ø 22cm|https://www.mueller.at/p/kaefer-hundenapf-22cm-2747206/|1 Stk.|"Ein großer Futternapf aus Porzellan für unsere Lieblinge auf vier Pfoten. Ob großer Hund oder mehrere Katzen, auch sie sollen stilvoll ihr Fressen genießen können. Jetzt im edlen Porzellannapf mit unserem beliebten Käfer Design.
Der Fressnapf trägt, wie auch unsere Käfer Haferl, die Käfer Bodenmarke, die für die Echtheitsgarantie steht.
Durchmesser: 22cm; Höhe: 6cm
Spülmaschinengeeignet bei geringer Temperatur (bis 50°C)*
* Dabei sind geringe Veränderungen an Farbe und Dekor möglich."||||||||||||||||||||||Non-Organic||||"{'Materialdetails': 'Porzellan', 'Inhalt': '1 Stk.', 'Produkttyp': 'Näpfe', 'Tiertyp': 'Hund|Katze'}"||||||||Porzellan||||||0|0|2747206_1.png|https://static.mueller.de/6955503750-PV-0/pdzoom/kaefer-hundenapf-22cm.webp||||||||||||||||||||||||||||||||1 Stk.|||True||2747206P|||||||||10
2747207|mueller||||||||2024-10-28|Käfer Hundenapf Ø 15cm|KÄFER||1|Stk.|Home|Tiershop|Accessoires & Zubehör|Hund|Näpfe|Käfer Hundenapf Ø 15cm||12,95 €|12,95 €||||||||||||||EUR|Home> Tiershop> Accessoires & Zubehör> Hund> Näpfe> Käfer Hundenapf Ø 15cm|https://www.mueller.at/p/kaefer-hundenapf-15cm-2747207/|1 Stk.|"Ein Futternapf aus Porzellan für die lieben Vierbeiner. Ob Hund oder Katze, auch sie sollen stilvoll ihr Fressen genießen können. Jetzt im edlen Porzellannapf mit unserem beliebten Käfer Design. Der Fressnapf trägt, wie auch unsere Käfer Haferl, die Käfer Bodenmarke, die für die Echtheitsgarantie steht. Durchmesser: 15cm; Höhe: 5cm. Spülmaschinengeeignet bei geringer Temperatur (bis 50°C)*
* Dabei sind geringe Veränderungen an Farbe und Dekor möglich."||||||||||||||||||||||Non-Organic||||"{'Materialdetails': 'Porzellan', 'Inhalt': '1 Stk.', 'Produkttyp': 'Näpfe', 'Tiertyp': 'Hund|Katze'}"||||||||Porzellan||||||0|0|2747207_1.png|https://static.mueller.de/6955503567-PV-0/pdzoom/kaefer-hundenapf-15cm.webp||||||||||||||||||||||||||||||||1 Stk.|||True||2747207P|||||||||10
824771|mueller||||||||2024-10-28|Wieso? Weshalb? Warum? junior (34) Der Traktor|-||1|Stk.|Home|Spielwaren|Buch & Schulbedarf|Kinder- & Jugendbücher|Wieso? Weshalb? Warum? junior (34) Der Traktor|||12,40 €|12,40 €||||||||||||||EUR|Home> Spielwaren> Buch & Schulbedarf> Kinder- & Jugendbücher> Wieso? Weshalb? Warum? junior (34) Der Traktor|https://www.mueller.at/p/wieso-weshalb-warum-junior-34-der-traktor-824771/|1 Stk.|Ohne den Traktor läuft auf dem Bauernhof gar nichts. Ob Anhänger, Schaufel oder Rundballenpresse – diese Landmaschine lässt sich mit verschiedensten Geräten kombinieren. Rund ums Jahr ist er im Einsatz: auf dem Feld, im Stall, auf der Straße und auf dem Hof.  Mithilfe von Klappen hängen Kinder einen Pflug an den Traktor, wechseln seine Reifen und schauen unter seine Motorhaube. Sie sind dabei, wenn der Traktor im Sommer bei der Getreideernte hilft oder im Winter den Schnee räumt. Auch im Wald kommt der Traktor zum Einsatz, denn mit dem richtigen Greifarm kann er sogar Baumstämme stapeln. Die liebevollen Illustrationen sind besonders naturgetreu und zeigen viele technische Details. Zugleich werden die Inhalte besonders kindgerecht vermittelt. Ein Lieblingsbuch für kleine Technikfans von 2-4 Jahren.||||||||2 Jahre||||||||||||||Non-Organic||||"{'sound_included': 'Nein', 'target_group': 'Kleinkinder|Kindergartenkinder', 'manufacturer': 'Ravensburger Verlag GmbH', 'Artikelnummer des Herstellers': '32815', 'license': 'Ravensburger Kinderbücher', 'Altersempfehlung ab': '2 Jahre', 'Altersempfehlung bis': '4 Jahre', 'genre': 'Bilderbücher', 'publisher': 'Ravensburger Verlag GmbH', 'Einband': 'Spiralbindung', 'publishing_year': '2010', 'Inhalt': '1 Stk.', 'ISBN Ausgangsbuch': '9783473328154', 'Produkttyp': 'Malen & Malen nach Zahlen', 'page_number': '16'}"||||||||||||||0|0|824771_1.png|https://static.mueller.de/pdzoom/ntg_pv_9783473328154.webp||||||||||||||||||||||Ravensburger Verlag GmbH||||||||||1 Stk.|||False||824771P|||||||||1
2904761|mueller||||||||2024-10-28|Screamin' for My Supper|||1|Stk.|Home|Multi-Media|Musik|Pop|Screamin' for My Supper|||29,99 €|29,99 €||||||||||||||EUR|Home> Multi-Media> Musik> Pop> Screamin' for My Supper|https://www.mueller.at/p/screamin-for-my-supper-IPN2904761/|1 Stk.|||||||||||||||||||||||Non-Organic||||{'medium': 'LP (analog)', 'Künstler': 'Hart, Beth', 'Inhalt': '1 Stk.', 'Anzahl Medien im Artikel': '2', 'genre': 'Pop international', 'Label': 'MUSIC ON V'}||||||||||||||0|0|2904761_1.png|https://static.mueller.de/pdzoom/phononet_8719262028487_pv_8719262028487-0600px-001.webp||||||||||||||||||||||||||||||||1 Stk.|||True||2904761P|||||||||1
22237|mueller||||||||2024-10-28|PAP-ART Zahlen-Etiketten wetterfest 25mm|PAP-ART||1|Stk.|Home|Schreibwaren|Bastelbedarf|Papier & Karton|PAP-ART Zahlen-Etiketten wetterfest 25mm|||1,39 €|1,39 €||||||||||||||EUR|Home> Schreibwaren> Bastelbedarf> Papier & Karton> PAP-ART Zahlen-Etiketten wetterfest 25mm|https://www.mueller.at/p/pap-art-zahlen-etiketten-wetterfest-25mm-22237/|1 Stk.|"Die selbstklebenden PAP-ART Zahlen-Etiketten sind optimal zum Beschriften, Kennzeichnen und Markieren von Unterlagen, Preisschildern, Dokumenten, Mappen und vielem mehr.
Die Etiketten sind einfach mit Hand zu beschriften und eignen sich nicht für den Drucker."||||||||||||||||||||||Non-Organic||||{'Inhalt': '1 Stk.', 'Produkttyp': 'Spezialpapier'}||||||||||||||0|0|22237_1.png|https://static.mueller.de/6486338798-PV-0/pdzoom/pap-art-zahlen-etiketten-wetterfest-25mm.webp||||||||||||||||||||||||||||||||1 Stk.|||True||22237P|||||||||10
442431|mueller||||||||2024-10-28|NOCH 21540 H0 - Weinreben|NOCH||1|Stk.|Home|Spielwaren|Modellbau & Modelleisenbahn|Modelleisenbahn|Landschaftsbau|NOCH 21540 H0 - Weinreben||12,99 €|12,99 €||||||||||||||EUR|Home> Spielwaren> Modellbau & Modelleisenbahn> Modelleisenbahn> Landschaftsbau> NOCH 21540 H0 - Weinreben|https://www.mueller.at/p/noch-21540-h0-weinreben-442431/|1 Stk.|"Weinreben   Die Weinbauern auf dem Diorma haben alle Hände voll zu tun. Sie hegen und pflegen den Weinberg und die Reben, um einen besonders guten und ertragreichen Jahrgang zu erzielen.
Die Weinreben wurden von NOCH komplett überarbeitet.
Jede Packung enthält 24 Rebstöcke (sechs Reihen mit je vier Rebstöcken). Die Blätter der Reben werden aus dem bekannten hochwertigen NOCH Blattwerk gestaltet und wirken deshalb besonders realistisch.
Zusammen mit dem Laser-Cut-Bausatz Weingut ""Hauser-Bühler"" können Sie nun ein komplettes Weingut inkl. Weinberg gestalten - ein geniales Thema für Ihr nächstes Projekt!
Am besten Sie genießen dazu ein Gläschen leckeren Wein. Übrigens das Weingut ""Hauser-Bühler"" gibt es tatsächlich und Wein gibt es dort auch. Inhalt: 24 Rebstöcke"||||||||8 Jahre||||||||||||||Non-Organic||||"{'Spur Modelleisenbahn': 'H0 - 1:87|TT - 1:120', 'target_group': 'Erwachsene', 'Artikelnummer des Herstellers': '21540', 'license': 'NOCH Bäume und Büsche', 'Altersempfehlung ab': '8 Jahre', 'Altersempfehlung bis': '99 Jahre', 'Materialdetails': 'Kunststoff (Hauptsächlich)', 'Material': 'Kunststoff (Hauptsächlich)', 'Inhalt': '1 Stk.', 'Produkttyp': 'Bäume'}"||||||||Kunststoff (Hauptsächlich)||||||0|0|442431_1.png|https://static.mueller.de/332425414-PB-0/pdzoom/noch-21540-h0-weinreben.webp|442431_2.png|https://static.mueller.de/332425414-PB-1/pdzoom/noch-21540-h0-weinreben.webp|442431_3.png|https://static.mueller.de/332425414-PB-2/pdzoom/noch-21540-h0-weinreben.webp||||||||||||||||||21540||||||||||1 Stk.|||True||442431P|||||||||8
442434|mueller||||||||2024-10-28|NOCH 21545 N - Weinreben|NOCH||1|Stk.|Home|Spielwaren|Modellbau & Modelleisenbahn|Modelleisenbahn|Landschaftsbau|NOCH 21545 N - Weinreben||13,99 €|13,99 €||||||||||||||EUR|Home> Spielwaren> Modellbau & Modelleisenbahn> Modelleisenbahn> Landschaftsbau> NOCH 21545 N - Weinreben|https://www.mueller.at/p/noch-21545-n-weinreben-442434/|1 Stk.|"Weinreben   Die Weinbauern auf dem Diorma haben alle Hände voll zu tun. Sie hegen und pflegen den Weinberg und die Reben, um einen besonders guten und ertragreichen Jahrgang zu erzielen.
Die Weinreben wurden von NOCH komplett überarbeitet.
Jede Packung enthält 24 Rebstöcke (sechs Reihen mit je vier Rebstöcken). Die Blätter der Reben werden aus dem bekannten hochwertigen NOCH Blattwerk gestaltet und wirken deshalb besonders realistisch.
Zusammen mit dem Laser-Cut-Bausatz Weingut ""Hauser-Bühler"" können Sie nun ein komplettes Weingut inkl. Weinberg gestalten - ein geniales Thema für Ihr nächstes Projekt!
Am besten Sie genießen dazu ein Gläschen leckeren Wein. Übrigens das Weingut ""Hauser-Bühler"" gibt es tatsächlich und Wein gibt es dort auch. Inhalt: 24 Rebstöcke"||||||||8 Jahre||||||||||||||Non-Organic||||"{'Spur Modelleisenbahn': 'Z - 1:220|N - 1:160', 'target_group': 'Erwachsene', 'Artikelnummer des Herstellers': '21545', 'license': 'NOCH Bäume und Büsche', 'Altersempfehlung ab': '8 Jahre', 'Altersempfehlung bis': '99 Jahre', 'Materialdetails': 'Kunststoff (Hauptsächlich)', 'Material': 'Kunststoff (Hauptsächlich)', 'Inhalt': '1 Stk.', 'Produkttyp': 'Bäume'}"||||||||Kunststoff (Hauptsächlich)||||||0|0|442434_1.png|https://static.mueller.de/332425415-PB-0/pdzoom/noch-21545-n-weinreben.webp|442434_2.png|https://static.mueller.de/332425415-PB-1/pdzoom/noch-21545-n-weinreben.webp||||||||||||||||||||21545||||||||||1 Stk.|||True||442434P|||||||||5
22240|mueller||||||||2024-10-28|GimCat Yoghurt|GIMCAT||150|g|Home|Tiershop|Tiernahrung|Katze|Belohnung & Snacks|GimCat Yoghurt||1,75 €|1,75 €|||||||||||11,67 € / 1 kg|||EUR|Home> Tiershop> Tiernahrung> Katze> Belohnung & Snacks> GimCat Yoghurt|https://www.mueller.at/p/gimcat-yoghurt-22240/|150 g|Yoghurt für Katzen ist eine leckere Zwischenmahlzeit. Er entsteht aus durch Milchsäurebakterien verdickter Milch und kann sich positiv auf die Darmflora auswirken.||Kühl und trocken lagern||||||||||||||||||||Non-Organic||||"{'Lagerhinweis': 'Kühl und trocken lagern', 'Futtermittelart': 'Ergänzungsfutter', 'manufacturer': 'H. von Gimborn GmbH', 'Herstelleradresse': 'Albert-Einstein-Str. 6, 46446 Emmerich am Rhein', 'Kontaktmöglichkeit': 'www.gimborn.eu', 'Zulassungsnummer': 'DE 05 154 0186 13', 'packaging_type': 'Beutel', 'Inhalt': '150 g', 'Eigenschaften': 'Ohne Farbstoffe|Ohne Zusatz von Konservierungsstoffen', 'Fütterungsempfehlung': 'Bei Zimmertemperatur täglich 2-3 Teelöffel verfüttern. Beutel wieder verschließen und kühl lagern.', 'Analytische Bestandteile': 'Protein 3,0%,Fettgehalt 5,0%,Rohasche 1,0%,Rohfaser 1,0%,Feuchtigkeit 84,0%', 'Zusammensetzung (Futter)': 'Milch und Molkereierzeugnisse (Joghurt laktosereduziert 95 %), pflanzliche Nebenerzeugnisse, Zucker', 'Produkttyp': 'Belohnung & Snacks', 'Tiertyp': 'Katze'}"||||Bei Zimmertemperatur täglich 2-3 Teelöffel verfüttern. Beutel wieder verschließen und kühl lagern.||||||||||0|0|22240_1.png|https://static.mueller.de/pdzoom/4002064406213-PV.webp|22240_2.png|https://static.mueller.de/6561377140-PB-1/pdzoom/gimcat-yoghurt.webp||||||||||||||||||||H. von Gimborn GmbH||||||||||150 g|||True||22240P|||||||||1
2904748|mueller||||||||2024-10-28|Unforgiven - Photobook|||1|Stk.|Home|Multi-Media|Musik|K-Pop|Unforgiven - Photobook|||19,99 €|19,99 €||||||||||||||EUR|Home> Multi-Media> Musik> K-Pop> Unforgiven - Photobook|https://www.mueller.at/p/unforgiven-photobook-IPN2904748/|1 Stk.|CD,Photobook,Photocard,Sticker-Verschiedene Versionen bei der Bestellung nicht auswählbar||||||||||||||||||||||Non-Organic||||{'medium': 'CD', 'Künstler': 'LE SSERAFIM', 'Inhalt': '1 Stk.', 'Anzahl Tracks im Medium': '13', 'genre': 'K-Pop'}||||||||||||||0|0|2904748_1.png|https://static.mueller.de/pdzoom/8809929740019-pv.webp||||||||||||||||||||||||||||||||1 Stk.|||False||2904748P|||||||||1
810179|mueller||||||||2024-10-28|WELEDA HAMAMELISWASSER Belebendes Gesichtswasser|WELEDA||100|ml|Home|Parfümerie|Pflege|Gesichtspflege|Reinigung|Gesichtswasser|WELEDA HAMAMELISWASSER Belebendes Gesichtswasser|9,95 €|9,95 €|||||||||||99,50 € / 1 l|||EUR|Home> Parfümerie> Pflege> Gesichtspflege> Reinigung> Gesichtswasser> WELEDA HAMAMELISWASSER Belebendes Gesichtswasser|https://www.mueller.at/p/weleda-hamameliswasser-belebendes-gesichtswasser-810179/|100 ml|Erfrischt und klärt die Haut nach der Reinigung. Mild adstringierende Pflanzenstoffe, Hamamelisextrakt und ein Auszug aus Wildrosenblättern wirken porenverfeinernd. Die Haut wirkt klar, belebt und ist optimal auf die darauffolgende Gesichtspflege vorbereitet. Klärt und erfrischt Verfeinert das Hautbild Belebender Duft Anwendung Morgens und abends eine kleine Menge auf einen angefeuchteten Wattepad geben und damit sanft über Gesicht, Hals und Dekolleté streichen – die Augenpartie dabei aussparen. KlärtErfrischVerfeinert||Kühl, trocken und lichtgeschützt lagern||||||||||||||||||||Non-Organic||||"{'Lagerhinweis': 'Kühl, trocken und lichtgeschützt lagern', 'target_group': 'Unisex', 'manufacturer': 'Weleda AG', 'Herstelleradresse': 'Möhlerstraße 3, D-73525 Schwäbisch Gmünd', 'Kontaktmöglichkeit': 'www.weleda.de', 'fragrance_note': 'aromatisch|zitrisch', 'dermatologically_tested': 'Ja', 'Anwendungshinweis': 'Morgens und abends nach der Reinigung auf ein Wattepad geben und über Gesicht, Hals und Dekolleté streichen. Augenpartie aussparen.', 'package_contents': 'Ingredients (INCI): Water (Aqua), Alcohol, Rosa Moschata Leaf+ Extract, Hamamelis Virginiana (Witch Hazel) Water, Citrus Limon (Lemon) Juice+, Fragrance (Parfum)*, Limonene*, Linalool*, Geraniol*, Citral*. *from natural essential oils +organic ingredient', 'skin_type': 'alle Hauttypen', 'product_property': 'porenverfeinernd|erfrischend|klärend', 'Inhalt': '100 ml', 'fragrance_effect': 'anregend|frisch', 'Produkttyp': 'Gesichtswasser'}"||||||||||||||0|0|810179_1.png|https://static.mueller.de/markant_04001638095709_pd_4052244/pdzoom/weleda-hamameliswasser-belebendes-gesichtswasser.webp|810179_2.png|https://static.mueller.de/markant_04001638095709_pd_4052246/pdzoom/weleda-hamameliswasser-belebendes-gesichtswasser.webp|810179_3.png|https://static.mueller.de/markant_04001638095709_pv_4052243/pdzoom/weleda-hamameliswasser-belebendes-gesichtswasser.webp|810179_4.png|https://static.mueller.de/markant_04001638095709_pr_4052245/pdzoom/weleda-hamameliswasser-belebendes-gesichtswasser.webp|810179_5.png|https://static.mueller.de/markant_04001638095709_pd_4052246/pdzoom/weleda-hamameliswasser-belebendes-gesichtswasser.webp|810179_6.png|https://static.mueller.de/markant_04001638095709_pd_4052244/pdzoom/weleda-hamameliswasser-belebendes-gesichtswasser.webp||||||||||||Weleda AG||||||||||100 ml|Ingredients (INCI): Water (Aqua), Alcohol, Rosa Moschata Leaf+ Extract, Hamamelis Virginiana (Witch Hazel) Water, Citrus Limon (Lemon) Juice+, Fragrance (Parfum)*, Limonene*, Linalool*, Geraniol*, Citral*. *from natural essential oils +organic ingredient||True||810179P||||Bei der Anwendung den Augenbereich aussparen.|||||10
2904741|mueller||||||||2024-10-28|Hörspiel-Box,Folge 1-3 Gabby's Dollhouse|||1|Stk.|Home|Multi-Media|Musik|Hörspiele|Hörspiel-Box,Folge 1-3 Gabby's Dollhouse|||19,99 €|19,99 €||||||||||||||EUR|Home> Multi-Media> Musik> Hörspiele> Hörspiel-Box,Folge 1-3 Gabby's Dollhouse|https://www.mueller.at/p/hoerspiel-box-folge-1-3-gabbys-dollhouse-IPN2904741/|1 Stk.|||||||||||||||||||||||Non-Organic||||"{'medium': 'CD', 'Spieldauer in Min.': '141', 'Künstler': ""Gabby's Dollhouse"", 'Inhalt': '1 Stk.', 'Laufzeit in min (gesamt)': '141', 'Anzahl Medien im Artikel': '3', 'genre': 'Hörspiel (Kinder)', 'Label': 'EDELKIDS'}"||||||||||||||0|0|2904741_1.png|https://static.mueller.de/pdzoom/phononet_4029759185178_pv_4029759185178-0600px-001.webp|2904741_2.png|https://static.mueller.de/pdzoom/phononet_4029759185178_pr_4029759185178-0600px-002.webp||||||||||||||||||||||||||||||1 Stk.|||True||2904741P|||||||||4
2904743|mueller||||||||2024-10-28|Die Playmos-(83)Von Doppelgängern und Agenten|||1|Stk.|Home|Multi-Media|Musik|Hörspiele|Die Playmos-(83)Von Doppelgängern und Agenten|||7,99 €|7,99 €||||||||||||||EUR|Home> Multi-Media> Musik> Hörspiele> Die Playmos-(83)Von Doppelgängern und Agenten|https://www.mueller.at/p/die-playmos-83-von-doppelgaengern-und-agenten-IPN2904743/|1 Stk.|||||||||||||||||||||||Non-Organic||||{'medium': 'CD', 'author': 'Bredel,David/Fickel,Florian', 'Künstler': 'Playmos,Die', 'Inhalt': '1 Stk.', 'Anzahl Medien im Artikel': '1', 'genre': 'Hörspiel (Kinder)', 'Label': 'FLORIAN FI'}||||||||||||||0|0|2904743_1.png|https://static.mueller.de/pdzoom/phononet_4260229665190_pv_4260229665190-0600px-001.webp|2904743_2.png|https://static.mueller.de/pdzoom/phononet_4260229665190_pr_4260229665190-0600px-002.webp||||||||||||||||||||||||||||||1 Stk.|||True||2904743P|||||||||5
2904746|mueller||||||||2024-10-28|D-DAY-PHOTOBOOK|||1|Stk.|Home|Multi-Media|Musik|K-Pop|D-DAY-PHOTOBOOK|||32,99 €|32,99 €||||||||||||||EUR|Home> Multi-Media> Musik> K-Pop> D-DAY-PHOTOBOOK|https://www.mueller.at/p/d-day-photobook-IPN2904746/|1 Stk.|"
CD + Booklet
Lyric Book
Postcard
Poster
Photocard
Scanimation Card + Sticker

Verschiedene Versionen nicht auswählbar"||||||||||||||||||||||Non-Organic||||{'medium': 'CD', 'Künstler': 'August D', 'Inhalt': '1 Stk.', 'genre': 'K-Pop'}||||||||||||||0|0|2904746_1.png|https://static.mueller.de/pdzoom/8809929741283-pv.webp||||||||||||||||||||||||||||||||1 Stk.|||True||2904746P|||||||||5
22228|mueller||||||||2024-10-28|TORGAU Versandtasche C4 weiss|TORGAU||7|Stk.|Home|Schreibwaren|Büro|Bürobedarf|Versandmaterial|TORGAU Versandtasche C4 weiss||1,85 €|1,85 €|||||||||||2,64 € / 10 Stk.|||EUR|Home> Schreibwaren> Büro> Bürobedarf> Versandmaterial> TORGAU Versandtasche C4 weiss|https://www.mueller.at/p/torgau-versandtasche-c4-weiss-22228/|7 Stk.|Haftklebung mit 3 Jahre Klebegarantie für voluminösen Postversand.||||||||||||||||||||||Non-Organic||||{'scope_of_delivery': '7 Stück', 'Inhalt': '7 Stk.', 'Produkttyp': 'Versandmaterial'}||||||||||||||0|0|22228_1.png|https://static.mueller.de/6486199997-PV-0/pdzoom/torgau-versandtasche-c4-weiss.webp||||||||||||||||||||||||||||||||7 Stk.|||True||22228P|||||||||10
2640405|mueller||||||||2024-10-28|Hama CD-Laserreinigungsdisc|HAMA||1|Stk.|Home|Multi-Media|Unterhaltungselektronik|Audio- & Video-Zubehör|Pflege|Hama CD-Laserreinigungsdisc||9,99 €|9,99 €||||||||||||||EUR|Home> Multi-Media> Unterhaltungselektronik> Audio- & Video-Zubehör> Pflege> Hama CD-Laserreinigungsdisc|https://www.mueller.at/p/hama-cd-laserreinigungsdisc-2640405/|1 Stk.|"- zur schonenden Trockenreinigung der Laseroptik im CD-Player
- sorgt für eine verbesserte Wiedergabequalität der Tonträger
- begleitet von Musik aus ""Carmen Fantasy""

Verbraucherhinweis:
Verwenden Sie diese Reingungsdisc nicht in Slot-in-Laufwerken.
Legen Sie die Reinigungsdisc wie eine normale Disc in den Player ein. Achten Sie darauf, dass der Pfeil auf der Reingungsdisc auf die Blende der Laufwerksschublade zeigt."||||||||||||||||||||||Non-Organic||||{'scope_of_delivery': '- 1 CD-Laserreinigungsdisc\n- 1 CD-Box', 'Modellnummer': '00044721', 'manufacturer': 'Hama GmbH & Co. KG', 'Herstelleradresse': 'Dresdner Str. 9, 86653 Monheim', 'Kontaktmöglichkeit': 'info.de@hama.de', 'Höhe': '23 cm', 'Breite': '14.2 cm', 'Tiefe': '1.3 cm', 'Inhalt': '1 Stk.'}|||||||00044721|||||||3.3333|3|2640405_1.png|https://static.mueller.de/6775871280-PV-0/pdzoom/hama-cd-laserreinigungsdisc.webp||||||||||||||||||||||Hama GmbH & Co. KG||||||||||1 Stk.|||True||2640405P|||||||||3
810180|mueller||||||||2024-10-28|L'Oréal Paris Dermo Revitalift Laser x3 Serum Anti Age - Straffendes Anti-Aging-Serum mit Hyaluronsäure und Vitamin C|L'ORÉAL PARIS||30|ml|Home|Drogerie|Pflege|Gesichtspflege|Spezialpflege|Seren & Ampullen|L'Oréal Paris Dermo Revitalift Laser x3 Serum Anti Age - Straffendes Anti-Aging-Serum mit Hyaluronsäure und Vitamin C|19,95 €|19,95 €|||||||||||665,00 € / 1 l|||EUR|Home> Drogerie> Pflege> Gesichtspflege> Spezialpflege> Seren & Ampullen> L'Oréal Paris Dermo Revitalift Laser x3 Serum Anti Age - Straffendes Anti-Aging-Serum mit Hyaluronsäure und Vitamin C|https://www.mueller.at/p/loreal-paris-dermo-revitalift-laser-x3-serum-anti-age-straffendes-anti-aging-serum-mit-hyaluronsaeure-und-vitamin-c-810180/|30 ml|L'Oréal Revitalift Laser X3 hochkonzentriertes Anti-Age Serum mildert sanft und sichtbar Falten und verfeinert nach und nach die Hautstruktur. Die Dreifach-Formel mit Pro-Retinol, Vitamin C und Hyaluronsäure pflegt die Haut nachhaltig und baut sie wieder auf, so dass sie frisch und belebt erscheint. Ein glättendes Anti-Falten Serum mit Straffungs-Effekt von L'Oréal Paris||||||||||||||||||||||Non-Organic||||"{'target_group': 'Unisex', 'manufacturer': ""L'Oréal Deutschland GmbH"", 'Herstelleradresse': 'TSA 75000 93684 ST OUEN CEDEX FR', 'Kontaktmöglichkeit': '0211 544 77191', 'Anwendungshinweis': 'Täglich morgens und abends vor der täglichen Tages- oder Nachtpflege verwenden. Einige Tropfen auf dem gesamten Gesicht bis zum Hals auftragen.', 'package_contents': 'AQUA / WATER • DIPROPYLENE GLYCOL • DIMETHICONE • GLYCERIN • HYDROXYPROPYL TETRAHYDROPYRANTRIOL • PROPYLENE GLYCOL • ALCOHOL DENAT. • C12-15 ALKYL BENZOATE • DIMETHICONE/VINYL DIMETHICONE CROSSPOLYMER • ACETYL DIPEPTIDE-1 CETYL ESTER • CAPRYLOYL SALICYLIC ACID • PENTAERYTHRITYL TETRA-DI-T-BUTYL HYDROXYHYDROCINNAMATE • POTASSIUM HYDROXIDE • SODIUM CHLORIDE • SODIUM CITRATE • SODIUM HYALURONATE • TRISODIUM ETHYLENEDIAMINE DISUCCINATE • 2-OLEAMIDO-1,3-OCTADECANEDIOL • ASCORBYL GLUCOSIDE • RETINYL PALMITATE • TOCOPHERYL ACETATE • CETYL ALCOHOL • OCTYLDODECANOL • SILICA • BUTYLENE GLYCOL • CARBOMER • CI 77891 / TITANIUM DIOXIDE • GLYCERYL STEARATE • HYDROXYETHYLCELLULOSE • MICA • MYRISTIC ACID • PALMITIC ACID • PEG-100 STEARATE • POTASSIUM CETYL PHOSPHATE • SORBITAN LAURATE • STEARIC ACID • TIN OXIDE • TOCOPHEROL • XANTHAN GUM • BENZYL ALCOHOL • CITRONELLOL • LIMONENE • LINALOOL • CI 15985 / YELLOW 6 • CI 19140 / YELLOW 5 • PHENOXYETHANOL • PARFUM / FRAGRANCE (F.I.L. Z70020818/1).', 'product_property': 'hautbildverfeinernd|aufbauend', 'Inhalt': '30 ml', 'scope_of_application': 'Spezialpflege', 'Batterien erforderlich': 'Nein', 'Produkttyp': 'Lotion'}"||||||||||||||4.6538|208|810180_1.png|https://static.mueller.de/markant_03600522249238_pd_1809704/pdzoom/loreal-paris-dermo-revitalift-laser-x3-serum-anti-age-straffendes-anti-aging-serum-mit-hyaluronsaeure-und-vitamin-c.webp|810180_2.png|https://static.mueller.de/markant_03600522249238_pv_1809702/pdzoom/loreal-paris-dermo-revitalift-laser-x3-serum-anti-age-straffendes-anti-aging-serum-mit-hyaluronsaeure-und-vitamin-c.webp|810180_3.png|https://static.mueller.de/markant_03600522249238_pd_1852332/pdzoom/loreal-paris-dermo-revitalift-laser-x3-serum-anti-age-straffendes-anti-aging-serum-mit-hyaluronsaeure-und-vitamin-c.webp|810180_4.png|https://static.mueller.de/markant_03600522249238_pd_1853321/pdzoom/loreal-paris-dermo-revitalift-laser-x3-serum-anti-age-straffendes-anti-aging-serum-mit-hyaluronsaeure-und-vitamin-c.webp|810180_5.png|https://static.mueller.de/markant_03600522249238_pd_2647706/pdzoom/loreal-paris-dermo-revitalift-laser-x3-serum-anti-age-straffendes-anti-aging-serum-mit-hyaluronsaeure-und-vitamin-c.webp|810180_6.png|https://static.mueller.de/markant_03600522249238_pd_2647689/pdzoom/loreal-paris-dermo-revitalift-laser-x3-serum-anti-age-straffendes-anti-aging-serum-mit-hyaluronsaeure-und-vitamin-c.webp||||||||||||L'Oréal Deutschland GmbH||||||||||30 ml|AQUA / WATER • DIPROPYLENE GLYCOL • DIMETHICONE • GLYCERIN • HYDROXYPROPYL TETRAHYDROPYRANTRIOL • PROPYLENE GLYCOL • ALCOHOL DENAT. • C12-15 ALKYL BENZOATE • DIMETHICONE/VINYL DIMETHICONE CROSSPOLYMER • ACETYL DIPEPTIDE-1 CETYL ESTER • CAPRYLOYL SALICYLIC ACID • PENTAERYTHRITYL TETRA-DI-T-BUTYL HYDROXYHYDROCINNAMATE • POTASSIUM HYDROXIDE • SODIUM CHLORIDE • SODIUM CITRATE • SODIUM HYALURONATE • TRISODIUM ETHYLENEDIAMINE DISUCCINATE • 2-OLEAMIDO-1,3-OCTADECANEDIOL • ASCORBYL GLUCOSIDE • RETINYL PALMITATE • TOCOPHERYL ACETATE • CETYL ALCOHOL • OCTYLDODECANOL • SILICA • BUTYLENE GLYCOL • CARBOMER • CI 77891 / TITANIUM DIOXIDE • GLYCERYL STEARATE • HYDROXYETHYLCELLULOSE • MICA • MYRISTIC ACID • PALMITIC ACID • PEG-100 STEARATE • POTASSIUM CETYL PHOSPHATE • SORBITAN LAURATE • STEARIC ACID • TIN OXIDE • TOCOPHEROL • XANTHAN GUM • BENZYL ALCOHOL • CITRONELLOL • LIMONENE • LINALOOL • CI 15985 / YELLOW 6 • CI 19140 / YELLOW 5 • PHENOXYETHANOL • PARFUM / FRAGRANCE (F.I.L. Z70020818/1).||True||810180P||||Bei Kontakt mit den Augen diese gründlich ausspülen.|||||10
2772410|mueller||||||||2024-10-28|Christmas with Elvis and the Royal Philharmonic Or|||1|Stk.|Home|Multi-Media|Musik|Pop|Christmas with Elvis and the Royal Philharmonic Or|||3,99 €|3,99 €||||||||||||||EUR|Home> Multi-Media> Musik> Pop> Christmas with Elvis and the Royal Philharmonic Or|https://www.mueller.at/p/christmas-with-elvis-and-the-royal-philharmonic-or-IPN2772410/|1 Stk.|||||||||||||||||||||||Non-Organic||||{'medium': 'CD', 'Künstler': 'Presley,Elvis', 'Inhalt': '1 Stk.', 'Anzahl Medien im Artikel': '1', 'genre': 'Pop international', 'Label': 'SONY MUSIC'}||||||||||||||0|0|2772410_1.png|https://static.mueller.de/pdzoom/phononet_0889854723729_pv_0889854723729-0600px-001.webp|2772410_2.png|https://static.mueller.de/pdzoom/phononet_0889854723729_pr_0889854723729-0600px-002.webp||||||||||||||||||||||||||||||1 Stk.|||True||2772410P|||||||||5
2904733|mueller||||||||2024-10-28|CLIF Bar Energie-Riegel Chocolate Almond Fudge|CLIF BAR||68|g|Home|Drogerie|Lebensmittel|Nahrung|Sportlernahrung|CLIF Bar Energie-Riegel Chocolate Almond Fudge||2,65 €|2,65 €|||||||||||38,97 € / 1 kg|||EUR|Home> Drogerie> Lebensmittel> Nahrung> Sportlernahrung> CLIF Bar Energie-Riegel Chocolate Almond Fudge|https://www.mueller.at/p/clif-bar-energie-riegel-chocolate-almond-fudge-IPN2904733/|68 g|Energieriegel mil Hafer, Schokolade und Mandeln||Trocken lagern und vor Wärme schützen.|||||||||{'Nährwerte je': '100g', 'Brennwert': '1646 kj / 392 kcal', 'Fett in g': '11', '- davon gesättigte Fettsäuren in g': '2,6', 'Kohlenhydrate in g': '53', '- davon Zucker in g': '23', 'Ballaststoffe in g': '8', 'Eiweiß in g': '16', 'Salz in g': '0,53'}|||||||||||Non-Organic||||{'Lagerhinweis': 'Trocken lagern und vor Wärme schützen.', 'manufacturer': 'Genuport Trade GmbH', 'Herstelleradresse': 'Gutenbergring 60, D-22848 Norderstedt', 'Kontaktmöglichkeit': 'info@genuport.de', 'Inhalt': '68 g', 'Zutaten': 'HAFERflocken* (22,4%), Naturreissirup*, SOJA-reiskrispies (SOJAeiweißisolat, Reismehl, GERSTENmalzextrakt), geröstete SOJAbohnen*, Tapiokasirup*, Rohrzuckersirup*, MANDELN (4,1%), ungesüßte Schokolade (4,1%), SOJAmehl*, Chicoree-Wurzelfaser, Fettreduzierter Kakao (3,0%), Sonnenblumen- und/oder Sojabohnenöl, natürliche Aromen, Salz, Antioxidans: Stark Tocopherolhaltige Extrakte. 70% Bio-Zutaten. KANN ERDNÜSSE, ANDERE NÜSSE, MILCH, SESAM, ROGGEN, TRITICALE UND WEIZEN ENTHALTEN.- KANN NUSSSCHALENSTÜCKEN ENTHALTEN.', 'Produkttyp': 'Energie-Riegel', 'warning_notice': 'Die angegebene empfohlene tägliche Verzehrsmenge darf nicht überschritten werden. Nahrungsergänzungsmittel sollten nicht als Ersatz für eine ausgewogene und abwechslungsreiche Ernährung dienen. Achten Sie auf eine gesunde Lebensweise. Außerhalb der Reichweite von kleinen Kindern aufbewahren.'}||||||||||||||4.0|1|2904733_1.png|https://static.mueller.de/pdzoom/722252387615-vs.webp||||||||||||||||||||||Genuport Trade GmbH||||||||||68 g|||True||2904733P|||||||||10
22227|mueller||||||||2024-10-28|TORGAU Versandtasche C5 haftklebend weiss|TORGAU||10|Stk.|Home|Schreibwaren|Büro|Bürobedarf|Versandmaterial|TORGAU Versandtasche C5 haftklebend  weiss||1,29 €|1,29 €|||||||||||1,29 € / 10 Stk.|||EUR|Home> Schreibwaren> Büro> Bürobedarf> Versandmaterial> TORGAU Versandtasche C5 haftklebend  weiss|https://www.mueller.at/p/torgau-versandtasche-c5-haftklebend-weiss-22227/|10 Stk.|Haftklebung mit 3 Jahre Klebegarantie für voluminösen Postversand.||||||||||||||||||||||Non-Organic||||{'scope_of_delivery': '10 Stück', 'Inhalt': '10 Stk.', 'Produkttyp': 'Versandmaterial'}||||||||||||||5.0|1|22227_1.png|https://static.mueller.de/6486199965-PV-0/pdzoom/torgau-versandtasche-c5-haftklebend-weiss.webp||||||||||||||||||||||||||||||||10 Stk.|||True||22227P|||||||||10
2640413|mueller||||||||2024-10-28|Hama DVD-Laserreinigungsdisc|HAMA||1|Stk.|Home|Multi-Media|Unterhaltungselektronik|Audio- & Video-Zubehör|Pflege|Hama DVD-Laserreinigungsdisc||9,99 €|9,99 €||||||||||||||EUR|Home> Multi-Media> Unterhaltungselektronik> Audio- & Video-Zubehör> Pflege> Hama DVD-Laserreinigungsdisc|https://www.mueller.at/p/hama-dvd-laserreinigungsdisc-2640413/|1 Stk.|"- beseitigt Schmutzpartikel im DVD-Laufwerk: Reinigungsdisc zur schonenden Trockenreinigung der Laseroptik im DVD-Player für eine verbesserte Wiedergabequalität
- Auswahl von 8 verschiedenen Sprachen
- 720 x 480 Pixel/30 fps (frames per second)
- inkl. Animation mit hochauflösenden Bildern

Verbraucherhinweis:
Verwenden Sie diese Reingungsdisc nicht in Slot-in-Laufwerken.
- Legen Sie die Reinigungsdisc wie eine normale Disc in den Player ein. Achten Sie darauf, dass der Pfeil auf der Reingungsdisc auf die Blende der Laufwerkschublade zeigt.
- Wählen Sie Ihre bevorzugte Sprache aus dem 8-sprachigen Menü.
- Drücken Sie die Play-Taste des DVD-Players, um den Reinigungsprozess zu starten. 
- Während der Reinigung ist für ca. 30 Sekunden eine Animation zu sehen. Die Reinigung ist beendet, sobald die Animation stoppt. 
- Entnehmen Sie die Reinigungsdisc aus dem Player.

Wenn die Reinigungsdisc nicht in Gebrauch ist, verwahren Sie diese immer in der mitgelieferten Hülle."||||||||||||||||||||||Non-Organic||||{'Modellnummer': '00048496', 'scope_of_delivery': '- 1 DVD-Laserreinigungsdisc', 'manufacturer': 'Hama GmbH & Co. KG', 'Herstelleradresse': 'Dresdner Str. 9, 86653 Monheim', 'Kontaktmöglichkeit': 'info.de@hama.de', 'Höhe': '23 cm', 'Breite': '14.1 cm', 'Tiefe': '1.4 cm', 'Inhalt': '1 Stk.'}|||||||00048496|||||||0|0|2640413_1.png|https://static.mueller.de/6775871224-PV-0/pdzoom/hama-dvd-laserreinigungsdisc.webp||||||||||||||||||||||Hama GmbH & Co. KG||||||||||1 Stk.|||True||2640413P|||||||||3
2904722|mueller||||||||2024-10-28|CLIF Bar Energie-Riegel Blueberry Almond Crisp|CLIF BAR||68|g|Home|Drogerie|Lebensmittel|Nahrung|Sportlernahrung|CLIF Bar Energie-Riegel Blueberry Almond Crisp||2,65 €|2,65 €|||||||||||38,97 € / 1 kg|||EUR|Home> Drogerie> Lebensmittel> Nahrung> Sportlernahrung> CLIF Bar Energie-Riegel Blueberry Almond Crisp|https://www.mueller.at/p/clif-bar-energie-riegel-blueberry-almond-crisp-IPN2904722/|68 g|Energieriegel mtt Hafer, Mandeln und Blaubeeren||Trocken lagern und vor Wärme schützen.|||||||||{'Nährwerte je': '100g', 'Brennwert': '1581 kj / 375 kcal', 'Fett in g': '8,3', '- davon gesättigte Fettsäuren in g': '1', 'Kohlenhydrate in g': '55', '- davon Zucker in g': '26', 'Ballaststoffe in g': '8', 'Eiweiß in g': '16', 'Salz in g': '0,65'}|||||||||||Non-Organic||||{'Lagerhinweis': 'Trocken lagern und vor Wärme schützen.', 'manufacturer': 'Genuport Trade GmbH', 'Herstelleradresse': 'Gutenbergring 60, D-22848 Norderstedt', 'Kontaktmöglichkeit': 'info@genuport.de', 'Inhalt': '68 g', 'Zutaten': 'HAFERflocken* (20,5%), Naturreissirup*, SOJA-reiskrispies (SOJAeiweißisolat, Reismehl, GERSTENmalzenextrakt), geröstete SOJAbohnen*, Tapiokasirup*, Rohrzuckersirup*,Chicoree-Wurzelfaser, SOJAmehl*, MANDELN* (4,3%), getrocknete Blaubeeren (3,0%), Apfelsaftkonzentrat,Sonnenblumen- und/oder Sojabohnenöl, natürliche Aromen, Salz, Säureregulator: Citronensäure, Antioxidans: Stark Tocopherolhaltige Extrakte. 70% Bio-Zutaten KANN ERDNÜSSE, NÜSSE, MILCH, SESAM, ROGGEN, TRITICALE UND WEIZEN ENTHALT. KANN NUSSSCHALENSTÜCKE ENTHALTEN *Bio', 'Produkttyp': 'Energie-Riegel', 'warning_notice': 'Die angegebene empfohlene tägliche Verzehrsmenge darf nicht überschritten werden. Nahrungsergänzungsmittel sollten nicht als Ersatz für eine ausgewogene und abwechslungsreiche Ernährung dienen. Achten Sie auf eine gesunde Lebensweise. Außerhalb der Reichweite von kleinen Kindern aufbewahren.'}||||||||||||||4.0|1|2904722_1.png|https://static.mueller.de/pdzoom/722252387509-VS.webp||||||||||||||||||||||Genuport Trade GmbH||||||||||68 g|||True||2904722P|||||||||10
2904723|mueller||||||||2024-10-28|Murdoch Mysteries - Staffel 4 [4 DVDs]|||1|Stk.|Home|Multi-Media|Filme & TV|Thriller & Mystery|Murdoch Mysteries - Staffel 4  [4 DVDs]|||24,99 €|24,99 €||||||||||||||EUR|Home> Multi-Media> Filme & TV> Thriller & Mystery> Murdoch Mysteries - Staffel 4  [4 DVDs]|https://www.mueller.at/p/murdoch-mysteries-staffel-4-4-dvds-IPN2904723/|1 Stk.|Zum Auftakt der vierten Staffel bekommt es Murdoch mit neuen Kriminalfällen, kostümierten Killern und skrupellosen Mafiosi zu tun, die ihr Unwesen treiben und den Detective im Kampf gegen das Verbrechen kreativ werden lassen. Wegen eines grausigen Funds von zerstückelten Körperteilen, eines erhängten Soldaten und des Tods eines wohlhabenden Patriarchen hat Murdoch alle Hände voll zu tun. Doch während er und sein Team versuchen, die Schuldigen zu fassen, kämpft er damit, seine Gefühle für seine frühere Geliebte zu unterdrücken ...||||||||||||||||||||||Non-Organic||||"{'medium': 'DVD', 'Untertitel': 'Deutsch', 'manufacturer': 'Edel Music & Entertainment GmbH', 'Bildformat': '16:9', 'Inhalt': '1 Stk.', 'Laufzeit in min (gesamt)': '595', 'Special Edition': 'Nein', 'Tonformat-Sprache': 'Englisch,Deutsch', 'packaging_type': 'Softbox', 'Hauptgenre': 'TV-Serie|Thriller & Krimi|Mystery'}"||||||||||||||0|0|2904723_1.png|https://static.mueller.de/videojakob_4029759187233_pv_654409/pdzoom/murdoch-mysteries-staffel-4-4-dvds.webp|2904723_2.png|https://static.mueller.de/pdzoom/videojakob_4029759187233_pr_654409-back.webp||||||||||||||||||||Edel Music & Entertainment GmbH||||||||||1 Stk.|||True||2904723P|||||||||5
299760|mueller||||||||2024-10-28|Carnello Hundesnack Gourmet-Delikatesse Hundechips|CARNELLO||55|g|Home|Tiershop|Tiernahrung|Hund|Belohnung & Snacks|Carnello Hundesnack Gourmet-Delikatesse Hundechips||4,79 €|4,79 €|||||||||||87,09 € / 1 kg|||EUR|Home> Tiershop> Tiernahrung> Hund> Belohnung & Snacks> Carnello Hundesnack Gourmet-Delikatesse Hundechips|https://www.mueller.at/p/carnello-hundesnack-gourmet-delikatesse-hundechips-299760/|55 g|"100% reines Naturprodukt

Die Hundechips® sind eine Delikatesse, die von Carnello zusammen mit dem Gourmet Papst Gerd Kä̈fer und seinem Mops Sir Henry entwickelt wurde.

Sie bestehen aus handverlesenen Naturdärmen, die auf eine einzigartige Weise einzeln getrocknet werden. Dadurch werden sie so schön voluminös, riechen milder und haben fast 60% weniger Fett. Somit sind sie auch für Hunde bestens geeignet, die fettärmer ernährt werden. Die kleinen Häppchen von 3 - 4 cm sind schön weich, splittern nicht und sind auch für kleine Hunde besonders gut geeignet.

Die Hundechips® regulieren die Darmflora und unterstützen so das Immunsystem. Das in ihnen enthaltene Biotin hilft ein schönes, glänzendes Fell zu bekommen. Ständige Kontrollen garantieren die mikrobiologische Unbedenklichkeit. Die Hundechips® sind eine Gourmet-Delikatesse, die in kleiner Auflage hergestellt wird als besondere Belohnung, als kleiner Snack oder einfach um dem Vierbeiner eine Freude zu machen. Dann macht ein gemeinsamer Fernsehabend mit Frauchen und Herrchen doch noch viel mehr Spaß.

Dieser Snack ist zu 100% ein reines Naturprodukt und enthält keinerlei künstliche oder sonstige Zusätze. Damit ist er auch für empfindliche Hunde und Hunde mit Allergien bestens geeignet. Vertrauen Sie auf das Original! Um die hervorragende Qualität zu gewährleisten sind Carnello Hundechips® umfassend gesetzlich geschützt."||Kühl und trocken lagern.|||||||Schwein|||||||||||||Non-Organic||||"{'Lagerhinweis': 'Kühl und trocken lagern.', 'Futtermittelart': 'Ergänzungsfutter', 'manufacturer': 'Carnello UG & Co. KG', 'Herstelleradresse': 'Olgastr. 103, 89073 Ulm', 'Kontaktmöglichkeit': 'service@carnello.de', 'Zulassungsnummer': 'CZ21713857', 'Geschmacksrichtung': 'Schwein', 'special_feed': 'Darmfunktion', 'packaging_type': 'Beutel', 'Inhalt': '55 g', 'Eigenschaften': 'Glutenfrei|Ohne Getreide', 'Fütterungsempfehlung': 'Snack', 'Analytische Bestandteile': 'Rohprotein 73,42%, Rohfett 13,08%, Rohfaser 1,08%, Rohasche 3,78%', 'Zusammensetzung (Futter)': 'Naturdärme (Schwein)', 'Zusatzstoffe (Futter)': 'Biotin 40 μg/kg (0,02%)', 'Produkttyp': 'Belohnung & Snacks', 'Tiertyp': 'Hund'}"||||Snack|||||||Schwein|||0|0|299760_1.png|https://static.mueller.de/6115979420-PV-0/pdzoom/carnello-hundesnack-gourmet-delikatesse-hundechips.webp||||||||||||||||||||||Carnello UG & Co. KG||||||||||55 g|||True||299760P|||||||||10
2180083|mueller||||||||2024-10-28|kela Topfhandschuh Carla 100% Baumwolle pastellgrün Kreise 28 x 18 cm|KELA||1|Stk.|Home|Haushalt|Wohnen & Dekorieren|Heimtextilien|Küchentextilien|Topflappen & Handschuhe|kela Topfhandschuh Carla 100% Baumwolle pastellgrün Kreise 28 x 18 cm|8,25 €|8,25 €|8,25 €|5,00 €||||39%|Sie sparen 39%|||||||EUR|Home> Haushalt> Wohnen & Dekorieren> Heimtextilien> Küchentextilien> Topflappen & Handschuhe> kela Topfhandschuh Carla 100% Baumwolle pastellgrün Kreise 28 x 18 cm|https://www.mueller.at/p/kela-topfhandschuh-carla-100-baumwolle-pastellgruen-kreise-28-x-18-cm-2180083/|1 Stk.|In der Küche geht es manchmal heiß her. Umso besser wenn man beim Anfassen  oder  Transportieren heißer Töpfe oder Pfannen einen schützenden Helfer hat.  Ein  Topfhandschuh darf also in keiner Küche fehlen. Es gibt ihn in  unterschiedlichen Varianten. Auch bei Kela finden Sie Varianten in vielen  Farben. Der Topfhandschuh aus der Serie Carla besticht durch die trendigen  Farben Pastellgrün und Pastelltürkis. Während eine Seite komplett unifarben  grün ist, wurde auf der anderen Seite das Pastelltürkis in ein dezentes  Blumenmuster integriert. Aus 100% Baumwolle und mit praktischer  Aufhängeschlaufe. 28x18 cm.||||||||||||||||||||||Non-Organic||||{'manufacturer': 'Keck & Lang GmbH', 'Herstelleradresse': 'Nordring 1, DE-89558 Böhmenkirch', 'Kontaktmöglichkeit': 'product@kela.de, www.kela.de', 'Farbe': 'pastellgrün', 'Höhe': '28 cm', 'Breite': '18 cm', 'Inhalt': '1 Stk.'}||||||pastellgrün||||||||0|0|2180083_1.png|https://static.mueller.de/6512265780-PV-0/pdzoom/kela-topfhandschuh-carla-100-baumwolle-pastellgruen-kreise-28-x-18-cm.webp||||||||||||||||||||||Keck & Lang GmbH||||||||||1 Stk.|||False||2180083P|||||||||1
36842|mueller||||||||2024-10-28|Aurita Kapseln Carotin Zellschutz Komplex|AURITA||60|Stk.|Home|Drogerie|Lebensmittel|Nahrungsergänzung|Aurita Kapseln Carotin Zellschutz Komplex|||7,29 €|7,29 €|7,29 €|6,25 €||||14%|Sie sparen 14%||||1,04 € / 10 Stk.|||EUR|Home> Drogerie> Lebensmittel> Nahrungsergänzung> Aurita Kapseln Carotin Zellschutz Komplex|https://www.mueller.at/p/aurita-kapseln-carotin-zellschutz-komplex-36842/|60 Stk.|Oxidativer Stress kann durch UV-Strahlung, intensives Sonnenbaden, Ozon oder Umweltgifte begünstigt werden. Der Körper kann sogenannte freie Radikale nicht mehr ausreichend neutralisieren. Zu starke UV-Strahlung kann die Haut belasten- Daher ist ausreichender Schutz ratsam. Aurita Carotin Zellschutz complex enthält hautaktive Inhaltsstoffe, wie Beta Carotin (Provitamin A), die wichtigste Vorstufe von Vitamin A. Das fettlösliche Vitamin A wird vom Körper unter anderem aus dem in Karotten, Marillen oder Spinat enthaltenen Beta-Carotin gebildet. Es trägt zum Erhalt gesunder Haut bei. Zusätzlich sind die zellschützenden Vitamine C und E sowie das essenzielle Spurenelement Selen enthalten. Vitamin C trägt zur normalen Kollagenbildung und Funktion der Haut bei. Selen und Vitamin E tragen dazu bei, die Zellen vor oxidativem Stress zu schützen.||Bei Raumtemperatur, trocken und lichtgeschützt (in der Packung) lagern. Außerhalb der Reichweite von Kindern aufbewahren.|||Österreich|||||||||||||||||Non-Organic||||"{'Lagerhinweis': 'Bei Raumtemperatur, trocken und lichtgeschützt (in der Packung) lagern. Außerhalb der Reichweite von Kindern aufbewahren.', 'manufacturer': 'Richard Bittner AG', 'Herstelleradresse': 'Ossiacher Straße 7, A - 9560 Feldkirchen', 'Kontaktmöglichkeit': 'CHCIAustriaFeldkirchenOffice@perrigo.com', 'Herkunftsland': 'Österreich', 'Anwendungshinweis': '1x täglich 1 Kapsel unzerkaut mit ausreichend Flüssigkeit einnehmen. Die empfohlene Tagesmenge nicht überschreiten. Zur Daueranwendung empfohlen. Nahrungsergänzungsmittel sind kein Ersatz für eine abwechslungsreiche Ernährung. Eine ausgewogene Ernährung und ein gesunder Lebensstil sind wichtig.', 'Inhalt': '60 Stk.', 'Eigenschaften': 'Laktosefrei|Glutenfrei', 'Zutaten': 'Maltodextrin, Karottensaftkonzentrat, Gelatine, Ascorbinsäure, Vitamin E-Acetat 50%ig, Beta-Carotin 10%ig (enthält Soja), Trennmittel: Magnesiumsalze der Speisefettsäuren, Natriumselenat 1%ig, Farbstoffe: Eisenoxid, Titandioxid.', 'Produkttyp': 'Nahrungsergänzung', 'warning_notice': 'Die angegebene empfohlene tägliche Verzehrsmenge darf nicht überschritten werden. Nahrungsergänzungsmittel sollten nicht als Ersatz für eine ausgewogene und abwechslungsreiche Ernährung dienen. Achten Sie auf eine gesunde Lebensweise. Außerhalb der Reichweite von kleinen Kindern aufbewahren.'}"||||||||||||||0|0|36842_1.png|https://static.mueller.de/6815364467-PV-0/pdzoom/aurita-kapseln-carotin-zellschutz-komplex.webp||||||||||||||||||||||Richard Bittner AG||||||||||60 Stk.|||True||36842P|||||||||10
2904715|mueller||||||||2024-10-28|Nonstop Ins Glück|||1|Stk.|Home|Multi-Media|Musik|Pop|Nonstop Ins Glück|||5,99 €|5,99 €||||||||||||||EUR|Home> Multi-Media> Musik> Pop> Nonstop Ins Glück|https://www.mueller.at/p/nonstop-ins-glueck-IPN2904715/|1 Stk.|||||||||||||||||||||||Non-Organic||||{'medium': 'CD', 'Künstler': 'Wilde,Laura', 'Inhalt': '1 Stk.', 'Anzahl Medien im Artikel': '1', 'genre': 'Schlager', 'Label': 'MORE MUSIC'}||||||||||||||0|0|2904715_1.png|https://static.mueller.de/pdzoom/phononet_4032989447022_pv_4032989447022-0600px-001.webp|2904715_2.png|https://static.mueller.de/pdzoom/phononet_4032989447022_pr_4032989447022-0600px-002.webp||||||||||||||||||||||||||||||1 Stk.|||True||2904715P|||||||||5
2904711|mueller||||||||2024-10-28|munkees Karabiner Sunflower 6cm|||1|Stk.|Home|Haushalt|Wohnen & Dekorieren|Outdoor|munkees Karabiner Sunflower 6cm|||8,99 €|8,99 €||||||||||||||EUR|Home> Haushalt> Wohnen & Dekorieren> Outdoor> munkees Karabiner Sunflower 6cm|https://www.mueller.at/p/munkees-karabiner-sunflower-6cm-IPN2904711/|1 Stk.|Karabiner aus eloxiertem Aluminium in verschiedenen Formen||||||||||||||||||||||Non-Organic||||{'manufacturer': 'AceCamp GmbH', 'Herstelleradresse': 'Weiskircher Weg 9, DE-63150 Heusenstamm', 'Kontaktmöglichkeit': 'info@acecamp.de', 'Materialdetails': 'Aluminiumlegierung, Eisen, Phenolepoxidharz, Druckmaterial', 'Inhalt': '1 Stk.'}||||||||Aluminiumlegierung, Eisen, Phenolepoxidharz, Druckmaterial||||||0|0|2904711_1.png|https://static.mueller.de/pdzoom/6932057833062.webp||||||||||||||||||||||AceCamp GmbH||||||||||1 Stk.|||True||2904711P|||||||||5
22204|mueller||||||||2024-10-28|PAP-ART Zahlen-Etiketten schwarz auf transparent 20mm|PAP-ART||1|Stk.|Home|Schreibwaren|Bastelbedarf|Papier & Karton|PAP-ART Zahlen-Etiketten schwarz auf transparent 20mm|||1,39 €|1,39 €||||||||||||||EUR|Home> Schreibwaren> Bastelbedarf> Papier & Karton> PAP-ART Zahlen-Etiketten schwarz auf transparent 20mm|https://www.mueller.at/p/pap-art-zahlen-etiketten-schwarz-auf-transparent-20mm-22204/|1 Stk.|"Die selbstklebenden PAP-ART Zahlen-Etiketten sind optimal zum Beschriften, Kennzeichnen und Markieren von Unterlagen, Preisschildern, Dokumenten, Mappen und vielem mehr.
Die Etiketten sind einfach mit Hand zu beschriften und eignen sich nicht für den Drucker."||||||||||||||||||||||Non-Organic||||{'Inhalt': '1 Stk.', 'Produkttyp': 'Spezialpapier'}||||||||||||||0|0|22204_1.png|https://static.mueller.de/6486338611-PV-0/pdzoom/pap-art-zahlen-etiketten-schwarz-auf-transparent-20mm.webp||||||||||||||||||||||||||||||||1 Stk.|||False||22204P|||||||||1
2904713|mueller||||||||2024-10-28|munkees Karabiner Blume Lila 6cm|||1|Stk.|Home|Haushalt|Wohnen & Dekorieren|Outdoor|munkees Karabiner Blume Lila 6cm|||8,99 €|8,99 €||||||||||||||EUR|Home> Haushalt> Wohnen & Dekorieren> Outdoor> munkees Karabiner Blume Lila 6cm|https://www.mueller.at/p/munkees-karabiner-blume-lila-6cm-IPN2904713/|1 Stk.|Karabiner aus eloxiertem Aluminium in verschiedenen Formen||||||||||||||||||||||Non-Organic||||{'manufacturer': 'AceCamp GmbH', 'Herstelleradresse': 'Weiskircher Weg 9, DE-63150 Heusenstamm', 'Kontaktmöglichkeit': 'info@acecamp.de', 'Materialdetails': 'Aluminiumlegierung, Eisen, Phenolepoxidharz, Druckmaterial', 'Inhalt': '1 Stk.'}||||||||Aluminiumlegierung, Eisen, Phenolepoxidharz, Druckmaterial||||||0|0|2904713_1.png|https://static.mueller.de/pdzoom/6932057833253.webp||||||||||||||||||||||AceCamp GmbH||||||||||1 Stk.|||True||2904713P|||||||||10
417458|mueller||||||||2024-10-28|Mein liebstes Buggybuch|-||1|Stk.|Home|Spielwaren|Buch & Schulbedarf|Kinder- & Jugendbücher|Mein liebstes Buggybuch|||6,20 €|6,20 €||||||||||||||EUR|Home> Spielwaren> Buch & Schulbedarf> Kinder- & Jugendbücher> Mein liebstes Buggybuch|https://www.mueller.at/p/mein-liebstes-buggybuch-417458/|1 Stk.|"Allererster Bücherspaß! In den lustigen Buggybüchern können Babys spannende Gegenstände aus ihrem Alltag erkennen und benennen.
Und mit praktischem Stoffband mit Klettverschluss lassen sich die Bücher an Kinderwagen, Hochstuhl oder Bettchen so befestigen,
sodass sie nicht verloren gehen."||||||||0 Jahre||||||||||||||Non-Organic||||{'target_group': 'Kleinkinder', 'license': 'ARENA Pappbilderbuch', 'Altersempfehlung ab': '0 Jahre', 'genre': 'Bilderbücher', 'Einband': 'Kartoniert', 'publishing_year': '2012', 'Höhe': '11.7 cm', 'Breite': '9.8 cm', 'Tiefe': '3.5 cm', 'Inhalt': '1 Stk.', 'Produkttyp': 'Kinder- & Jugendbücher', 'page_number': '12'}||||||||||||||5.0|1|417458_1.png|https://static.mueller.de/244192493-PB-0/pdzoom/mein-liebstes-buggybuch.webp|417458_2.png|https://static.mueller.de/244192493-PB-1/pdzoom/mein-liebstes-buggybuch.webp||||||||||||||||||||||||||||||1 Stk.|||True||417458P|||||||||10
2904703|mueller||||||||2024-10-28|munkees Karabiner Dessert Camo 8cm|||1|Stk.|Home|Haushalt|Wohnen & Dekorieren|Outdoor|munkees Karabiner Dessert Camo 8cm|||6,99 €|6,99 €||||||||||||||EUR|Home> Haushalt> Wohnen & Dekorieren> Outdoor> munkees Karabiner Dessert Camo 8cm|https://www.mueller.at/p/munkees-karabiner-dessert-camo-8cm-IPN2904703/|1 Stk.|Karabiner aus eloxiertem Aluminium in verschiedenen Formen||||||||||||||||||||||Non-Organic||||{'manufacturer': 'AceCamp GmbH', 'Herstelleradresse': 'Weiskircher Weg 9, DE-63150 Heusenstamm', 'Kontaktmöglichkeit': 'info@acecamp.de', 'Materialdetails': 'Aluminiumlegierung, Eisen, Phenolepoxidharz, Druckmaterial', 'Inhalt': '1 Stk.'}||||||||Aluminiumlegierung, Eisen, Phenolepoxidharz, Druckmaterial||||||0|0|2904703_1.png|https://static.mueller.de/pdzoom/6932057833116.webp||||||||||||||||||||||AceCamp GmbH||||||||||1 Stk.|||True||2904703P|||||||||9
2904704|mueller||||||||2024-10-28|"munkees Karabiner mit Schraubverschluß ""Ohr"" 76mm"|||1|Stk.|Home|Haushalt|Wohnen & Dekorieren|Outdoor|"munkees Karabiner mit Schraubverschluß ""Ohr"" 76mm"|||6,99 €|6,99 €||||||||||||||EUR|"Home> Haushalt> Wohnen & Dekorieren> Outdoor> munkees Karabiner mit Schraubverschluß ""Ohr"" 76mm"|https://www.mueller.at/p/munkees-karabiner-mit-schraubverschluss-ohr-76mm-IPN2904704/|1 Stk.|"Karabiner aus eloxiertem Aluminium in verschiedenen Formen
Dieser Artikel ist sortiert. Die Farbe wird zufällig ausgewählt und lässt sich nicht vorab bestimmen."||||||||||||||||||||||Non-Organic||||{'manufacturer': 'AceCamp GmbH', 'Herstelleradresse': 'Weiskircher Weg 9, DE-63150 Heusenstamm', 'Kontaktmöglichkeit': 'info@acecamp.de', 'Materialdetails': 'Aluminiumlegierung, Eisen', 'Inhalt': '1 Stk.'}||||||||Aluminiumlegierung, Eisen||||||4.0|1|2904704_1.png|https://static.mueller.de/pdzoom/6932057832317_6.webp|2904704_2.png|https://static.mueller.de/pdzoom/6932057832317_1.webp|2904704_3.png|https://static.mueller.de/pdzoom/6932057832317_5.webp|2904704_4.png|https://static.mueller.de/pdzoom/6932057832317_3.webp|2904704_5.png|https://static.mueller.de/pdzoom/6932057832317_4.webp|2904704_6.png|https://static.mueller.de/pdzoom/6932057832317_2.webp||||||||||||AceCamp GmbH||||||||||1 Stk.|||True||2904704P|||||||||10
2904707|mueller||||||||2024-10-28|"munkees Karabiner ""Lock"""|||1|Stk.|Home|Haushalt|Wohnen & Dekorieren|Outdoor|"munkees Karabiner ""Lock"""|||14,99 €|14,99 €||||||||||||||EUR|"Home> Haushalt> Wohnen & Dekorieren> Outdoor> munkees Karabiner ""Lock"""|https://www.mueller.at/p/munkees-karabiner-lock-IPN2904707/|1 Stk.|"Karabiner aus eloxiertem Aluminium in verschiedenen Formen
Dieser Artikel ist sortiert. Die Farbe wird zufällig ausgewählt und lässt sich nicht vorab bestimmen."||||||||||||||||||||||Non-Organic||||{'manufacturer': 'AceCamp GmbH', 'Herstelleradresse': 'Weiskircher Weg 9, DE-63150 Heusenstamm', 'Kontaktmöglichkeit': 'info@acecamp.de', 'Materialdetails': 'Edelstahl, Eisen', 'Inhalt': '1 Stk.'}||||||||Edelstahl, Eisen||||||0|0|2904707_1.png|https://static.mueller.de/pdzoom/6932057832713.webp|2904707_2.png|https://static.mueller.de/pdzoom/6932057832713_1.webp|2904707_3.png|https://static.mueller.de/pdzoom/6932057832713_2.webp||||||||||||||||||AceCamp GmbH||||||||||1 Stk.|||True||2904707P|||||||||1
2904700|mueller||||||||2024-10-28|"munkees Karabiner mit Schraubverschluss ""Ohr"""|||1|Stk.|Home|Haushalt|Wohnen & Dekorieren|Outdoor|"munkees Karabiner mit Schraubverschluss ""Ohr"""|||8,99 €|8,99 €||||||||||||||EUR|"Home> Haushalt> Wohnen & Dekorieren> Outdoor> munkees Karabiner mit Schraubverschluss ""Ohr"""|https://www.mueller.at/p/munkees-karabiner-mit-schraubverschluss-ohr-IPN2904700/|1 Stk.|"Karabiner aus eloxiertem Aluminium in verschiedenen Formen
Dieser Artikel ist sortiert. Die Farbe wird zufällig ausgewählt und lässt sich nicht vorab bestimmen."||||||||||||||||||||||Non-Organic||||{'manufacturer': 'AceCamp GmbH', 'Herstelleradresse': 'Weiskircher Weg 9, DE-63150 Heusenstamm', 'Kontaktmöglichkeit': 'info@acecamp.de', 'Materialdetails': 'Aluminiumlegierung, Eisen', 'Inhalt': '1 Stk.'}||||||||Aluminiumlegierung, Eisen||||||0|0|2904700_1.png|https://static.mueller.de/pdzoom/6932057832263_1.webp|2904700_2.png|https://static.mueller.de/pdzoom/6932057832263_3.webp|2904700_3.png|https://static.mueller.de/pdzoom/6932057832263_2.webp||||||||||||||||||AceCamp GmbH||||||||||1 Stk.|||True||2904700P|||||||||9
2483073|mueller||||||||2024-10-28|Die Spiegelburg - BabyGlück - Minirassel Häschen|DIE SPIEGELBURG||1|Stk.|Home|Spielwaren|Baby & Kleinkind|Babyspielzeug|Spielzeug mit Rassel|Die Spiegelburg - BabyGlück - Minirassel Häschen||8,95 €|8,95 €||||||||||||||EUR|Home> Spielwaren> Baby & Kleinkind> Babyspielzeug> Spielzeug mit Rassel> Die Spiegelburg - BabyGlück - Minirassel Häschen|https://www.mueller.at/p/die-spiegelburg-babyglueck-minirassel-haeschen-2483073/|1 Stk.|Minirassel Häschen BabyGlückKleine, süße Mini-Rassel im Häschen-Design aus der Serie BabyGlück. Perfekt für die ersten Greifversuche.||||||||0 Jahre||||||||||||||Non-Organic||||"{'target_group': 'Säuglinge', 'Artikelnummer des Herstellers': '15805', 'Altersempfehlung ab': '0 Jahre', 'Altersempfehlung bis': '1 Jahre', 'Inhalt': '1 Stk.', 'Produkttyp': 'Rasseln | Greiflinge'}"||||||||||||||0|0|2483073_1.png|https://static.mueller.de/pdzoom/4029753158055.webp||||||||||||||||||||||15805||||||||||1 Stk.|||True||2483073P|||||||||10
2483078|mueller||||||||2024-10-28|Die Spiegelburg - Schnuffeltuch Häschen BabyGlück|DIE SPIEGELBURG||1|Stk.|Home|Spielwaren|Baby & Kleinkind|Babyspielzeug|Weiteres Spielzeug|Die Spiegelburg - Schnuffeltuch Häschen BabyGlück||17,95 €|17,95 €||||||||||||||EUR|Home> Spielwaren> Baby & Kleinkind> Babyspielzeug> Weiteres Spielzeug> Die Spiegelburg - Schnuffeltuch Häschen BabyGlück|https://www.mueller.at/p/die-spiegelburg-schnuffeltuch-haeschen-babyglueck-2483078/|1 Stk.|"Das kuschelweiche Häschen-Schnuffeltuch von BabyGlück ist aus weichem Plüsch und lädt zum Schmusen und Träumen ein.
Maße/ Gewicht/ Inhalt: ca. 19 x 23 cm
Waschbar bei 30°C
70% Polyester/30% Baumwolle, 100% Polyesterfüllung."||||||||0 Monate||||||||||||||Non-Organic||||"{'target_group': 'Kleinkinder|Säuglinge', 'Artikelnummer des Herstellers': '15800', 'license': 'Die Spiegelburg - BabyGlück', 'Altersempfehlung ab': '0 Monate', 'Inhalt': '1 Stk.', 'Produkttyp': 'Sonstiges erstes Spielzeug'}"||||||||||||||0|0|2483078_1.png|https://static.mueller.de/6536671450-PV-0/pdzoom/die-spiegelburg-schnuffeltuch-haeschen-babyglueck.webp|2483078_2.png|https://static.mueller.de/6536671450-PB-1/pdzoom/die-spiegelburg-schnuffeltuch-haeschen-babyglueck.webp||||||||||||||||||||15800||||||||||1 Stk.|||True||2483078P|||||||||10
2037828|mueller||||||||2024-10-28|Welly - 1/24 Modellauto Mecedes Benz G 63 AMG 6x6|WELLY||1|Stk.|Home|Spielwaren|Verkehr & Action|Fahr- & Flugzeuge|Fahrzeuge & Fluggeräte|Welly - 1/24 Modellauto Mecedes Benz G 63 AMG 6x6||19,99 €|19,99 €||||||||||||||EUR|Home> Spielwaren> Verkehr & Action> Fahr- & Flugzeuge> Fahrzeuge & Fluggeräte> Welly - 1/24 Modellauto Mecedes Benz G 63 AMG 6x6|https://www.mueller.at/p/welly-1-24-modellauto-mecedes-benz-g-63-amg-6x6-2037828/|1 Stk.|Modellauto aus Metall mit detailgetreuen Einbauteilen aus Kunststoff. Voll funktionsfähige Türen und Motorhaube, lenkbare Vorderräder.||||||||8 Jahre||||||||||||||Non-Organic||||"{'particularities': 'Achtung: Der Hersteller behält sich farbliche und technische Änderungen vor. Zur Darstellung der Neuheiten werden zum Teil Originalfotos und Prototypen eingesetzt. Abweichungen zum Lieferzustand des Modells sind möglich.', 'target_group': 'Grundschüler|Kindergartenkinder|Erwachsene', 'manufacturer': 'Welly Die Casting International LTD', 'Herstelleradresse': '37/F., ONE MIDTOWN, NO. 11, HOI  TSUEN WAN, N.T.', 'Kontaktmöglichkeit': 'https://www.wellydiecast.com/', 'Artikelnummer des Herstellers': '24061W', 'license': 'Welly Modelle in 1:24', 'Altersempfehlung ab': '8 Jahre', 'Materialdetails': 'Metall (Hauptsächlich)', 'Material': 'Metall (Hauptsächlich)', 'Inhalt': '1 Stk.', 'Produkttyp': 'Metallfertigmodelle mit hoher Modelltreue'}"||||||||Metall (Hauptsächlich)||||||0|0|2037828_1.png|https://static.mueller.de/5567218107-PV-0/pdzoom/welly-1-24-modellauto-mecedes-benz-g-63-amg-6x6.webp||||||||||||||||||||||Welly Die Casting International LTD||||||||||1 Stk.|||False||2037828P|||||||||1
799207|mueller||||||||2024-10-28|Amigo Spiele - Schwarz Rot Gelb|AMIGO||1|Stk.|Home|Spielwaren|Spiele & Puzzles|Spiele|Kartenspiele|Amigo Spiele - Schwarz Rot Gelb||9,99 €|9,99 €||||||||||||||EUR|Home> Spielwaren> Spiele & Puzzles> Spiele> Kartenspiele> Amigo Spiele - Schwarz Rot Gelb|https://www.mueller.at/p/amigo-spiele-schwarz-rot-gelb-799207/|1 Stk.|Schwarz Rot GelbDas Wort sagt „Gelb“, die Farbe ist aber „Rot“?Was gilt nun, wenn eine Reihe von Karten auszulegen ist, die in keiner Farbe übereinstimmen darf? Verwirrend? Nein! Aber auf die Geschwindigkeit kommt’s an...Das rasante Kartenspiel für flinke Finger und den schnellen Blick!||||||||8 Jahre||||||||||||||Non-Organic||||"{'Anleitungssprache': 'de', 'target_group': 'Erwachsene|Grundschüler|Jugendliche', 'Artikelnummer des Herstellers': '01663', 'license': 'Amigo Outdoor- und Partyspiele', 'Altersempfehlung ab': '8 Jahre', 'Altersempfehlung bis': '99 Jahre', 'Spieldauer in Min.': 'ca. 20 Min, ca. 30 Min', 'Inhalt': '1 Stk.', 'Spieleranzahl': '2 bis 6', 'Genre | Spielmotivation': 'Beschäftigung|Spaß', 'Produkttyp': 'Kartenspiele'}"||||||||||||||0|0|799207_1.png|https://static.mueller.de/62466190-PV-0/pdzoom/amigo-spiele-schwarz-rot-gelb.webp|799207_2.png|https://static.mueller.de/62466190-VV-1/pdzoom/amigo-spiele-schwarz-rot-gelb.webp|799207_3.png|https://static.mueller.de/62466190-PB-2/pdzoom/amigo-spiele-schwarz-rot-gelb.webp|799207_4.png|https://static.mueller.de/62466190-PB-3/pdzoom/amigo-spiele-schwarz-rot-gelb.webp|799207_5.png|https://static.mueller.de/62466190-PB-4/pdzoom/amigo-spiele-schwarz-rot-gelb.webp|799207_6.png|https://static.mueller.de/62466190-PB-5/pdzoom/amigo-spiele-schwarz-rot-gelb.webp||||||||||||01663||||||||||1 Stk.|||False||799207P|||||||||1
36824|mueller||||||||2024-10-28|TEXAS INSTRUMENTS Taschenrechner TI-30 ECO RS|TEXAS INSTRUMENTS||1|Stk.|Home|Spielwaren|Buch & Schulbedarf|Sonstiger Schulbedarf|TEXAS INSTRUMENTS Taschenrechner TI-30 ECO RS|||20,99 €|20,99 €||||||||||||||EUR|Home> Spielwaren> Buch & Schulbedarf> Sonstiger Schulbedarf> TEXAS INSTRUMENTS Taschenrechner TI-30 ECO RS|https://www.mueller.at/p/texas-instruments-taschenrechner-ti-30-eco-rs-36824/|1 Stk.|Der TI 30 ECO RS ist der meistverkaufte Schulrechner in Deutschland. Durch den Solarbetrieb und die Gehäuseausführung aus recyceltem Kunststoff wurde der TI30 ECO RS mit dem Blauen Engel ausgezeichnet. Er enthält eine hochempfindliche, leistungsstarke Solarzelle ANYLITE™. Die übersichtliche, klar gegliederte Tastatur hat farbcodierte Tasten. Man hat schnellen Zugriff auf alle wichtigen Funktionen aus Mathematik und Naturwissenschaft. 10-stellige 2-Exponenten-Anzeige. Bruchrechnung in den 4 Grundrechenarten. Umwandlung von Brüchen in Dezimaldarstellung und umgekehrt. Trigonometrische Berechnungen (einschl. Inverse) in Deg, Rad oder Grad. Eindimensionale Statistiken mit Mittelwert, Standardabweichung, Datensumme und Quadratsummenbildung. Umrechnung von Polar- in rechtwinklige Koordinaten, Umrechnung von Grad, Minuten und Sekunden in Dezimalgrad. Kombinationen und Permutationen.3 Speicher.||||||||||||||||||||||Non-Organic||||{'Inhalt': '1 Stk.', 'Produkttyp': 'Taschenrechner'}||||||||||||||5.0|1|36824_1.png|https://static.mueller.de/5741191948-PV-0/pdzoom/texas-instruments-taschenrechner-ti-30-eco-rs.webp|36824_2.png|https://static.mueller.de/pdzoom/3243480107037BlauerEngel.webp||||||||||||||||||||||||||||||1 Stk.|||True||36824P|||||||||10
2180074|mueller||||||||2024-10-28|kela Topfhandschuh Carla 100% Baumwolle pastellgrün Mini-Ecken 28 x 18 cm|KELA||1|Stk.|Home|Haushalt|Wohnen & Dekorieren|Heimtextilien|Küchentextilien|Topflappen & Handschuhe|kela Topfhandschuh Carla 100% Baumwolle pastellgrün Mini-Ecken 28 x 18 cm|8,25 €|8,25 €|8,25 €|5,00 €||||39%|Sie sparen 39%|||||||EUR|Home> Haushalt> Wohnen & Dekorieren> Heimtextilien> Küchentextilien> Topflappen & Handschuhe> kela Topfhandschuh Carla 100% Baumwolle pastellgrün Mini-Ecken 28 x 18 cm|https://www.mueller.at/p/kela-topfhandschuh-carla-100-baumwolle-pastellgruen-mini-ecken-28-x-18-cm-2180074/|1 Stk.|In der Küche geht es manchmal heiß her. Umso besser wenn man beim Anfassen  oder  Transportieren heißer Töpfe oder Pfannen einen schützenden Helfer hat.  Ein  Topfhandschuh darf also in keiner Küche fehlen. Es gibt ihn  in unterschiedlichen Varianten. Auch bei Kela finden Sie Varianten in vielen  Farben. Der Topfhandschuh aus der Serie Carla besticht durch die  trendigen Farben Pastellgrün und Pastelltürkis auf der Vorder- und Rückseite.  Aus 100% Baumwolle und mit praktischer Aufhängeschlaufe. 28x18 cm.||||||||||||||||||||||Non-Organic||||{'manufacturer': 'Keck & Lang GmbH', 'Herstelleradresse': 'Nordring 1, DE-89558 Böhmenkirch', 'Kontaktmöglichkeit': 'product@kela.de, www.kela.de', 'Farbe': 'pastellgrün', 'Höhe': '28 cm', 'Breite': '18 cm', 'Inhalt': '1 Stk.'}||||||pastellgrün||||||||0|0|2180074_1.png|https://static.mueller.de/6512265914-PV-0/pdzoom/kela-topfhandschuh-carla-100-baumwolle-pastellgruen-mini-ecken-28-x-18-cm.webp||||||||||||||||||||||Keck & Lang GmbH||||||||||1 Stk.|||False||2180074P|||||||||1
2803734|mueller||||||||2024-10-28|FALKE Damen Füßlinge Step Medium Cut|FALKE||1|Stk.|Home|Strümpfe|Damen|Sneaker & Füßlinge|FALKE Damen Füßlinge Step Medium Cut|||11,00 €|11,00 €||||||||||||||EUR|Home> Strümpfe> Damen> Sneaker & Füßlinge> FALKE Damen Füßlinge Step Medium Cut|https://www.mueller.at/p/falke-damen-fuesslinge-step-medium-cut-7116254050/|1 Stk.|Dieser Füßling in FALKE Family-Qualität ist, aufgrund seines sehr hohen Baumwollanteils, besonders hautschmeichelnd und somit auch für empfindliche Füsse bestens geeignet. Die FALKE Family-Qualität ist darüber hinaus auch noch nachhaltig: sie besteht nahezu vollständig aus FALKE “ WE CARE “ COTTON, einer ressourcenschonend und sozialverträglich hergestellten Baumwolle, ergänzt um einen kleinen Anteil recycelter Funktionsgarne für mehr Elastizität und eine hohe Strapazierfähigkeit des Materials. Verstärkte Belastungszonen sorgen zusätzlich für die Langlebigkeit des Produkts. Höchster Tragekomfort durch die perfekte FALKE-Passform und ein Anti-Slip System im Bereich der Ferse machen den Füßling mit Medium-Cut-Ausschnitt zum idealen Begleiter in leichten Sommerschuhen wie Ballerinas und Espadrilles. FALKE – eine Marke mit Tradition. Die 1895 gegründete Marke Falke zählt zu den weltweit etabliertesten Marken im Bereich Legwear. Bei der Produktion ihrer Produkte legt die Marke besonders hohen Wert auf ein kontinuierliches Niveau an höchster Qualität. Die langjährige Erfahrung des familiengeführten Unternehmens ist auch gleichzeitig die Grundlage des Unternehmenserfolgs. Die Kombination aus erfahrenem Handwerk und industrieller Technologie machen es möglich, die qualitativ hochwertigen Produkte in Serie herzustellen. Alle Falke Produkte entsprechen den Anforderungen des Öko-Tex 100 Standards sowie der FALKE Quality Guideline, welche hohe Standards an physikalische Eigenschaften, Gebrauchseigenschaften und Schadstoffgrenzwerte stellen.|||||Slowakei|||||||||||||||||Non-Organic||||{'Pflegehinweis': 'Chemische Reinigung nicht erlaubt, Trocknen im Wäschetrockner nicht möglich, Bügeln nicht erlaubt, In der Waschmaschine bei 40 Grad im Schonwaschgang waschbar, Bleichen nicht erlaubt', 'target_group': 'Damen', 'manufacturer': 'Falke KGaA', 'Herstelleradresse': 'Oststraße 5, DE-57392 Schmallenberg', 'Kontaktmöglichkeit': 'online@falke.com', 'Herkunftsland': 'Slowakei', 'Materialdetails': '92% Baumwolle, 5% Polyamid, 3% Elasthan', 'Farbe': 'white (2000)', 'Inhalt': '1 Stk.'}||||||white (2000)||92% Baumwolle, 5% Polyamid, 3% Elasthan||||||5.0|1|2803734_1.png|https://static.mueller.de/7113569945-PV-0/pdzoom/falke-damen-fuesslinge-step-medium-cut.webp||||||||||||||||Chemische Reinigung nicht erlaubt, Trocknen im Wäschetrockner nicht möglich, Bügeln nicht erlaubt, In der Waschmaschine bei 40 Grad im Schonwaschgang waschbar, Bleichen nicht erlaubt||||||Falke KGaA||||||||||1 Stk.|||True||2803734P|||||||||10
2803757|mueller||||||||2024-10-28|FALKE Damen Füßlinge Step High Cut|FALKE||1|Stk.|Home|Strümpfe|Damen|Sneaker & Füßlinge|FALKE Damen Füßlinge Step High Cut|||11,00 €|11,00 €||||||||||||||EUR|Home> Strümpfe> Damen> Sneaker & Füßlinge> FALKE Damen Füßlinge Step High Cut|https://www.mueller.at/p/falke-damen-fuesslinge-step-high-cut-7116254051/|1 Stk.|Dieser Invisible in FALKE Family-Qualität ist aufgrund seines sehr hohen Baumwollanteils besonders hautschmeichelnd und somit auch für empfindliche Füße bestens geeignet. Die FALKE Family-Qualität ist aber nicht nur ein echter Hautschmeichler, sondern auch noch nachhaltig: Er besteht nahezu vollständig aus FALKE “ WE CARE “ COTTON, einer ressourcenschonend und sozial verantwortlich hergestellten Baumwolle, ergänzt um einen kleinen Anteil recycelter Funktionsgarne für mehr Elastizität und eine hohe Strapazierfähigkeit des Materials. Verstärkte Belastungszonen sorgen zusätzlich für die Langlebigkeit des Produkts. Höchster Tragekomfort durch die perfekte FALKE-Passform und ein Anti-Slip System im Bereich der Ferse machen den Invisible mit High-Cut-Ausschnitt zum idealen Begleiter in höhergeschlossene Schuhe wie Sneaker oder Halbschuhe. FALKE – eine Marke mit Tradition Die 1895 gegründete Marke Falke zählt zu den weltweit etabliertesten Marken im Bereich Legwear. Bei der Produktion ihrer Produkte legt die Marke besonders hohen Wert auf ein kontinuierliches Niveau an höchster Qualität. Die langjährige Erfahrung des familiengeführten Unternehmens ist auch gleichzeitig die Grundlage des Unternehmenserfolgs. Die Kombination aus erfahrenem Handwerk und industrieller Technologie machen es möglich, die qualitativ hochwertigen Produkte in Serie herzustellen. Alle Falke Produkte entsprechen den Anforderungen des Öko-Tex 100 Standards sowie der FALKE Quality Guideline, welche hohe Standards an physikalische Eigenschaften, Gebrauchseigenschaften und Schadstoffgrenzwerte stellen.|||||Slowakei|||||||||||||||||Non-Organic||||{'Pflegehinweis': 'In der Waschmaschine bei 40 Grad im Schonwaschgang waschbar, Trocknen im Wäschetrockner nicht möglich, Bügeln nicht erlaubt, Chemische Reinigung nicht erlaubt, Bleichen nicht erlaubt', 'target_group': 'Damen', 'manufacturer': 'Falke KGaA', 'Herstelleradresse': 'Oststraße 5, DE-57392 Schmallenberg', 'Kontaktmöglichkeit': 'online@falke.com', 'Herkunftsland': 'Slowakei', 'Materialdetails': '77% Baumwolle, 19% Polyamid (10% Rec.), 4% Elasthan (2% Rec.)', 'Farbe': 'black (3000)', 'Inhalt': '1 Stk.'}||||||black (3000)||77% Baumwolle, 19% Polyamid (10% Rec.), 4% Elasthan (2% Rec.)||||||0|0|2803757_1.png|https://static.mueller.de/7113575246-PV-0/pdzoom/falke-damen-fuesslinge-step-high-cut.webp|2803757_2.png|https://static.mueller.de/7113575246-PB-2/pdzoom/falke-damen-fuesslinge-step-high-cut.webp||||||||||||||In der Waschmaschine bei 40 Grad im Schonwaschgang waschbar, Trocknen im Wäschetrockner nicht möglich, Bügeln nicht erlaubt, Chemische Reinigung nicht erlaubt, Bleichen nicht erlaubt||||||Falke KGaA||||||||||1 Stk.|||True||2803757P|||||||||10
2904805|mueller||||||||2024-10-28|H&H Kinderbecher MIA|H&H||1|Stk.|Home|Spielwaren|Kostüme & Partyartikel|Trends|H&H Kinderbecher MIA|||8,99 €|8,99 €||||||||||||||EUR|Home> Spielwaren> Kostüme & Partyartikel> Trends> H&H Kinderbecher MIA|https://www.mueller.at/p/h-h-kinderbecher-mia-IPN2904805/|1 Stk.|Der Personalisierte Kinderbecher besteht aus dem langlebigen, robusten aber leichten Material Melamin – somit ideal für kleine Kinderhände. Es wurde darauf geachtet, dass die Becher spülmaschinengeeignet sind. Ihr Fassungsvermögen beträgt 250ml.||||||||2 Jahre||||||||||||||Non-Organic||||"{'target_group': 'Kleinkinder|Kindergartenkinder|Grundschüler', 'Artikelnummer des Herstellers': '03225060070', 'Altersempfehlung ab': '2 Jahre', 'Inhalt': '1 Stk.', 'Produkttyp': 'Kleinspielzeug'}"||||||||||||||0|0|2904805_1.png|https://static.mueller.de/pdzoom/5099563201301_03225060070_Mia.webp||||||||||||||||||||||03225060070||||||||||1 Stk.|||True||2904805P|||||||||10
2904806|mueller||||||||2024-10-28|H&H Kinderbecher MILA|H&H||1|Stk.|Home|Spielwaren|Kostüme & Partyartikel|Trends|H&H Kinderbecher MILA|||8,99 €|8,99 €||||||||||||||EUR|Home> Spielwaren> Kostüme & Partyartikel> Trends> H&H Kinderbecher MILA|https://www.mueller.at/p/h-h-kinderbecher-mila-IPN2904806/|1 Stk.|Der Personalisierte Kinderbecher besteht aus dem langlebigen, robusten aber leichten Material Melamin – somit ideal für kleine Kinderhände. Es wurde darauf geachtet, dass die Becher spülmaschinengeeignet sind. Ihr Fassungsvermögen beträgt 250ml.||||||||2 Jahre||||||||||||||Non-Organic||||"{'target_group': 'Kleinkinder|Kindergartenkinder|Grundschüler', 'Artikelnummer des Herstellers': '03225060071', 'Altersempfehlung ab': '2 Jahre', 'Inhalt': '1 Stk.', 'Produkttyp': 'Kleinspielzeug'}"||||||||||||||0|0|2904806_1.png|https://static.mueller.de/pdzoom/5099563201318_03225060071_Mila.webp||||||||||||||||||||||03225060071||||||||||1 Stk.|||True||2904806P|||||||||10
2904808|mueller||||||||2024-10-28|H&H Kinderbecher MORITZ|H&H||1|Stk.|Home|Spielwaren|Kostüme & Partyartikel|Trends|H&H Kinderbecher MORITZ|||8,99 €|8,99 €||||||||||||||EUR|Home> Spielwaren> Kostüme & Partyartikel> Trends> H&H Kinderbecher MORITZ|https://www.mueller.at/p/h-h-kinderbecher-moritz-IPN2904808/|1 Stk.|Der Personalisierte Kinderbecher besteht aus dem langlebigen, robusten aber leichten Material Melamin – somit ideal für kleine Kinderhände. Es wurde darauf geachtet, dass die Becher spülmaschinengeeignet sind. Ihr Fassungsvermögen beträgt 250ml.||||||||2 Jahre||||||||||||||Non-Organic||||"{'target_group': 'Kleinkinder|Kindergartenkinder|Grundschüler', 'Artikelnummer des Herstellers': '03225060072', 'Altersempfehlung ab': '2 Jahre', 'Inhalt': '1 Stk.', 'Produkttyp': 'Kleinspielzeug'}"||||||||||||||0|0|2904808_1.png|https://static.mueller.de/pdzoom/5099563201325_03225060072_Moritz.webp||||||||||||||||||||||03225060072||||||||||1 Stk.|||True||2904808P|||||||||10
2904809|mueller||||||||2024-10-28|H&H Kinderbecher NELE|H&H||1|Stk.|Home|Spielwaren|Kostüme & Partyartikel|Trends|H&H Kinderbecher NELE|||8,99 €|8,99 €||||||||||||||EUR|Home> Spielwaren> Kostüme & Partyartikel> Trends> H&H Kinderbecher NELE|https://www.mueller.at/p/h-h-kinderbecher-nele-IPN2904809/|1 Stk.|Der Personalisierte Kinderbecher besteht aus dem langlebigen, robusten aber leichten Material Melamin – somit ideal für kleine Kinderhände. Es wurde darauf geachtet, dass die Becher spülmaschinengeeignet sind. Ihr Fassungsvermögen beträgt 250ml.||||||||2 Jahre||||||||||||||Non-Organic||||"{'target_group': 'Kleinkinder|Kindergartenkinder|Grundschüler', 'Artikelnummer des Herstellers': '03225060073', 'Altersempfehlung ab': '2 Jahre', 'Inhalt': '1 Stk.', 'Produkttyp': 'Kleinspielzeug'}"||||||||||||||0|0|2904809_1.png|https://static.mueller.de/pdzoom/5099563201332_03225060073_Nele.webp||||||||||||||||||||||03225060073||||||||||1 Stk.|||True||2904809P|||||||||9
917039|mueller||||||||2024-10-28|Frento Schutzhalsband für Katzen Weiß|FRENTO||1|Stk.|Home|Tiershop|Tierpflege|Sonstige Tierpflege|Frento Schutzhalsband für Katzen Weiß|||9,99 €|9,99 €|9,99 €|7,95 €||||20%|Sie sparen 20%|||||||EUR|Home> Tiershop> Tierpflege> Sonstige Tierpflege> Frento Schutzhalsband für Katzen Weiß|https://www.mueller.at/p/frento-schutzhalsband-fuer-katzen-weiss-917039/|1 Stk.|Das FRENTO Schutzhalsband hält Flöhe, Zecken und anderes Ungeziefer bis zu 4 Monate lang fern. Es ist einfach anzulegen und kann exakt auf die Halsweite Ihres Tieres eingestellt werden - zur Sicherheit besitzt das FRENTO Schutzhalsband eine spezielle Dehnzone und ist zudem wasserfest bei Regen. Auch für Jungtiere ab 3 Monaten geeignet. Biozidprodukte vorsichtig verwenden. Vor Gebrauch stets Etikett und Produktinformationen lesen.||||||||||||||||||||||Non-Organic||||{'manufacturer': 'Joh. Alex Niernsee KG', 'Herstelleradresse': 'Bräuhausgasse 68, 1050 Wien', 'Kontaktmöglichkeit': 'kundenbetreuung@niernsee.at', 'package_contents': 'Lavandinöl 4,5 g/100g, Geraniol 0,295 g/100g, Icaridin 4,365 g/100g', 'Inhalt': '1 Stk.', 'Produkttyp': 'Sonstiges Zubehör'}||||||||||||||0|0|917039_1.png|https://static.mueller.de/6653066826-PV-0/pdzoom/frento-schutzhalsband-fuer-katzen-weiss.webp||||||||||||||||||||||Joh. Alex Niernsee KG||||||||||1 Stk.|Lavandinöl 4,5 g/100g, Geraniol 0,295 g/100g, Icaridin 4,365 g/100g||True||917039P|||||||||10
3013871|mueller||||||||2024-10-28|p:os Brotdose Spiderman|POS||1|Stk.|Home|Haushalt|Kochen & Backen|Aufbewahrung|Brotdosen|p:os Brotdose Spiderman||7,99 €|7,99 €||||||||||||||EUR|Home> Haushalt> Kochen & Backen> Aufbewahrung> Brotdosen> p:os Brotdose Spiderman|https://www.mueller.at/p/p-os-brotdose-spiderman-IPN3013871/|1 Stk.|p:os Brotdose Spiderman||||||||||||||||||||||Non-Organic||||{'Fassungsvermögen': '600 ml', 'manufacturer': 'p:os handels gmbh', 'Herstelleradresse': 'Ostenallee 1-3, 59063 Hamm', 'Kontaktmöglichkeit': 'info@pos-germany.de', 'Materialdetails': 'Polypropylen', 'Material': 'Polypropylen', 'Höhe': '6.5 cm', 'Breite': '16.5 cm', 'Tiefe': '12 cm', 'Inhalt': '1 Stk.'}||||||||Polypropylen||||||0|0|3013871_1.png|https://static.mueller.de/pdzoom/4043891369968.webp||||||||||||||||||||||p:os handels gmbh||||||||||1 Stk.|||True||3013871P|||||||||10
923623|mueller||||||||2024-10-28|Sisley Phyto-Lip Twist|sisley||2.5|g|Home|Parfümerie|Make-up|Lippen|Lippenstift|Sisley Phyto-Lip Twist||45,95 €|45,95 €||||||||||||||EUR|Home> Parfümerie> Make-up> Lippen> Lippenstift> Sisley Phyto-Lip Twist|https://www.mueller.at/p/sisley-phyto-lip-twist-IPN246491/|2.5 g|Phyto-Lip Twist ist pflegend wie ein Balsam, farbig wie ein Lippenstift und glänzend wie ein Gloss. Die Lippen werden geschmeidiger, besser mit Feuchtigkeit versorgt, sichtbar geglättet und gepolstert dank der pflanzlichen Aktivstoffe.  Zart-schmelzend und ultra-geschmeidig, erfindet Phyto-Lip Twist die Regeln des Lippenstifts neu. Ob Nude-Look oder intensive Farbe, die leuchtenden Farbnuancen passen zu jedem Stil. Spielerisch und praktisch, dieser neue Lippenstift im XXL-Format benötigt kein Anspitzen.||||||||||||||||||||||Non-Organic||||"{'consistency': 'Stift', 'Effekt': 'glänzend|farbintensiv|feuchtigkeitsspendend', 'target_group': 'Damen|Herren|Unisex', 'manufacturer': 'SISLEY Deutschland Vertriebs GmbH', 'Herstelleradresse': 'Feringastraße 6, 85774 Unterföhring', 'Kontaktmöglichkeit': 'customerserviceDE@sisley.fr', 'Anwendungshinweis': 'Eine extragroße Mine zeichnet die Lippenkontur wie ein Lipliner nach und verleiht den Lippen Farbe wie ein Lippenstift - in einem einzigen Schritt. Einmaliges Auftragen genügt, um den Lippen einen farbigen Schimmer zu verleihen, ein mehrmaliges Auftragen sorgt für eine stärkere Betonung mit intensiver Farbe.', 'package_contents': 'HYDROGENATED POLYISOBUTENE, BIS-DIGLYCERYL POLYACYLADIPATE-2, SQUALANE, CAPRYLIC/CAPRIC TRIGLYCERIDE, POLYETHYLENE, BIS-BEHENYL/ISOSTEARYL/PHYTOSTERYL DIMER DILINOLEYL DIMER DILINOLEATE, TRIISOSTEARIN, DIISOSTEARYL MALATE, DICALCIUM PHOSPHATE, MICROCRYSTALLINE WAX/CIRE MICROCRISTALLINE (CERA MICROCRISTALLINA), TRIMETHYLOLPROPANE TRIETHYLHEXANOATE, CALCIUM SODIUM BOROSILICATE, CALCIUM ALUMINUM BOROSILICATE, PENTAERYTHRITYL TETRAETHYLHEXANOATE, COMMIPHORA MUKUL RESIN EXTRACT, DISTEARDIMONIUM HECTORITE, SILICA, PROPYLENE CARBONATE, TIN OXIDE, FRAGRANCE(PARFUM), PENTAERYTHRITYL TETRA-DI-T-BUTYL HYDROXYHYDROCINNAMATE, TOCOPHEROL, MAY CONTAIN [+/- RED 7 LAKE (CI 15850), TITANIUM DIOXIDE (CI 77891), MICA (CI 77019), RED 28 LAKE (CI 45410), IRON OXIDES (CI 77491, CI 77492, CI 77499), RED 6 (CI 15850), YELLOW 5 LAKE (CI 19140), RED 22 LAKE (CI 45380), YELLOW 6 LAKE (CI 15985), MANGANESE VIOLET (CI 77742), BLUE 1 LAKE (CI 42090)]. IL#3A', 'Farbnummer': '9', 'Farbe': '9 Chestnut', 'Inhalt': '2.5 g', 'scope_of_application': 'Lippen', 'Produkttyp': 'Lippenfarbe'}"||||||9 Chestnut||||||||0|0|923623_1.png|https://static.mueller.de/pdzoom/3473311878090_0.webp|923623_2.png|https://static.mueller.de/pdzoom/3473311878090_2.webp|923623_3.png|https://static.mueller.de/pdzoom/3473311878090_1.webp||||||||||||||||||SISLEY Deutschland Vertriebs GmbH||||||||||2.5 g|HYDROGENATED POLYISOBUTENE, BIS-DIGLYCERYL POLYACYLADIPATE-2, SQUALANE, CAPRYLIC/CAPRIC TRIGLYCERIDE, POLYETHYLENE, BIS-BEHENYL/ISOSTEARYL/PHYTOSTERYL DIMER DILINOLEYL DIMER DILINOLEATE, TRIISOSTEARIN, DIISOSTEARYL MALATE, DICALCIUM PHOSPHATE, MICROCRYSTALLINE WAX/CIRE MICROCRISTALLINE (CERA MICROCRISTALLINA), TRIMETHYLOLPROPANE TRIETHYLHEXANOATE, CALCIUM SODIUM BOROSILICATE, CALCIUM ALUMINUM BOROSILICATE, PENTAERYTHRITYL TETRAETHYLHEXANOATE, COMMIPHORA MUKUL RESIN EXTRACT, DISTEARDIMONIUM HECTORITE, SILICA, PROPYLENE CARBONATE, TIN OXIDE, FRAGRANCE(PARFUM), PENTAERYTHRITYL TETRA-DI-T-BUTYL HYDROXYHYDROCINNAMATE, TOCOPHEROL, MAY CONTAIN [+/- RED 7 LAKE (CI 15850), TITANIUM DIOXIDE (CI 77891), MICA (CI 77019), RED 28 LAKE (CI 45410), IRON OXIDES (CI 77491, CI 77492, CI 77499), RED 6 (CI 15850), YELLOW 5 LAKE (CI 19140), RED 22 LAKE (CI 45380), YELLOW 6 LAKE (CI 15985), MANGANESE VIOLET (CI 77742), BLUE 1 LAKE (CI 42090)]. IL#3A||True||923623P|||||||||2
3013874|mueller||||||||2024-10-28|p:os Trinkflasche Paw Patrol|POS||1|Stk.|Home|Haushalt|Essen & Trinken|Kannen & Flaschen|Trinkflaschen|p:os Trinkflasche Paw Patrol||9,99 €|9,99 €|9,99 €|7,99 €||||20%|Sie sparen 20%|||||||EUR|Home> Haushalt> Essen & Trinken> Kannen & Flaschen> Trinkflaschen> p:os Trinkflasche Paw Patrol|https://www.mueller.at/p/p-os-trinkflasche-paw-patrol-IPN3013874/|1 Stk.|p:os Trinkflasche Paw Patrol||||||||||||||||||||||Non-Organic||||"{'Fassungsvermögen': '450 ml', 'manufacturer': 'p:os handels gmbh', 'Herstelleradresse': 'Ostenallee 1-3, 59063 Hamm', 'Kontaktmöglichkeit': 'info@pos-germany.de', 'Materialdetails': 'Polypropylen, Tritan', 'Material': 'Polypropylen|Tritan', 'Höhe': '18 cm', 'Inhalt': '1 Stk.'}"||||||||Polypropylen, Tritan||||||0|0|3013874_1.png|https://static.mueller.de/pdzoom/4043891370087.webp||||||||||||||||||||||p:os handels gmbh||||||||||1 Stk.|||True||3013874P|||||||||10
3013876|mueller||||||||2024-10-28|TJURE Hundesnack Geflügel mit Kartoffel|TJURE||220|ml|Home|Tiershop|Tiernahrung|Hund|Belohnung & Snacks|TJURE Hundesnack Geflügel mit Kartoffel||5,49 €|5,49 €|||||||||||24,95 € / 1 l|||EUR|Home> Tiershop> Tiernahrung> Hund> Belohnung & Snacks> TJURE Hundesnack Geflügel mit Kartoffel|https://www.mueller.at/p/tjure-hundesnack-gefluegel-mit-kartoffel-IPN3013876/|220 ml|"FRISCHFLEISCH-SMOOTHIE in 100 % Lebensmittelqualität.
Volle Power aus hochwertigem Geflügelfleisch, schmackhaften Kartoffeln, saftigen Äpfeln und frischem Gemüse, die ein Extra an Vitaminen, Mineralstoffen und Pektin liefern. Abgerundet mit feinen Kräutern wird hier für vollen Genuss gesorgt.
Das besondere Fütterungserlebnis für optimale Flüssigkeitszufuhr inkl. Muskelfleisch, Kartoffeln, Gemüse, Obst und Kräutern.

26 % frisches Muskelfleisch aus regionaler Tierhaltung
Ideal als Futtertopping für Trockenfutter, BARF und Dosenfutter
1 Flasche kann eine 800g Fleischdose vom Nährstoffgehalt ersetzen
Kann als Alleinfutter genutzt werden, z. B. unterwegs und auf Reisen
Auch für Hunde geeignet welche aufgrund einer Krankheit Probleme mit fester Nahrung haben
"|||||||||Geflügel|||||||||||||Non-Organic||||{'Futtermittelart': 'Ergänzungsfutter', 'manufacturer': 'HeimTierLand 24 GmbH & Co. KG', 'Herstelleradresse': 'Tannenhof 1, 56130 Bad Ems, Deutschland', 'Kontaktmöglichkeit': 'kontakt@htl24.de', 'Geeignet für Lebensphase': 'Adult', 'Geschmacksrichtung': 'Geflügel', 'Inhalt': '220 ml', 'Analytische Bestandteile': 'Rohprotein 6,4%, Rohfett max. 1,0%, Rohfaser 0,4%, Rohasche max. 0,5%', 'Zusammensetzung (Futter)': '26% Geflügelfleisch, Äpfel, Möhren, Pastinaken, Lauch, Kartoffeln, Blattsellerie, Leinöl, Bohnenkraut, Rosmarin, Majoran, Emulgator: Sojalecithin', 'Zusatzstoffe (Futter)': 'Natrium 0,04%, Kalium 0,13%, Eisen max. 5,00 mg/kg, Zink max. 5,00 mg/kg\nFeuchtigkeit 89,9%, ME: 1,4 MJ/kg', 'Produkttyp': 'Belohnung & Snacks', 'Tiertyp': 'Hund'}|||||||||||Geflügel|||0|0|3013876_1.png|https://static.mueller.de/pdzoom/4262375192407.webp||||||||||||||||||||||HeimTierLand 24 GmbH & Co. KG||||||||||220 ml|||False||3013876P|||||Adult||||1
3013877|mueller||||||||2024-10-28|TJURE Hundesnack Lamm mit Reis|TJURE||220|ml|Home|Tiershop|Tiernahrung|Hund|Belohnung & Snacks|TJURE Hundesnack Lamm mit Reis||5,49 €|5,49 €|||||||||||24,95 € / 1 l|||EUR|Home> Tiershop> Tiernahrung> Hund> Belohnung & Snacks> TJURE Hundesnack Lamm mit Reis|https://www.mueller.at/p/tjure-hundesnack-lamm-mit-reis-IPN3013877/|220 ml|"FRISCHFLEISCH-SMOOTHIE in 100 % Lebensmittelqualität.
Kraft schöpfen kleine Sensibelchen aus einem Smoothie mit erlesenem Weidelamm, Möhren und Reis - kombiniert mit hochwertigem Öl,da glänzt das Fell und jubiliert der Magen.
Die Alternative bei Unverträglichkeiten von Rind, Huhn und KartoffelSehr wertvoll durch Reis bei Magen und Darm ErkrankungenBeta-Carotin hilft freie Radikale zu bekämpfen
Das besondere Fütterungserlebnis für optimale Flüssigkeitszufuhr inkl. Muskelfleisch, Gemüse und Kräutern.

26 % frisches Muskelfleisch aus regionaler Tierhaltung
Ideal als Futtertopping für Trockenfutter, BARF und Dosennahrung
1 Flasche kann eine 800g Fleischdose vom Nährstoffgehalt ersetzen
Kann zeitweise als Alleinfutter genutzt werden, z. B. unterwegs und auf Reisen
Auch für Hunde geeignet welche aufgrund einer Krankheit Probleme mit fester Nahrung haben
Für Hunde welche zu wenig trinken
Ohne Zusatz von Konservierungsstoffen
"|||||||||Lamm|||||||||||||Non-Organic||||{'Futtermittelart': 'Ergänzungsfutter', 'manufacturer': 'HeimTierLand 24 GmbH & Co. KG', 'Herstelleradresse': 'Tannenhof 1, 56130 Bad Ems, Deutschland', 'Kontaktmöglichkeit': 'kontakt@htl24.de', 'Geeignet für Lebensphase': 'Adult', 'Geschmacksrichtung': 'Lamm', 'Inhalt': '220 ml', 'Analytische Bestandteile': 'Rohprotein 5,08%, Rohfett 3,44%, Rohfaser <0,3%, Rohasche 0,54%', 'Zusammensetzung (Futter)': '26% Muskelfleisch Lamm, Möhren, 6% Reis gek., Leinöl, kann Spuren von anderen Proteinen enthalten.', 'Zusatzstoffe (Futter)': 'Natrium 0,67%, Kalium 0,11%, Phosphat 0,043%, Zink 8,30 mg/kg, Eisen 13,4 mg/kg\nFeuchtigkeit 88,9%, ME: 2,7 MJ/kg', 'Produkttyp': 'Belohnung & Snacks', 'Tiertyp': 'Hund'}|||||||||||Lamm|||0|0|3013877_1.png|https://static.mueller.de/pdzoom/4262375192421.webp||||||||||||||||||||||HeimTierLand 24 GmbH & Co. KG||||||||||220 ml|||False||3013877P|||||Adult||||1
3013878|mueller||||||||2024-10-28|p:os Trinkfalsche Peppa Pig|POS||1|Stk.|Home|Haushalt|Essen & Trinken|Kannen & Flaschen|Trinkflaschen|p:os Trinkfalsche Peppa Pig||7,99 €|7,99 €||||||||||||||EUR|Home> Haushalt> Essen & Trinken> Kannen & Flaschen> Trinkflaschen> p:os Trinkfalsche Peppa Pig|https://www.mueller.at/p/p-os-trinkfalsche-peppa-pig-IPN3013878/|1 Stk.|p:os Trinkfalsche Peppa Pig||||||||||||||||||||||Non-Organic||||"{'Fassungsvermögen': '450 ml', 'manufacturer': 'p:os handels gmbh', 'Herstelleradresse': 'Ostenallee 1-3, 59063 Hamm', 'Kontaktmöglichkeit': 'info@pos-germany.de', 'Materialdetails': 'Polypropylen, Tritan', 'Material': 'Polypropylen|Tritan', 'Höhe': '18 cm', 'Inhalt': '1 Stk.'}"||||||||Polypropylen, Tritan||||||0|0|3013878_1.png|https://static.mueller.de/pdzoom/4043891370025.webp||||||||||||||||||||||p:os handels gmbh||||||||||1 Stk.|||True||3013878P|||||||||10
3013879|mueller||||||||2024-10-28|p:os Trinkfalsche Spiderman|POS||1|Stk.|Home|Haushalt|Essen & Trinken|Kannen & Flaschen|Trinkflaschen|p:os Trinkfalsche Spiderman||9,99 €|9,99 €|9,99 €|7,99 €||||20%|Sie sparen 20%|||||||EUR|Home> Haushalt> Essen & Trinken> Kannen & Flaschen> Trinkflaschen> p:os Trinkfalsche Spiderman|https://www.mueller.at/p/p-os-trinkfalsche-spiderman-IPN3013879/|1 Stk.|p:os Trinkfalsche Spiderman||||||||||||||||||||||Non-Organic||||"{'Fassungsvermögen': '450 ml', 'manufacturer': 'p:os handels gmbh', 'Herstelleradresse': 'Ostenallee 1-3, 59063 Hamm', 'Kontaktmöglichkeit': 'info@pos-germany.de', 'Materialdetails': 'Polypropylen, Tritan', 'Material': 'Polypropylen|Tritan', 'Höhe': '18 cm', 'Inhalt': '1 Stk.'}"||||||||Polypropylen, Tritan||||||0|0|3013879_1.png|https://static.mueller.de/pdzoom/4043891370117.webp||||||||||||||||||||||p:os handels gmbh||||||||||1 Stk.|||True||3013879P|||||||||10
2180045|mueller||||||||2024-10-28|Milka Tender Keksrolle MIlch Schoko Lasur|MILKA||185|g|Home|Drogerie|Lebensmittel|Süßigkeiten|Gebäck|Milka Tender Keksrolle MIlch Schoko Lasur||2,79 €|2,79 €|||||||||||15,08 € / 1 kg|||EUR|Home> Drogerie> Lebensmittel> Süßigkeiten> Gebäck> Milka Tender Keksrolle MIlch Schoko Lasur|https://www.mueller.at/p/milka-tender-keksrolle-milch-schoko-lasur-2180045/|185 g|||Trocken lagern und vor Wärme schützen.||||WEIZENMEHL, EIER, MAGERMILCHPULVER, MILCH, WEIZENSTÄRKE, BUTTEREINFETT, VOLLMILCHPULVER, WEIZENKLEIE, SOJALECITHINE|||||{'Nährwerte je': '100  g', 'Brennwert': '1705 kj / 407 kcal', 'Fett in g': '18.0 g', '- davon gesättigte Fettsäuren in g': '9.9 g', 'Kohlenhydrate in g': '56.0 g', '- davon Zucker in g': '34.0 g', 'Ballaststoffe in g': '1.2 g', 'Eiweiß in g': '6.0 g', 'Salz in g': '0.47 g'}|||||||||||Non-Organic||||{'Lagerhinweis': 'Trocken lagern und vor Wärme schützen.', 'manufacturer': 'Mondelez Deutschland GmbH', 'Herstelleradresse': 'D-28078 Bremen', 'Kontaktmöglichkeit': 'www.mondelezinternational.com', 'Allergenhinweis': 'WEIZENMEHL, EIER, MAGERMILCHPULVER, MILCH, WEIZENSTÄRKE, BUTTEREINFETT, VOLLMILCHPULVER, WEIZENKLEIE, SOJALECITHINE', 'Inhalt': '185 g', 'Zutaten': 'Zucker, WEIZENMEHL, EIER, Feuchthaltemittel (Sorbit, Glycerin), pflanzliche Fette (Palm, Palmkern), MAGERMILCHPULVER, Kakaobutter, Glukose-Fruktose-Sirup, Glukosesirup, Kakaomasse, Molkenpulver (aus MILCH), WEIZENSTÄRKE, BUTTEREINFETT, VOLLMILCHPULVER, WEIZENKLEIE, Emulgatoren (SOJALECITHINE, E475, E471, E476), Alkohol, Rapsöl, Backtriebmittel (Diphosphate, Natriumcarbonate), Speisesalz, Aromen (enthält MILCH), Verdickungsmittel (Xanthan), Hefepulver. KANN ENTHALTEN: NÜSSE.', 'Produkttyp': 'Gebäck'}||||||||||||||3.3333|3|2180045_1.png|https://static.mueller.de/markant_07622400004483_pv_3435023/pdzoom/milka-tender-keksrolle-milch-schoko-lasur.webp||||||||||||||||||||||Mondelez Deutschland GmbH||||||||||185 g|||True||2180045P||||Die Milchcremefüllung enthält 11 % Magermilchpulver und 6 % Vollmilchpulver.|||||5
917030|mueller||||||||2024-10-28|ISSEY MIYAKE L'Eau d'Issey Eau de Parfum Nachfüllung|ISSEY MIYAKE||75|ml|Home|Parfümerie|Düfte für Sie|Düfte|ISSEY MIYAKE L'Eau d'Issey Eau de Parfum Nachfüllung|||98,95 €|98,95 €|||||||||||1 319,33 € / 1 l|||EUR|Home> Parfümerie> Düfte für Sie> Düfte> ISSEY MIYAKE L'Eau d'Issey Eau de Parfum Nachfüllung|https://www.mueller.at/p/issey-miyake-leau-dissey-eau-de-parfum-nachfuellung-917030/|75 ml|"Ein blumiger, sinnlicher Duft aus strahlenden Blüten voller Sonne - 
ein Bouquet aus gelben, sonnengenährten Blumen. Ein aquatischer, sonniger Blütenduft mit holziger Basis als nachfüllbares Eau de Parfum Spray."||||||||||||||||||||||Non-Organic||||{'target_group': 'Damen', 'manufacturer': 'SHISEIDO GERMANY GmbH', 'Herstelleradresse': 'Kaistr. 20 ,40221 Düsseldorf', 'fragrance_concentration': 'Eau de Parfum', 'top_note': 'Rose, Lotus', 'heart_note': 'Lilie, sonnengenährte Blumen', 'base_note': 'edles Holz', 'Anwendungshinweis': 'Auf die gesunde Haut aufsprühen. Kontakt mit den Augen vermeiden.', 'application_type': 'Refill', 'package_contents': 'ALCOHOL, PARFUM (FRAGRANCE), AQUA (WATER), HYDROXYCITRONELLAL, LINALOOL, CITRONELLOL, BENZYL SALICYLATE, EUGENOL, BUTYL METHOXYDIBENZOYLMETHANE, ETHYLHEXYL METHOXYCINNAMATE, GERANIOL, LIMONENE, FARNESOL, CITRAL, BENZYL BENZOATE, ISOEUGENOL, ANISE ALCOHOL, BHT', 'Inhalt': '75 ml', 'fragrance_effect': 'elegant', 'Produkttyp': 'Eau de Parfum'}||||||||||||||5.0|1|917030_1.png|https://static.mueller.de/5520153770-PV-0/pdzoom/issey-miyake-leau-dissey-eau-de-parfum-nachfuellung.webp|917030_2.png|https://static.mueller.de/5520153770-PUV-1/pdzoom/issey-miyake-leau-dissey-eau-de-parfum-nachfuellung.webp||||||||||||||||||||SHISEIDO GERMANY GmbH||||||||||75 ml|ALCOHOL, PARFUM (FRAGRANCE), AQUA (WATER), HYDROXYCITRONELLAL, LINALOOL, CITRONELLOL, BENZYL SALICYLATE, EUGENOL, BUTYL METHOXYDIBENZOYLMETHANE, ETHYLHEXYL METHOXYCINNAMATE, GERANIOL, LIMONENE, FARNESOL, CITRAL, BENZYL BENZOATE, ISOEUGENOL, ANISE ALCOHOL, BHT||True||917030P|||||||||5
3013880|mueller||||||||2024-10-28|p:os Trinkflasche Harry Potter|POS||1|Stk.|Home|Haushalt|Essen & Trinken|Kannen & Flaschen|Trinkflaschen|p:os Trinkflasche Harry Potter||9,99 €|9,99 €|9,99 €|7,99 €||||20%|Sie sparen 20%|||||||EUR|Home> Haushalt> Essen & Trinken> Kannen & Flaschen> Trinkflaschen> p:os Trinkflasche Harry Potter|https://www.mueller.at/p/p-os-trinkflasche-harry-potter-IPN3013880/|1 Stk.|p:os Trinkflasche Harry Potter||||||||||||||||||||||Non-Organic||||"{'Fassungsvermögen': '450 ml', 'manufacturer': 'p:os handels gmbh', 'Herstelleradresse': 'Ostenallee 1-3, 59063 Hamm', 'Kontaktmöglichkeit': 'info@pos-germany.de', 'Materialdetails': 'Polypropylen, Tritan', 'Material': 'Polypropylen|Tritan', 'Höhe': '18 cm', 'Inhalt': '1 Stk.'}"||||||||Polypropylen, Tritan||||||0|0|3013880_1.png|https://static.mueller.de/pdzoom/4043891370148.webp||||||||||||||||||||||p:os handels gmbh||||||||||1 Stk.|||True||3013880P|||||||||10
3013887|mueller||||||||2024-10-28|TJURE Hundesnack Moro'sche Möhrensupper|TJURE||220|ml|Home|Tiershop|Tiernahrung|Hund|Belohnung & Snacks|TJURE Hundesnack Moro'sche Möhrensupper||4,49 €|4,49 €|||||||||||20,41 € / 1 l|||EUR|Home> Tiershop> Tiernahrung> Hund> Belohnung & Snacks> TJURE Hundesnack Moro'sche Möhrensupper|https://www.mueller.at/p/tjure-hundesnack-morosche-moehrensupper-IPN3013887/|220 ml|"In der Humanmedizin ""zum Leben erweckt"" auf die Tiermedizin übertragen! Aufgrund ihrer vielfältigen Eigenschaften, insbesondere ihrer Eignung als Durchfalltherapeutikum, kommt die Suppe inzwischen auch bei Hunden zum Einsatz und wird von Tierärzten, Tierheilpraktikern, und Züchtern gleichermaßen empfohlen, bzw. eingesetzt.
Erfunden wurde diese Möhrensuppe 1908 vom Heidelberger Prof. Dr. Ernst Moro. Der Kinderarzt und damalige Leiter der Kinderklinik stellte fest, dass die Kindersterblichkeit bei Durchfallerkrankungen durch eine, nach seinem Rezept speziell zubereitete Möhrensuppe, erheblich reduziert werden konnte.
Die Rezeptur ist im Grunde sehr simpel - verwendet werden ausschließlich beste Karotten, Wasser und Salz. Entscheidend ist nun die Art der Zubereitung - diese lässt die Suppe dann erst zu einem hervorragenden Therapeutikum bei Durchfallerkrankungen werden.
Die Biochemie der 'Suppe' wurde übrigens wissenschaftlich erst sehr viel später verstanden. Dr. Moro setzte sie also damals zunächst nur aufgrund seiner praktischen, positiven Erfahrungen ein. Heute sind die genauen Hintergründe bekannt! Es zeigte sich, dass durch die Zubereitung der Suppe selber und die Eigenschaften der enthaltenen und entstehenden Nährstoffe deren Wirkung erklärt werden kann.
Auf einen Blick - die Einsatzgebiete der Moroschen Karottensuppe
Neben der Bedeutung in der Behandlung und Prophylaxe von Durchfällen sind auch die Möglichkeiten der Beeinflussung von Haut- und Fellgesundheit und der Stärkung der Abwehrkräfte zu nennen. Bei nachfolgenden Indikationen kann der Einsatz der Moroschen Karottensuppe sinnvoll sein und unterstützen:
Akute und chronische DurchfälleDurchfallprophylaxe, z.B. bei bevorstehenden Stresssituationen, wie Reisen o.ä.Therapiebegleitende Maßnahme bei bakteriellen DarminfektionenUnterstützung des Immunsystems DarmAusgleich von Flüssigkeitsdefiziten, z.B. nach Erkrankungen mit den Symptomen Erbrechen, Durchfall, aber auch nach großer Anstrengung, bei heißen TemperaturenUnterstützung der Haut und Fellgesundheit durch enthaltene B-Vitamine und ß-CarotinAntioxidativer Körperzellschutz durch ß-Carotin dadurch positive Beeinflussung des ImmunsystemsGgf. Verbesserung des Sättigungsgefühls bei Hunden in der Phase der GewichtsreduktionGgf. Beeinflussung des Blutzuckerspiegels bei Diabetes mellitus"|||||||||Gemüse|||||||||||||Non-Organic||||{'Futtermittelart': 'Ergänzungsfutter', 'manufacturer': 'HeimTierLand 24 GmbH & Co. KG', 'Herstelleradresse': 'Tannenhof 1, 56130 Bad Ems, Deutschland', 'Kontaktmöglichkeit': 'kontakt@htl24.de', 'Geeignet für Lebensphase': 'Adult', 'Geschmacksrichtung': 'Gemüse', 'Inhalt': '220 ml', 'Fütterungsempfehlung': 'Über den Tag verteilt in kleinen Portionen verfüttern. Die tägliche Futtermenge beträgt etwa 2 Prozent des Körpergewichtes. Ist der Durchfall einmal gestoppt, sollte man dem Tier noch einige Tage Schonkost geben.', 'Analytische Bestandteile': 'Rohprotein 0,4 %, Rohfett <0,1 %, Rohfaser 3,7 %, Rohasche <0,5 %, Natrium 0,022 %, Kalium 0,116 %, Eisen 1,39 mg/kg, Zink 0,99 mg/kg, Calcium 0,012 %, Phosphor 0,012 %', 'Zusammensetzung (Futter)': 'Trinkwasser, 35 % Möhren, Meersalz', 'Zusatzstoffe (Futter)': 'ME 0,38 MJ/kg', 'Produkttyp': 'Belohnung & Snacks', 'Tiertyp': 'Hund'}||||Über den Tag verteilt in kleinen Portionen verfüttern. Die tägliche Futtermenge beträgt etwa 2 Prozent des Körpergewichtes. Ist der Durchfall einmal gestoppt, sollte man dem Tier noch einige Tage Schonkost geben.|||||||Gemüse|||0|0|3013887_1.png|https://static.mueller.de/pdzoom/4262375192605.webp||||||||||||||||||||||HeimTierLand 24 GmbH & Co. KG||||||||||220 ml|||False||3013887P|||||Adult||||1
128213|mueller||||||||2024-10-28|Ajax Allzweckreiniger Frühlingsblumen - Multi-Oberflächen-Reiniger mit ätherischen Ölen für 24h natürliche Frische|AJAX||1|l|Home|Drogerie|Haushalt|Putzen & Reinigen|Glas- & Flächenreiniger|Ajax Allzweckreiniger Frühlingsblumen -  Multi-Oberflächen-Reiniger mit ätherischen Ölen für 24h natürliche Frische||2,25 €|2,25 €|||||||||||2,25 € / 1 l|||EUR|Home> Drogerie> Haushalt> Putzen & Reinigen> Glas- & Flächenreiniger> Ajax Allzweckreiniger Frühlingsblumen -  Multi-Oberflächen-Reiniger mit ätherischen Ölen für 24h natürliche Frische|https://www.mueller.at/p/ajax-allzweckreiniger-fruehlingsblumen-multi-oberflaechen-reiniger-mit-aetherischen-oelen-fuer-24h-natuerliche-frische-128213/|1 l|Lassen Sie ihr Zuhause glänzen und duften mit dem Ajax Fête des Fleurs Frühlingsblumen Allzweckreiniger. Dieser Multi-Oberflächen-Reiniger wurde mit ätherischen Ölen angereichert und sorgt 24h lang für natürliche Frische. Der Ajax Allzweckreiniger hat eine neue Formel, die für Ihr Zuhause wirksamer ist und schont selbst empfindliche Oberflächen wie Marmor oder Keramik. Der Ajax Frühlingsblumen Allzweckreiniger kommt in einer neuen Flasche, die aus recyceltem Plastik hergestellt ist. Flasche und Verschluss sind recycelbar und die Formel ist zu 96% biologisch abbaubar. Sie können sich sicher sein, dass Ajax rücksichtsvoller mit unserem Planeten ist und sich mit Ihnen weiterentwickelt, wenn Sie sich um die kleinen Verschmutzungen des Lebens kümmern.||||||||||||||||||||||Non-Organic||||"{'manufacturer': 'CP GABA GmbH', 'Herstelleradresse': 'Alsterufer 1-3 Hamburg - 20354', 'Kontaktmöglichkeit': '+49 (0) 40-7319- 0', 'package_contents': '<5% Anionische Tenside, Nichtionische Tenside\nDuftstoffe, Glutaral, Butylphenyl, Methylpropional, Citronellol, Hexyl Cinnamal, Linalool.', 'product_property': 'duftend|reinigend', 'Inhalt': '1 l', 'Produkttyp': 'Glas- & Flächenreiniger'}"||||||||||||||4.7119|59|128213_1.png|https://static.mueller.de/markant_08714789952581_pv_4999052/pdzoom/ajax-allzweckreiniger-fruehlingsblumen-multi-oberflaechen-reiniger-mit-aetherischen-oelen-fuer-24h-natuerliche-frische.webp|128213_2.png|https://static.mueller.de/markant_08714789952581_pr_4999051/pdzoom/ajax-allzweckreiniger-fruehlingsblumen-multi-oberflaechen-reiniger-mit-aetherischen-oelen-fuer-24h-natuerliche-frische.webp|128213_3.png|https://static.mueller.de/markant_08714789952581_pd_4999038/pdzoom/ajax-allzweckreiniger-fruehlingsblumen-multi-oberflaechen-reiniger-mit-aetherischen-oelen-fuer-24h-natuerliche-frische.webp|128213_4.png|https://static.mueller.de/markant_08714789952581_pd_4999037/pdzoom/ajax-allzweckreiniger-fruehlingsblumen-multi-oberflaechen-reiniger-mit-aetherischen-oelen-fuer-24h-natuerliche-frische.webp|128213_5.png|https://static.mueller.de/markant_08714789952581_pd_4999039/pdzoom/ajax-allzweckreiniger-fruehlingsblumen-multi-oberflaechen-reiniger-mit-aetherischen-oelen-fuer-24h-natuerliche-frische.webp|128213_6.png|https://static.mueller.de/markant_08714789952581_pd_4999042/pdzoom/ajax-allzweckreiniger-fruehlingsblumen-multi-oberflaechen-reiniger-mit-aetherischen-oelen-fuer-24h-natuerliche-frische.webp||||||||||||CP GABA GmbH||||||||||1 l|"<5% Anionische Tenside, Nichtionische Tenside
Duftstoffe, Glutaral, Butylphenyl, Methylpropional, Citronellol, Hexyl Cinnamal, Linalool."||True||128213P|||||||||5
3013893|mueller||||||||2024-10-28|TJURE Hundesnack Pute mit Reis|TJURE||220|ml|Home|Tiershop|Tiernahrung|Hund|Belohnung & Snacks|TJURE Hundesnack Pute mit Reis||5,49 €|5,49 €|||||||||||24,95 € / 1 l|||EUR|Home> Tiershop> Tiernahrung> Hund> Belohnung & Snacks> TJURE Hundesnack Pute mit Reis|https://www.mueller.at/p/tjure-hundesnack-pute-mit-reis-IPN3013893/|220 ml|"FRISCHFLEISCH-SMOOTHIE in 100 % Lebensmittelqualität.
Energie tanken Sensibelchen aus hochwertigem Putenfleisch mit Reis und frischen Möhren, abgerundet mit hochwertigem Öl.
Da glänzt das Fell und jubiliert der Magen.
Die Alternative bei Unverträglichkeiten von Rind, Huhn und KartoffelSehr wertvoll durch Reis bei Magen und Darm ErkrankungenBeta-Carotin hilft freie Radikale zu bekämpfen
Das besondere Fütterungserlebnis für optimale Flüssigkeitszufuhr inkl. Muskelfleisch, Gemüse und Kräutern.

26 % frisches Muskelfleisch aus regionaler Tierhaltung
Ideal als Futtertopping für Trockenfutter, BARF und Dosenfutter
1 Flasche kann eine 800g Fleischdose vom Nährstoffgehalt ersetzen
Kann zeitweise als Alleinfutter genutzt werden, z. B. unterwegs und auf Reisen
Auch für Hunde geeignet welche aufgrund einer Krankheit Probleme mit fester Nahrung haben
Für Hunde welche zu wenig trinken
Ohne Zusatz von Konservierungsstoffen
"|||||||||Geflügel|||||||||||||Non-Organic||||{'Futtermittelart': 'Ergänzungsfutter', 'manufacturer': 'HeimTierLand 24 GmbH & Co. KG', 'Herstelleradresse': 'Tannenhof 1, 56130 Bad Ems, Deutschland', 'Kontaktmöglichkeit': 'kontakt@htl24.de', 'Geeignet für Lebensphase': 'Adult', 'Geschmacksrichtung': 'Geflügel', 'Inhalt': '220 ml', 'Analytische Bestandteile': 'Rohprotein 5,7%, Rohfett 2,36%, Rohfaser <0,3%, Rohasche 0,57%', 'Zusammensetzung (Futter)': '26% Muskelfleisch Pute, Möhren, 6% Reis gek., Leinöl, kann Spuren von anderen Proteinen enthalten.', 'Zusatzstoffe (Futter)': 'Natrium 0,10%, Kalium 0,072%, Phosphat 0,046%, Zink 6,56 mg/kg, Eisen 27,7 mg/kg\nFeuchtigkeit 89,4%, ME: 2,2 MJ/kg', 'Produkttyp': 'Belohnung & Snacks', 'Tiertyp': 'Hund'}|||||||||||Geflügel|||0|0|3013893_1.png|https://static.mueller.de/pdzoom/4262375192438.webp||||||||||||||||||||||HeimTierLand 24 GmbH & Co. KG||||||||||220 ml|||True||3013893P|||||Adult||||10
3013897|mueller||||||||2024-10-28|More ZERUP Cherry|MORE NUTRITION||65|ml|Home|Drogerie|Lebensmittel|Getränke|Sirup|More ZERUP Cherry||6,25 €|6,25 €|||||||||||96,15 € / 1 l|||EUR|Home> Drogerie> Lebensmittel> Getränke> Sirup> More ZERUP Cherry|https://www.mueller.at/p/more-zerup-cherry-IPN3013897/|65 ml|Sirup zur Herstellung eines Erfrischungsgetränkes. Mit Süßungsmitteln.||Lagerung: Trocken, vor Licht und Wärme geschützt lagern. Nach dem Öffnen kühl aufbewahren und zügig aufbrauchen.|||Deutschland||||||{'Nährwerte je': '100ml', 'Brennwert': '6 kj / 2 kcal', 'Fett in g': '0', '- davon gesättigte Fettsäuren in g': '0', 'Kohlenhydrate in g': '0', '- davon Zucker in g': '0', 'Eiweiß in g': '0', 'Salz in g': '0,01'}|||||||||||Non-Organic||||"{'Lagerhinweis': 'Lagerung: Trocken, vor Licht und Wärme geschützt lagern. Nach dem Öffnen kühl aufbewahren und zügig aufbrauchen.', 'manufacturer': 'Fitmart GmbH & Co.KG', 'Herstelleradresse': 'Werner-von-Siemens-Str. 8, 25337 Elmshorn', 'Kontaktmöglichkeit': 'kam-support@fitmart.de', 'Herkunftsland': 'Deutschland', 'Inhalt': '65 ml', 'Eigenschaften': 'Ohne Zuckerzusatz|Vegan', 'Zutaten': 'Glycerin, Wasser, Säuerungsmittel (Äpfelsäure, Citronensäure), Sauerkirschsaftkonzentrat 9 %, natürliches Aroma, Säureregulator (Natriumgluconat), färbendes Lebensmittel (Konzentrat aus schwarzer Karotte), Süßungsmittel (Acesulfam K, Sucralose), Konservierungsstoff (Kaliumsorbat).', 'Produkttyp': 'Sirup', 'Zubereitungshinweis': 'Zubereitung: 1 Teil Sirup + 124 Teile Wasser im Glas oder in der Flasche mischen. Z.B. 2 ml Sirup mit 248 ml Wasser.'}"||||||||||||||5.0|1|3013897_1.png|https://static.mueller.de/markant_04260644046147_pv_4891751/pdzoom/more-zerup-cherry.webp|3013897_2.png|https://static.mueller.de/pdzoom/4260644046147_1.webp||||||||||||||||||||Fitmart GmbH & Co.KG||||||||||65 ml|||True||3013897P|||||||||10
22171|mueller||||||||2024-10-28|PAPERZONE Briefumschlag ohne Fenster DIN lang selbstklebend weiss 100Stück|PAPERZONE||100|Stk.|Home|Schreibwaren|Büro|Bürobedarf|Versandmaterial|PAPERZONE Briefumschlag ohne Fenster DIN lang selbstklebend weiss 100Stück||3,99 €|3,99 €|||||||||||0,40 € / 10 Stk.|||EUR|Home> Schreibwaren> Büro> Bürobedarf> Versandmaterial> PAPERZONE Briefumschlag ohne Fenster DIN lang selbstklebend weiss 100Stück|https://www.mueller.at/p/paperzone-briefumschlag-ohne-fenster-din-lang-selbstklebend-weiss-100stueck-22171/|100 Stk.|Mit Schnellklebeverschluss zum leichten Befüllen.||||||||||||||||||||||Non-Organic||||{'scope_of_delivery': '100 Stück', 'Inhalt': '100 Stk.', 'Produkttyp': 'Versandmaterial'}||||||||||||||0|0|22171_1.png|https://static.mueller.de/6486200111-PV-0/pdzoom/paperzone-briefumschlag-ohne-fenster-din-lang-selbstklebend-weiss-100stueck.webp||||||||||||||||||||||||||||||||100 Stk.|||True||22171P|||||||||10
2629996|mueller||||||||2024-10-28|"NICI Schlüsselanhänger metall ""Jan"""|NICI||1|Stk.|Home|Drogerie|Accessoires|Schmuck|Trends & Accessoires|"NICI Schlüsselanhänger metall ""Jan"""||2,50 €|2,50 €||||||||||||||EUR|"Home> Drogerie> Accessoires> Schmuck> Trends & Accessoires> NICI Schlüsselanhänger metall ""Jan"""|https://www.mueller.at/p/nici-schluesselanhaenger-metall-jan-2629996/|1 Stk.|Der metallische Schlüsselanhänger mit der Aufschrift Jan ist in Blautönen gehalten und gehört zur NICI Key World Kollektion. Das schmale Design und die tolle Farbgebung machen den Schlüsselanhänger zu einem treuen Begleiter.||||||||||||||||||||||Non-Organic||||{'Material': 'Metall (Hauptsächlich)', 'Inhalt': '1 Stk.', 'Produkttyp': 'Schlüsselanhänger'}||||||||||||||0|0|2629996_1.png|https://static.mueller.de/6905992196-PV-0/pdzoom/nici-schluesselanhaenger-metall-jan.webp||||||||||||||||||||||||||||||||1 Stk.|||True||2629996P|||||||||4
167855|mueller||||||||2024-10-28|Amigo Spiele - Wizard|AMIGO||1|Stk.|Home|Spielwaren|Spiele & Puzzles|Spiele|Gesellschaftsspiele|Amigo Spiele - Wizard||8,49 €|8,49 €||||||||||||||EUR|Home> Spielwaren> Spiele & Puzzles> Spiele> Gesellschaftsspiele> Amigo Spiele - Wizard|https://www.mueller.at/p/amigo-spiele-wizard-167855/|1 Stk.|"WizardWizard. Das Spiel, das Sie in Rage bringt!Vor langer, langer Zeit mussten die Zauberlehrlinge zur Übung ihrer magischen Fähigkeiten dieses Spiel erlernen, um die Gabe der Vorhersehung zu entwickeln. - Jeder Spieler muss die Anzahl seiner Stiche voraussagen, die er nachher gewinnen will. Gar nicht so einfach, wenn man nicht die Gabe der Prophezeiung besitzt.Inhalt: 60 Spielkarten, 1 Block der Wahrheit, 1 SpielanleitungDieses Spiel ist ""spiel gut"" ausgezeichnet. (2011)"||||||||10 Jahre||||||||||||||Non-Organic||||"{'Anleitungssprache': 'en|de|fr|gr|it', 'target_group': 'Jugendliche|Freunde', 'Kontaktmöglichkeit': 'Amigo Spiel und Freizeit GmbH', 'Artikelnummer des Herstellers': '06900', 'license': 'Amigo Karten- und Würfelspiele', 'Altersempfehlung ab': '10 Jahre', 'Altersempfehlung bis': '99 Jahre', 'Spieldauer in Min.': 'ca. 40 Min, ca. 50 Min', 'Inhalt': '1 Stk.', 'Spieleranzahl': '3 bis 6', 'Genre | Spielmotivation': 'Spannung|Glück', 'Produkttyp': 'Familienspiele', 'verschluckbare Magnete': 'Nein'}"||||||||||||||5.0|2|167855_1.png|https://static.mueller.de/62347430-PV-0/pdzoom/amigo-spiele-wizard.webp|167855_2.png|https://static.mueller.de/62347430-VV-1/pdzoom/amigo-spiele-wizard.webp|167855_3.png|https://static.mueller.de/62347430-PR-2/pdzoom/amigo-spiele-wizard.webp|167855_4.png|https://static.mueller.de/62347430-PB-3/pdzoom/amigo-spiele-wizard.webp|167855_5.png|https://static.mueller.de/62347430-PB-4/pdzoom/amigo-spiele-wizard.webp|167855_6.png|https://static.mueller.de/62347430-PB-5/pdzoom/amigo-spiele-wizard.webp||||||||||||06900||||||||||1 Stk.|||True||167855P|||||||||10
417427|mueller||||||||2024-10-28|COLLISTAR Two-Phase After Sun Spray|COLLISTAR||200|ml|Home|Parfümerie|Pflege|Sonnenpflege|After Sun|COLLISTAR Two-Phase After Sun Spray||29,95 €|29,95 €|||||||||||149,75 € / 1 l|||EUR|Home> Parfümerie> Pflege> Sonnenpflege> After Sun> COLLISTAR Two-Phase After Sun Spray|https://www.mueller.at/p/collistar-two-phase-after-sun-spray-417427/|200 ml|Eine innovative After-Sun-Pflege, die die Reichhaltigkeit eines Öls mit der Leichtigkeit eines Fluids kombiniert. Ideal für alle, die ein reichhaltiges, aber nicht fettendes Produkt suchen, das schnell einzieht. Die Formel mit Calendula-, Macadamia- und Süßmandel-Öl sowie feuchtigkeitsspendenden Wirkstoffen pflegt die Haut, schenkt ihr Spannkraft und unterstützt die Bräune.||||||||||||||||||||||Non-Organic||||{'target_group': 'Damen', 'manufacturer': 'Collistar Milano', 'Herstelleradresse': 'Via Giovanni Battista Pirelli, 19, 20124 Milano MI, Italien', 'Anwendungshinweis': 'Flasche vor der Anwendung schütteln, auftragen und auf dem gesamten Körper verteilen.', 'package_contents': 'AQUA, ETHYLHEXYL PALMITATE, C12-15 ALKYL BENZOATE, CYCLOPENTASILOXANE, GLYCERIN, ALCOHOL DENAT., CAPRYLIC/CAPRIC TRIGLYCERIDE, DICAPRYLYL ETHER, SORBITOL, PRUNUS AMYGDALUS DULCIS OIL, SODIUM PCA, TOCOPHERYL ACETATE, PHENOXYETHANOL, METHYLPARABEN, ALOE BARBADENSIS LEAF JUICE, MACADAMIA TERNIFOLIA SEED OIL, BISABOLOL, PARAFFINUM LIQUIDUM, PRUNUS ARMENIACA KERNEL OIL, CALENDULA OFFICINALIS EXTRACT, BHT, PROPYL GALLATE, MALTODEXTRIN, PARFUM, CI 61565, CI 19140, ALPHA-ISOMETHYL IONONE, BENZYL SALICYLATE, , CITRONELLOL, EUGENOL, GERANIOL, HYDROXYCITRONELLAL, HYDROXYISOHEXYL 3-CYCLOHEXENE CARBOXALDEHYDE, LIMONENE, LINALOOL', 'skin_type': 'alle Hauttypen', 'Inhalt': '200 ml', 'scope_of_application': 'After Sun', 'Produkttyp': 'Spray'}||||||||||||||0|0|417427_1.png|https://static.mueller.de/5283760589-PV-0/pdzoom/collistar-two-phase-after-sun-spray.webp||||||||||||||||||||||Collistar Milano||||||||||200 ml|AQUA, ETHYLHEXYL PALMITATE, C12-15 ALKYL BENZOATE, CYCLOPENTASILOXANE, GLYCERIN, ALCOHOL DENAT., CAPRYLIC/CAPRIC TRIGLYCERIDE, DICAPRYLYL ETHER, SORBITOL, PRUNUS AMYGDALUS DULCIS OIL, SODIUM PCA, TOCOPHERYL ACETATE, PHENOXYETHANOL, METHYLPARABEN, ALOE BARBADENSIS LEAF JUICE, MACADAMIA TERNIFOLIA SEED OIL, BISABOLOL, PARAFFINUM LIQUIDUM, PRUNUS ARMENIACA KERNEL OIL, CALENDULA OFFICINALIS EXTRACT, BHT, PROPYL GALLATE, MALTODEXTRIN, PARFUM, CI 61565, CI 19140, ALPHA-ISOMETHYL IONONE, BENZYL SALICYLATE, , CITRONELLOL, EUGENOL, GERANIOL, HYDROXYCITRONELLAL, HYDROXYISOHEXYL 3-CYCLOHEXENE CARBOXALDEHYDE, LIMONENE, LINALOOL||False||417427P|||||||||1
2629980|mueller||||||||2024-10-28|REAL TECHNIQUES Miracle Powder Sponge Duo|REAL TECHNIQUES||1|Stk.|Home|Parfümerie|Accessoires|Make-up-Zubehör|Quasten & Schwämme|REAL TECHNIQUES Miracle Powder Sponge Duo||10,99 €|10,99 €||||||||||||||EUR|Home> Parfümerie> Accessoires> Make-up-Zubehör> Quasten & Schwämme> REAL TECHNIQUES Miracle Powder Sponge Duo|https://www.mueller.at/p/real-techniques-miracle-powder-sponge-duo-2629980/|1 Stk.|Der Miracle Powder Sponge von Real Techniques verfügt über eine revolutionäre Schaumstofftechnologie für maximale Aufnahme und gleichmäßige Verteilung des Puders. Der Powder Sponge wird am besten trocken verwendet und eignet sich für den Auftrag von Setting Puder bis Mineral Foundation. Die verschiedenen Oberflächen des 3-in-1 Make-up-Schwamms ermöglichen es, jede Stelle des Gesichts problemlos zu erreichen.||||||||||||||||||||||Non-Organic||||{'manufacturer': 'Orbico Beauty GmbH', 'Herstelleradresse': 'Ludwigstr. 180 A, 63067 Offenbach am Main', 'Anwendungshinweis': 'Der Powder Sponge wird am besten trocken verwendet und eignet sich für den Auftrag von Setting Puder bis Mineral Foundation. Die verschiedenen Oberflächen des 3-in-1 Make-up-Schwamms ermöglichen es, jede Stelle des Gesichts problemlos zu erreichen.', 'Farbe': 'rosa', 'Inhalt': '1 Stk.', 'Produkttyp': 'Make-Up Schwämmchen'}||||||rosa||||||||0|0|2629980_1.png|https://static.mueller.de/pdzoom/79625019940_02.webp|2629980_2.png|https://static.mueller.de/pdzoom/79625019940_01.webp|2629980_3.png|https://static.mueller.de/pdzoom/79625019940_03.webp|2629980_4.png|https://static.mueller.de/pdzoom/79625019940_05.webp|2629980_5.png|https://static.mueller.de/pdzoom/79625019940_09.webp|2629980_6.png|https://static.mueller.de/pdzoom/79625019940_04.webp||||||||||||Orbico Beauty GmbH||||||||||1 Stk.|||True||2629980P|||||||||10
2326318|mueller||||||||2024-10-28|Boltze Tischset Sophy|BOLTZE||1|Stk.|Home|Haushalt|Wohnen & Dekorieren|Heimtextilien|Tischwäsche|Tischsets|Boltze Tischset Sophy|2,50 €|2,50 €||||||||||||||EUR|Home> Haushalt> Wohnen & Dekorieren> Heimtextilien> Tischwäsche> Tischsets> Boltze Tischset Sophy|https://www.mueller.at/p/boltze-tischset-sophy-IPN2326318/|1 Stk.|Form: Rechteck; Farbe: Natur; Optischer Effekt: Holzoptik; Design: Einfarbig; Anwendbarkeit: Indoor; Lebensmittelgeeignet (LFGB): Nein||||||||||||||||||||||Non-Organic||||{'Gewicht': '255', 'manufacturer': 'Boltze Gruppe GmbH', 'Herstelleradresse': 'Alte Landstrasse 42, 22145 Braak', 'Materialdetails': 'Seegras', 'Farbe': 'Natur', 'Höhe': '41 cm', 'Breite': '30 cm', 'Tiefe': '1 cm', 'Inhalt': '1 Stk.'}||||||Natur||Seegras||||||0|0|2326318_1.png|https://static.mueller.de/pdzoom/4020606127754_PV.webp|2326318_2.png|https://static.mueller.de/pdzoom/4020606127754_3.webp|2326318_3.png|https://static.mueller.de/pdzoom/4020606127754_5.webp|2326318_4.png|https://static.mueller.de/pdzoom/4020606127754_4.webp|2326318_5.png|https://static.mueller.de/pdzoom/4020606127754_2.webp||||||||||||||Boltze Gruppe GmbH||||||||||1 Stk.|||False||2326318P|||||||||1
2629979|mueller||||||||2024-10-28|REAL TECHNIQUES Miracle Complexion Sponge + Miracle Powder Sponge|REAL TECHNIQUES||1|Stk.|Home|Parfümerie|Accessoires|Make-up-Zubehör|Quasten & Schwämme|REAL TECHNIQUES Miracle Complexion Sponge + Miracle Powder Sponge||10,99 €|10,99 €||||||||||||||EUR|Home> Parfümerie> Accessoires> Make-up-Zubehör> Quasten & Schwämme> REAL TECHNIQUES Miracle Complexion Sponge + Miracle Powder Sponge|https://www.mueller.at/p/real-techniques-miracle-complexion-sponge-miracle-powder-sponge-2629979/|1 Stk.|Mit dem Real Techniques Miracle Complexion Sponge und dem Miracle Powder Sponge Duo erhältst du ein nahtloses Make-Up mit perfektem Ergebnis. Der Miracle Complexion Sponge und der Miracle Powder Sponge wurden mit einer revolutionären latexfreien Schaumstofftechnologie entwickelt, die das tägliche Wachstum von schädlichen Stoffen bekämpft, die u.a. von altem Make-Up und abgestorbenen Hautzellen stammen.||||||||||||||||||||||Non-Organic||||"{'manufacturer': 'Orbico Beauty GmbH', 'Herstelleradresse': 'Ludwigstr. 180 A, 63067 Offenbach am Main', 'Anwendungshinweis': '""Die abgerundeten Seiten des Miracle Complexion Sponges eignen sich ideal zum Verblenden von größeren Bereichen, während die Präzisionsspitze der Abdeckung kleinerer Makel dient und die flache Kante sich optimal den Konturen um Augen und Nase anpasst. \nDer Powder Sponge wird am besten trocken verwendet und eignet sich für den Auftrag von Setting Puder bis Mineral Foundation. Die verschiedenen Oberflächen des 3-in-1 Make-up-Schwamms ermöglichen es, jede Stelle des Gesichts problemlos zu erreichen.""', 'Inhalt': '1 Stk.', 'Produkttyp': 'Make-Up Schwämmchen'}"||||||||||||||0|0|2629979_1.png|https://static.mueller.de/pdzoom/79625019933_02.webp|2629979_2.png|https://static.mueller.de/pdzoom/79625019933_03.webp|2629979_3.png|https://static.mueller.de/6938750661-PV-0/pdzoom/real-techniques-miracle-complexion-sponge-miracle-powder-sponge.webp|2629979_4.png|https://static.mueller.de/pdzoom/79625019933_05.webp|2629979_5.png|https://static.mueller.de/pdzoom/79625019933_06.webp|2629979_6.png|https://static.mueller.de/pdzoom/79625019933_04.webp||||||||||||Orbico Beauty GmbH||||||||||1 Stk.|||True||2629979P|||||||||10
3013830|mueller||||||||2024-10-28|Gawol Teedose|GAWOL||1|Stk.|Home|Haushalt|Kochen & Backen|Aufbewahrung|Vorratsdosen|Gawol Teedose||1,99 €|1,99 €||||||||||||||EUR|Home> Haushalt> Kochen & Backen> Aufbewahrung> Vorratsdosen> Gawol Teedose|https://www.mueller.at/p/gawol-teedose-IPN3013830/|1 Stk.|für 25 g losen Tee, lebensmittelecht||||||||||||||||||||||Non-Organic||||{'Gewicht': '0.03', 'manufacturer': 'Gawol GmbH', 'Herstelleradresse': 'Am Schäferrain 2 - 4, 76437 Rastatt', 'Kontaktmöglichkeit': 'verkauf@gawol.com', 'Materialdetails': 'Weißblech', 'Material': 'Weißblech', 'Höhe': '6 cm', 'Breite': '4.3 cm', 'Tiefe': '4.3 cm', 'Inhalt': '1 Stk.'}||||||||Weißblech||||||0|0|3013830_1.png|https://static.mueller.de/pdzoom/4033051032108.webp||||||||||||||||||||||Gawol GmbH||||||||||1 Stk.|||True||3013830P|||||||||10
3013832|mueller||||||||2024-10-28|Gawol Teedose|GAWOL||1|Stk.|Home|Haushalt|Kochen & Backen|Aufbewahrung|Vorratsdosen|Gawol Teedose||2,49 €|2,49 €||||||||||||||EUR|Home> Haushalt> Kochen & Backen> Aufbewahrung> Vorratsdosen> Gawol Teedose|https://www.mueller.at/p/gawol-teedose-IPN3013832/|1 Stk.|für 50 g losen Tee, lebensmittelecht||||||||||||||||||||||Non-Organic||||{'Gewicht': '0.05', 'manufacturer': 'Gawol GmbH', 'Herstelleradresse': 'Am Schäferrain 2 - 4, 76437 Rastatt', 'Kontaktmöglichkeit': 'verkauf@gawol.com', 'Materialdetails': 'Weißblech', 'Material': 'Weißblech', 'Höhe': '8 cm', 'Breite': '6 cm', 'Tiefe': '6 cm', 'Inhalt': '1 Stk.'}||||||||Weißblech||||||0|0|3013832_1.png|https://static.mueller.de/pdzoom/4033051032115_1.webp||||||||||||||||||||||Gawol GmbH||||||||||1 Stk.|||True||3013832P|||||||||10
3013833|mueller||||||||2024-10-28|Gawol Gebäck- und Aufbewahrungsdose|GAWOL||1|Stk.|Home|Haushalt|Kochen & Backen|Aufbewahrung|Vorratsdosen|Gawol Gebäck- und Aufbewahrungsdose||12,99 €|12,99 €||||||||||||||EUR|Home> Haushalt> Kochen & Backen> Aufbewahrung> Vorratsdosen> Gawol Gebäck- und Aufbewahrungsdose|https://www.mueller.at/p/gawol-gebaeck-und-aufbewahrungsdose-IPN3013833/|1 Stk.|lebensmittelecht||||||||||||||||||||||Non-Organic||||{'Gewicht': '0.43', 'manufacturer': 'Gawol GmbH', 'Herstelleradresse': 'Am Schäferrain 2 - 4, 76437 Rastatt', 'Kontaktmöglichkeit': 'verkauf@gawol.com', 'Materialdetails': 'Weißblech', 'Material': 'Weißblech', 'Höhe': '8.5 cm', 'Breite': '22 cm', 'Tiefe': '22 cm', 'Inhalt': '1 Stk.'}||||||||Weißblech||||||0|0|3013833_1.png|https://static.mueller.de/pdzoom/4033051032160.webp||||||||||||||||||||||Gawol GmbH||||||||||1 Stk.|||True||3013833P|||||||||10
3013834|mueller||||||||2024-10-28|Gawol Dose klein|GAWOL||1|Stk.|Home|Haushalt|Kochen & Backen|Aufbewahrung|Vorratsdosen|Gawol Dose klein||1,99 €|1,99 €||||||||||||||EUR|Home> Haushalt> Kochen & Backen> Aufbewahrung> Vorratsdosen> Gawol Dose klein|https://www.mueller.at/p/gawol-dose-klein-IPN3013834/|1 Stk.|Dose zum Befüllen mit Pralinen, lebensmittelecht||||||||||||||||||||||Non-Organic||||{'Gewicht': '0.03', 'manufacturer': 'Gawol GmbH', 'Herstelleradresse': 'Am Schäferrain 2 - 4, 76437 Rastatt', 'Kontaktmöglichkeit': 'verkauf@gawol.com', 'Materialdetails': 'Weißblech', 'Material': 'Weißblech', 'Höhe': '1.9 cm', 'Breite': '6.9 cm', 'Tiefe': '6.4 cm', 'Inhalt': '1 Stk.'}||||||||Weißblech||||||0|0|3013834_1.png|https://static.mueller.de/pdzoom/4033051032221.webp||||||||||||||||||||||Gawol GmbH||||||||||1 Stk.|||True||3013834P|||||||||10
2629977|mueller||||||||2024-10-28|REAL TECHNIQUES Dual Ended Cover + Conceal|REAL TECHNIQUES||1|Stk.|Home|Parfümerie|Accessoires|Make-up-Zubehör|Pinsel & Applikatoren|REAL TECHNIQUES Dual Ended Cover + Conceal||14,49 €|14,49 €||||||||||||||EUR|Home> Parfümerie> Accessoires> Make-up-Zubehör> Pinsel & Applikatoren> REAL TECHNIQUES Dual Ended Cover + Conceal|https://www.mueller.at/p/real-techniques-dual-ended-cover-conceal-2629977/|1 Stk.|Super praktischer 2-in-1 Pinsel: Der Dual Ended Cover & Conceal Pinsel ist das ideale Tool für eine makellose Grundierung. Der zweiseitige Pinsel besteht aus einem klassischen flach gebundenen Foundationpinsel für den gleichmäßigen Auftrag flüssiger Produkte und einem kleinen, dicht gebundenen Concealerpinsel. Dieser ist perfekt für das Abdecken kleiner Unebenheiten und Makel. Der kleinere Pinsel lässt sich durch einen ausziehbaren Deckel verschließen. So ist der Pinsel geschützt und lässt sich leicht aufbewahren.​||||||||||||||||||||||Non-Organic||||{'manufacturer': 'Orbico Beauty GmbH', 'Herstelleradresse': 'Ludwigstr. 180 A, 63067 Offenbach am Main', 'Anwendungshinweis': 'Klassische, flach gebundene Brush ist perfekt für den Auftrag von flüssiger Foundation &\nkleine, dicht gebundene Brush, für den präsizen Auftrag von Concealer.', 'Inhalt': '1 Stk.', 'Produkttyp': 'Concealerpinsel'}||||||||||||||0|0|2629977_1.png|https://static.mueller.de/pdzoom/79625019650_01.webp|2629977_2.png|https://static.mueller.de/pdzoom/79625019650_02.webp|2629977_3.png|https://static.mueller.de/pdzoom/79625019650_03.webp|2629977_4.png|https://static.mueller.de/pdzoom/79625019650_05.webp|2629977_5.png|https://static.mueller.de/pdzoom/79625019650_04.webp||||||||||||||Orbico Beauty GmbH||||||||||1 Stk.|||True||2629977P|||||||||10
3013839|mueller||||||||2024-10-28|Gawol Gebäck- und Aufbewahrungsdose|GAWOL||1|Stk.|Home|Haushalt|Kochen & Backen|Aufbewahrung|Vorratsdosen|Gawol Gebäck- und Aufbewahrungsdose||19,99 €|19,99 €||||||||||||||EUR|Home> Haushalt> Kochen & Backen> Aufbewahrung> Vorratsdosen> Gawol Gebäck- und Aufbewahrungsdose|https://www.mueller.at/p/gawol-gebaeck-und-aufbewahrungsdose-IPN3013839/|1 Stk.|für 2,5 kg Gebäck, zum Befüllen und Lagern,  lebensmittelecht||||||||||||||||||||||Non-Organic||||{'Gewicht': '0.63', 'manufacturer': 'Gawol GmbH', 'Herstelleradresse': 'Am Schäferrain 2 - 4, 76437 Rastatt', 'Kontaktmöglichkeit': 'verkauf@gawol.com', 'Materialdetails': 'Weißblech', 'Material': 'Weißblech', 'Höhe': '10 cm', 'Breite': '35.5 cm', 'Tiefe': '23.5 cm', 'Inhalt': '1 Stk.'}||||||||Weißblech||||||0|0|3013839_1.png|https://static.mueller.de/pdzoom/4033051032177.webp||||||||||||||||||||||Gawol GmbH||||||||||1 Stk.|||True||3013839P|||||||||10
2629970|mueller||||||||2024-10-28|"NICI Schlüsselanhänger metall ""Jakob"""|NICI||1|Stk.|Home|Drogerie|Accessoires|Schmuck|Trends & Accessoires|"NICI Schlüsselanhänger metall ""Jakob"""||2,50 €|2,50 €||||||||||||||EUR|"Home> Drogerie> Accessoires> Schmuck> Trends & Accessoires> NICI Schlüsselanhänger metall ""Jakob"""|https://www.mueller.at/p/nici-schluesselanhaenger-metall-jakob-2629970/|1 Stk.|Der metallische Schlüsselanhänger mit der Aufschrift Jakob ist in Blautönen gehalten und gehört zur NICI Key World Kollektion. Das schmale Design und die tolle Farbgebung machen den Schlüsselanhänger zu einem treuen Begleiter.||||||||||||||||||||||Non-Organic||||{'Material': 'Metall (Hauptsächlich)', 'Inhalt': '1 Stk.', 'Produkttyp': 'Schlüsselanhänger'}||||||||||||||0|0|2629970_1.png|https://static.mueller.de/6905991993-PV-0/pdzoom/nici-schluesselanhaenger-metall-jakob.webp||||||||||||||||||||||||||||||||1 Stk.|||True||2629970P|||||||||10
128263|mueller||||||||2024-10-28|Viessmann 6724 - H0 Bausatz Bogenleuchte|VIESSMANN||1|Stk.|Home|Spielwaren|Modellbau & Modelleisenbahn|Modelleisenbahn|Zubehör|Viessmann 6724 - H0 Bausatz Bogenleuchte||7,69 €|7,69 €||||||||||||||EUR|Home> Spielwaren> Modellbau & Modelleisenbahn> Modelleisenbahn> Zubehör> Viessmann 6724 - H0 Bausatz Bogenleuchte|https://www.mueller.at/p/viessmann-6724-h0-bausatz-bogenleuchte-128263/|1 Stk.|Komplettbausatz inkl. Glühlampe. Vorbildgetreuer Messingmast mit Patentsteckfuß für eine besonders einfache Montage. Zusammenbau ohne Löten und Werkzeug. Höhe: 87 mm. Ersatzglühlampe||||||||14 Jahre||||||||||||||Non-Organic||||"{'target_group': 'Erwachsene|Jugendliche', 'manufacturer': 'Viessmann Modelltechnik GmbH', 'Herstelleradresse': 'Bahnhofstr. 2 a 35116 Hatzfeld-Reddighausen', 'Kontaktmöglichkeit': 'https://viessmann-modell.com/', 'Artikelnummer des Herstellers': '6724', 'license': 'Viessmann Spur H0 Leuchten', 'Altersempfehlung ab': '14 Jahre', 'Inhalt': '1 Stk.', 'Produkttyp': 'Reinigung'}"||||||||||||||0|0|128263_1.png|https://static.mueller.de/421177708-PV-0/pdzoom/viessmann-6724-h0-bausatz-bogenleuchte.webp||||||||||||||||||||||Viessmann Modelltechnik GmbH||||||||||1 Stk.|||True||128263P|||||||||1
2629968|mueller||||||||2024-10-28|"NICI Schlüsselanhänger metall ""Florian"""|NICI||1|Stk.|Home|Drogerie|Accessoires|Schmuck|Trends & Accessoires|"NICI Schlüsselanhänger metall ""Florian"""||2,50 €|2,50 €||||||||||||||EUR|"Home> Drogerie> Accessoires> Schmuck> Trends & Accessoires> NICI Schlüsselanhänger metall ""Florian"""|https://www.mueller.at/p/nici-schluesselanhaenger-metall-florian-2629968/|1 Stk.|Der metallische Schlüsselanhänger mit der Aufschrift Florian ist in Blautönen gehalten und gehört zur NICI Key World Kollektion. Das schmale Design und die tolle Farbgebung machen den Schlüsselanhänger zu einem treuen Begleiter.||||||||||||||||||||||Non-Organic||||{'Material': 'Metall (Hauptsächlich)', 'Inhalt': '1 Stk.', 'Produkttyp': 'Schlüsselanhänger'}||||||||||||||0|0|2629968_1.png|https://static.mueller.de/6922032670-PV-0/pdzoom/nici-schluesselanhaenger-metall-florian.webp||||||||||||||||||||||||||||||||1 Stk.|||True||2629968P|||||||||2
128260|mueller||||||||2024-10-28|Viessmann 6720 - H0 Parklaterne, Bausatz|VIESSMANN||1|Stk.|Home|Spielwaren|Modellbau & Modelleisenbahn|Modelleisenbahn|Zubehör|Viessmann 6720 - H0 Parklaterne, Bausatz||6,79 €|6,79 €||||||||||||||EUR|Home> Spielwaren> Modellbau & Modelleisenbahn> Modelleisenbahn> Zubehör> Viessmann 6720 - H0 Parklaterne, Bausatz|https://www.mueller.at/p/viessmann-6720-h0-parklaterne-bausatz-128260/|1 Stk.|Komplettbausatz inkl. Glühlampe. Vorbildgetreuer Messingmast mit Patentsteckfuß für eine besonders einfache Montage. Einfacher Zusammenbau ohne Löten und Werkzeug. Höhe: 56 mm. Ersatzglühlampe||||||||14 Jahre||||||||||||||Non-Organic||||"{'target_group': 'Erwachsene|Jugendliche', 'manufacturer': 'Viessmann Modelltechnik GmbH', 'Herstelleradresse': 'Bahnhofstr. 2 a 35116 Hatzfeld-Reddighausen', 'Kontaktmöglichkeit': 'https://viessmann-modell.com/', 'Artikelnummer des Herstellers': '6720', 'license': 'Viessmann Spur H0 Leuchten', 'Altersempfehlung ab': '14 Jahre', 'Inhalt': '1 Stk.', 'Produkttyp': 'Literatur zum Anlagenbau'}"||||||||||||||0|0|128260_1.png|https://static.mueller.de/421177707-PV-0/pdzoom/viessmann-6720-h0-parklaterne-bausatz.webp||||||||||||||||||||||Viessmann Modelltechnik GmbH||||||||||1 Stk.|||False||128260P|||||||||1
3013840|mueller||||||||2024-10-28|Gawol Pralinen-/Trüffeldose mit Kunststoffeinsatz im Deckel|GAWOL||1|Stk.|Home|Haushalt|Kochen & Backen|Aufbewahrung|Vorratsdosen|Gawol Pralinen-/Trüffeldose mit Kunststoffeinsatz im Deckel||2,99 €|2,99 €||||||||||||||EUR|Home> Haushalt> Kochen & Backen> Aufbewahrung> Vorratsdosen> Gawol Pralinen-/Trüffeldose mit Kunststoffeinsatz im Deckel|https://www.mueller.at/p/gawol-pralinen-trueffeldose-mit-kunststoffeinsatz-im-deckel-IPN3013840/|1 Stk.| zur Aufbewahrung von Pralinen, Trüffel oder ähnlichem||||||||||||||||||||||Non-Organic||||"{'manufacturer': 'Gawol GmbH', 'Herstelleradresse': 'Am Schäferrain 2 - 4, 76437 Rastatt', 'Kontaktmöglichkeit': 'verkauf@gawol.com', 'Materialdetails': 'Weißblech, Kunststoff', 'Material': 'Weißblech|Kunststoff', 'Höhe': '3 cm', 'Durchmesser': '7.5 cm', 'Inhalt': '1 Stk.'}"||||||||Weißblech, Kunststoff||||||0|0|3013840_1.png|https://static.mueller.de/pdzoom/4033051031996.webp||||||||||||||||||||||Gawol GmbH||||||||||1 Stk.|||True||3013840P|||||||||10
2772358|mueller||||||||2024-10-28|Spin Master - Kinetic Sand Baustellen Set|SPIN MASTER||1|Stk.|Home|Spielwaren|Kreativ & Basteln|Kneten & Modellieren|Spin Master - Kinetic Sand Baustellen Set|||17,99 €|17,99 €||||||||||||||EUR|Home> Spielwaren> Kreativ & Basteln> Kneten & Modellieren> Spin Master - Kinetic Sand Baustellen Set|https://www.mueller.at/p/spin-master-kinetic-sand-baustellen-set-IPN2772358/|1 Stk.|"Bauen, buddeln, plattmachen - mit dem Kinetic Sand Baustellen Set ist dies immer wieder aufs Neue möglich. Dieses thematische Sand-Set enthält alles, was man für einen echten Bauspaß benötigt: 454 Gramm braunen Kinetic Sand, eine Backsteinform und ein 2-in-1-Baufahrzeug. Da Kinetic Sand an sich selbst haftet, fließt er nicht nur angenehm entspannend durch die Hände, sondern lässt sich auch besonders gut formen und modellieren. Mit den Ziegelförmchen Backsteine formen und zu einer Wand aufbauen, den Presslufthammeraufsatz am Fahrzeug befestigen und dann die Mauer wieder einreißen, damit der Spaß von vorne beginnt. Einfach das Werkzeug am Fahrzeug austauschen und Kinetic Sand mit einem Bagger auf der Baustelle transportieren. Die Verpackung dient dabei als Sandbox mit Spielfläche und nach dem Spielen für die Aufbewahrung von Sand und Zubehör. Da Kinetic Sand nicht austrocknet, ist er jederzeit einsatzbereit. Sollte die Raumluft zu trocken sein, kann Kinetic Sand jederzeit mit ein paar Tropfen Wasser aufgefrischt werden, um seine optimale Konsistenz zu erhalten. Dank der körnigen Haptik bietet Kinetic Sand nicht nur echtes Sand-Feeling, sondern fördert auch die Entwicklung des Tastsinns und beim Kneten und Formen die Feinmotorik. Natürlich wird beim Spielen mit Kinetic Sand auch die Fantasie angeregt.
Mit original Kinetic Sand aus Schweden, der durch die Hände fließt und sich besonders gut formen lässt, wird das Baustellenspiel im Kinderzimmer zu einem ganz besonderen Erlebnis. Formen, bauen, einreißen und von vorne beginnen.
Mit den Ziegelsteinförmchen können aus Kinetic Sand richtige Backsteine geformt und zu Mauern aufgebaut werden. Das Baustellenfahrzeug wird wahlweise mit Baggerschaufel oder Presslufthammeraufsatz ausgestattet.
Da Kinetic Sand dank seiner besonderen Strukutur an sich selbst haftet und nicht an den Händen lässt er sich besonders gut formen und bildet Details gestochen scharf ab. Die körnige Haptik bietet dabei echtes Sand-Feeling.
Beim Kneten und Formen von Kinetic Sand wird die Feinmotorik geschult und die Fantasie angeregt. Kinetic Sand ist das ideale Ausgangsmaterial für das freie Spielen, das das Selbstbewusstsein und die Persönlichkeit fördert.
Kinetic Sand ist das ideale Geschenk für Kinder ab 3 Jahren, um die Kreativität anzuregen und den Sandkasten ins Kinderzimmer zu holen, damit bei jeder Witterung nach Herzenslust gebaut und gebuddelt werden kann.
Inhalt: 454 g Kinetic Sand braun, 1 Baustellenfahrzeug, 2 abnehmbare Werkzeuge, 1 Ziegelförmchen, 1 Verpackung mit Spielfläche und Kulisse, 1 Anleitung"||||||||3 Jahre||||||||||||||Non-Organic||||"{'target_group': 'Kindergartenkinder|Grundschüler|Jugendliche', 'Artikelnummer des Herstellers': '6044178', 'Altersempfehlung ab': '3 Jahre', 'Altersempfehlung bis': '12 Jahre', 'Inhalt': '1 Stk.', 'Produkttyp': 'Kneten und Modellieren'}"||||||||||||||0|0|2772358_1.png|https://static.mueller.de/pdzoom/778988543641.webp|2772358_2.png|https://static.mueller.de/pdzoom/778988543641_4.webp|2772358_3.png|https://static.mueller.de/pdzoom/778988543641_2.webp|2772358_4.png|https://static.mueller.de/pdzoom/778988543641_3.webp|2772358_5.png|https://static.mueller.de/pdzoom/778988543641_7.webp|2772358_6.png|https://static.mueller.de/pdzoom/778988543641_6.webp||||||||||||6044178||||||||||1 Stk.|||False||2772358P|||||||||1
3013841|mueller||||||||2024-10-28|Gawol Gebäck- und Geschenkdose|GAWOL||1|Stk.|Home|Haushalt|Kochen & Backen|Aufbewahrung|Vorratsdosen|Gawol Gebäck- und Geschenkdose||3,99 €|3,99 €||||||||||||||EUR|Home> Haushalt> Kochen & Backen> Aufbewahrung> Vorratsdosen> Gawol Gebäck- und Geschenkdose|https://www.mueller.at/p/gawol-gebaeck-und-geschenkdose-IPN3013841/|1 Stk.|für 250 g Gebäck, zum Befüllen und Lagern,  lebensmittelecht||||||||||||||||||||||Non-Organic||||{'Gewicht': '0.15', 'manufacturer': 'Gawol GmbH', 'Herstelleradresse': 'Am Schäferrain 2 - 4, 76437 Rastatt', 'Kontaktmöglichkeit': 'verkauf@gawol.com', 'Materialdetails': 'Weißblech', 'Material': 'Weißblech', 'Höhe': '5.7 cm', 'Breite': '14.7 cm', 'Tiefe': '11.5 cm', 'Inhalt': '1 Stk.'}||||||||Weißblech||||||0|0|3013841_1.png|https://static.mueller.de/pdzoom/4033051032238.webp||||||||||||||||||||||Gawol GmbH||||||||||1 Stk.|||True||3013841P|||||||||10
22160|mueller||||||||2024-10-28|FALKEN Ordner PP A4 5cm grau|FALKEN||1|Stk.|Home|Schreibwaren|Büro|Ordner & Mappen|Ordner|FALKEN Ordner PP A4 5cm grau||3,29 €|3,29 €||||||||||||||EUR|Home> Schreibwaren> Büro> Ordner & Mappen> Ordner> FALKEN Ordner PP A4 5cm grau|https://www.mueller.at/p/falken-ordner-pp-a4-5cm-grau-22160/|1 Stk.|PP-Color-Ordner A4, Rücken 50mm, mit Einsteckschild Kunststoff-Schlitzordner, mit Wechselfenster, extrem strapazierfähig durch Kaschierung mit griffig genarbter PP-Folie, grauer Innenspiegel, mit verstärkter Qualitätshebelmechanik, Kantenschutz, in den gängigen Farben des Marktes Die PP-Color Schlitzordner sind extrem strapazierfähig durch die Kunststoff-Folie außen und dem grauen Papierbezug innen. Sie sind besonders standfest durch den starken Karton und dem Kantenschutz. Langlebig durch die verstärkte Qualitätshebelmechanik und ausgestattet mit einer Tasche für das jeder Zeit erneuerbare Rückenschild sowie einem Griffloch für den schnellen Zugriff. Die griffig genarbte PP-Folie verleiht den Ordnern eine besondere Haptik. Alle PP-Color Ordner werden in Deutschland produziert.||||||||||||||||||||||Non-Organic||||{'back_width': '50 mm', 'manufacturer': 'Falken GmbH', 'Herstelleradresse': 'Am Bahnhof 5, 03185 Peitz', 'Artikelnummer des Herstellers': '09984113007F', 'Inhalt': '1 Stk.', 'Produkttyp': 'Ordner'}||||||||||||||0|0|22160_1.png|https://static.mueller.de/6417705399-PV-0/pdzoom/falken-ordner-pp-a4-5cm-grau.webp|22160_2.png|https://static.mueller.de/6417705399-PB-1/pdzoom/falken-ordner-pp-a4-5cm-grau.webp||||||||||||||||||||Falken GmbH||||||||||1 Stk.|||True||22160P|||||||||35
22161|mueller||||||||2024-10-28|FALKEN Ordner PP A4 5cm hellblau|FALKEN||1|Stk.|Home|Schreibwaren|Büro|Ordner & Mappen|Ordner|FALKEN Ordner PP A4 5cm hellblau||3,29 €|3,29 €||||||||||||||EUR|Home> Schreibwaren> Büro> Ordner & Mappen> Ordner> FALKEN Ordner PP A4 5cm hellblau|https://www.mueller.at/p/falken-ordner-pp-a4-5cm-hellblau-22161/|1 Stk.|PP-Color-Ordner A4, Rücken 50mm, mit Einsteckschild Kunststoff-Schlitzordner, mit Wechselfenster, extrem strapazierfähig durch Kaschierung mit griffig genarbter PP-Folie, grauer Innenspiegel, mit verstärkter Qualitätshebelmechanik, Kantenschutz, in den gängigen Farben des Marktes Die PP-Color Schlitzordner sind extrem strapazierfähig durch die Kunststoff-Folie außen und dem grauen Papierbezug innen. Sie sind besonders standfest durch den starken Karton und dem Kantenschutz. Langlebig durch die verstärkte Qualitätshebelmechanik und ausgestattet mit einer Tasche für das jeder Zeit erneuerbare Rückenschild sowie einem Griffloch für den schnellen Zugriff. Die griffig genarbte PP-Folie verleiht den Ordnern eine besondere Haptik. Alle PP-Color Ordner werden in Deutschland produziert.||||||||||||||||||||||Non-Organic||||{'back_width': '50 mm', 'manufacturer': 'Falken GmbH', 'Herstelleradresse': 'Am Bahnhof 5, 03185 Peitz', 'Artikelnummer des Herstellers': '23001872001F', 'Inhalt': '1 Stk.', 'Produkttyp': 'Ordner'}||||||||||||||0|0|22161_1.png|https://static.mueller.de/6417705337-PV-0/pdzoom/falken-ordner-pp-a4-5cm-hellblau.webp||||||||||||||||||||||Falken GmbH||||||||||1 Stk.|||True||22161P|||||||||35
2629964|mueller||||||||2024-10-28|"NICI Schlüsselanhänger metall ""Elias"""|NICI||1|Stk.|Home|Drogerie|Accessoires|Schmuck|Trends & Accessoires|"NICI Schlüsselanhänger metall ""Elias"""||2,50 €|2,50 €||||||||||||||EUR|"Home> Drogerie> Accessoires> Schmuck> Trends & Accessoires> NICI Schlüsselanhänger metall ""Elias"""|https://www.mueller.at/p/nici-schluesselanhaenger-metall-elias-2629964/|1 Stk.|Der metallische Schlüsselanhänger mit der Aufschrift Elias ist in Blautönen gehalten und gehört zur NICI Key World Kollektion. Das schmale Design und die tolle Farbgebung machen den Schlüsselanhänger zu einem treuen Begleiter.||||||||||||||||||||||Non-Organic||||{'Material': 'Metall (Hauptsächlich)', 'Inhalt': '1 Stk.', 'Produkttyp': 'Schlüsselanhänger'}||||||||||||||0|0|2629964_1.png|https://static.mueller.de/6905959590-PV-0/pdzoom/nici-schluesselanhaenger-metall-elias.webp||||||||||||||||||||||||||||||||1 Stk.|||True||2629964P|||||||||10
2629965|mueller||||||||2024-10-28|"NICI Schlüsselanhänger metall ""Fabian"""|NICI||1|Stk.|Home|Drogerie|Accessoires|Schmuck|Trends & Accessoires|"NICI Schlüsselanhänger metall ""Fabian"""||2,50 €|2,50 €||||||||||||||EUR|"Home> Drogerie> Accessoires> Schmuck> Trends & Accessoires> NICI Schlüsselanhänger metall ""Fabian"""|https://www.mueller.at/p/nici-schluesselanhaenger-metall-fabian-2629965/|1 Stk.|Der metallische Schlüsselanhänger mit der Aufschrift Fabian ist in Blautönen gehalten und gehört zur NICI Key World Kollektion. Das schmale Design und die tolle Farbgebung machen den Schlüsselanhänger zu einem treuen Begleiter.||||||||||||||||||||||Non-Organic||||{'Material': 'Metall (Hauptsächlich)', 'Inhalt': '1 Stk.', 'Produkttyp': 'Schlüsselanhänger'}||||||||||||||0|0|2629965_1.png|https://static.mueller.de/6905987853-PV-0/pdzoom/nici-schluesselanhaenger-metall-fabian.webp||||||||||||||||||||||||||||||||1 Stk.|||False||2629965P|||||||||1
22162|mueller||||||||2024-10-28|FALKEN Ordner PP A4 8cm grau|FALKEN||1|Stk.|Home|Schreibwaren|Büro|Ordner & Mappen|Ordner|FALKEN Ordner PP A4 8cm grau||3,29 €|3,29 €||||||||||||||EUR|Home> Schreibwaren> Büro> Ordner & Mappen> Ordner> FALKEN Ordner PP A4 8cm grau|https://www.mueller.at/p/falken-ordner-pp-a4-8cm-grau-22162/|1 Stk.|PP-Color-Ordner A4, Rücken 50mm, mit Einsteckschild Kunststoff-Schlitzordner, mit Wechselfenster, extrem strapazierfähig durch Kaschierung mit griffig genarbter PP-Folie, grauer Innenspiegel, mit verstärkter Qualitätshebelmechanik, Kantenschutz, in den gängigen Farben des Marktes Die PP-Color Schlitzordner sind extrem strapazierfähig durch die Kunststoff-Folie außen und dem grauen Papierbezug innen. Sie sind besonders standfest durch den starken Karton und dem Kantenschutz. Langlebig durch die verstärkte Qualitätshebelmechanik und ausgestattet mit einer Tasche für das jeder Zeit erneuerbare Rückenschild sowie einem Griffloch für den schnellen Zugriff. Die griffig genarbte PP-Folie verleiht den Ordnern eine besondere Haptik. Alle PP-Color Ordner werden in Deutschland produziert.||||||||||||||||||||||Non-Organic||||{'back_width': '80 mm', 'manufacturer': 'Falken GmbH', 'Herstelleradresse': 'Am Bahnhof 5, 03185 Peitz', 'Artikelnummer des Herstellers': '09984022007F', 'Inhalt': '1 Stk.', 'Produkttyp': 'Ordner'}||||||||||||||0|0|22162_1.png|https://static.mueller.de/6417705275-PV-0/pdzoom/falken-ordner-pp-a4-8cm-grau.webp|22162_2.png|https://static.mueller.de/6417705275-PB-1/pdzoom/falken-ordner-pp-a4-8cm-grau.webp|22162_3.png|https://static.mueller.de/6417705275-PB-2/pdzoom/falken-ordner-pp-a4-8cm-grau.webp|22162_4.png|https://static.mueller.de/6417705275-PB-3/pdzoom/falken-ordner-pp-a4-8cm-grau.webp||||||||||||||||Falken GmbH||||||||||1 Stk.|||True||22162P|||||||||35
2629966|mueller||||||||2024-10-28|"NICI Schlüsselanhänger metall ""Felix"""|NICI||1|Stk.|Home|Drogerie|Accessoires|Schmuck|Trends & Accessoires|"NICI Schlüsselanhänger metall ""Felix"""||2,50 €|2,50 €||||||||||||||EUR|"Home> Drogerie> Accessoires> Schmuck> Trends & Accessoires> NICI Schlüsselanhänger metall ""Felix"""|https://www.mueller.at/p/nici-schluesselanhaenger-metall-felix-2629966/|1 Stk.|Der metallische Schlüsselanhänger mit der Aufschrift Felix ist in Blautönen gehalten und gehört zur NICI Key World Kollektion. Das schmale Design und die tolle Farbgebung machen den Schlüsselanhänger zu einem treuen Begleiter.||||||||||||||||||||||Non-Organic||||{'Material': 'Metall (Hauptsächlich)', 'Inhalt': '1 Stk.', 'Produkttyp': 'Schlüsselanhänger'}||||||||||||||0|0|2629966_1.png|https://static.mueller.de/6905987644-PV-0/pdzoom/nici-schluesselanhaenger-metall-felix.webp||||||||||||||||||||||||||||||||1 Stk.|||True||2629966P|||||||||10
22163|mueller||||||||2024-10-28|FALKEN Ordner PP A4 8cm hellblau|FALKEN||1|Stk.|Home|Schreibwaren|Büro|Ordner & Mappen|Ordner|FALKEN Ordner PP A4 8cm hellblau||3,29 €|3,29 €||||||||||||||EUR|Home> Schreibwaren> Büro> Ordner & Mappen> Ordner> FALKEN Ordner PP A4 8cm hellblau|https://www.mueller.at/p/falken-ordner-pp-a4-8cm-hellblau-22163/|1 Stk.|PP-Color-Ordner A4, Rücken 50mm, mit Einsteckschild Kunststoff-Schlitzordner, mit Wechselfenster, extrem strapazierfähig durch Kaschierung mit griffig genarbter PP-Folie, grauer Innenspiegel, mit verstärkter Qualitätshebelmechanik, Kantenschutz, in den gängigen Farben des Marktes Die PP-Color Schlitzordner sind extrem strapazierfähig durch die Kunststoff-Folie außen und dem grauen Papierbezug innen. Sie sind besonders standfest durch den starken Karton und dem Kantenschutz. Langlebig durch die verstärkte Qualitätshebelmechanik und ausgestattet mit einer Tasche für das jeder Zeit erneuerbare Rückenschild sowie einem Griffloch für den schnellen Zugriff. Die griffig genarbte PP-Folie verleiht den Ordnern eine besondere Haptik. Alle PP-Color Ordner werden in Deutschland produziert.||||||||||||||||||||||Non-Organic||||{'back_width': '80 mm', 'manufacturer': 'Falken GmbH', 'Herstelleradresse': 'Am Bahnhof 5, 03185 Peitz', 'Artikelnummer des Herstellers': '23001864001F', 'Inhalt': '1 Stk.', 'Produkttyp': 'Ordner'}||||||||||||||0|0|22163_1.png|https://static.mueller.de/6417705461-PV-0/pdzoom/falken-ordner-pp-a4-8cm-hellblau.webp||||||||||||||||||||||Falken GmbH||||||||||1 Stk.|||True||22163P|||||||||35
2629967|mueller||||||||2024-10-28|"NICI Schlüsselanhänger metall ""Finn"""|NICI||1|Stk.|Home|Drogerie|Accessoires|Schmuck|Trends & Accessoires|"NICI Schlüsselanhänger metall ""Finn"""||2,50 €|2,50 €||||||||||||||EUR|"Home> Drogerie> Accessoires> Schmuck> Trends & Accessoires> NICI Schlüsselanhänger metall ""Finn"""|https://www.mueller.at/p/nici-schluesselanhaenger-metall-finn-2629967/|1 Stk.|Der metallische Schlüsselanhänger mit der Aufschrift Finn ist in Blautönen gehalten und gehört zur NICI Key World Kollektion. Das schmale Design und die tolle Farbgebung machen den Schlüsselanhänger zu einem treuen Begleiter.||||||||||||||||||||||Non-Organic||||{'Material': 'Metall (Hauptsächlich)', 'Inhalt': '1 Stk.', 'Produkttyp': 'Schlüsselanhänger'}||||||||||||||0|0|2629967_1.png|https://static.mueller.de/6905990717-PV-0/pdzoom/nici-schluesselanhaenger-metall-finn.webp||||||||||||||||||||||||||||||||1 Stk.|||True||2629967P|||||||||10
3013850|mueller||||||||2024-10-28|Gawol Gebäck- und Aufbewahrungsdose|GAWOL||1|Stk.|Home|Haushalt|Kochen & Backen|Aufbewahrung|Vorratsdosen|Gawol Gebäck- und Aufbewahrungsdose||12,99 €|12,99 €||||||||||||||EUR|Home> Haushalt> Kochen & Backen> Aufbewahrung> Vorratsdosen> Gawol Gebäck- und Aufbewahrungsdose|https://www.mueller.at/p/gawol-gebaeck-und-aufbewahrungsdose-IPN3013850/|1 Stk.|groß in randloser Form, lebensmittelecht||||||||||||||||||||||Non-Organic||||{'Gewicht': '0.4', 'manufacturer': 'Gawol GmbH', 'Herstelleradresse': 'Am Schäferrain 2 - 4, 76437 Rastatt', 'Kontaktmöglichkeit': 'verkauf@gawol.com', 'Materialdetails': 'Weißblech', 'Material': 'Weißblech', 'Höhe': '8.3 cm', 'Breite': '26 cm', 'Tiefe': '20.2 cm', 'Inhalt': '1 Stk.'}||||||||Weißblech||||||0|0|3013850_1.png|https://static.mueller.de/pdzoom/4033051032184.webp||||||||||||||||||||||Gawol GmbH||||||||||1 Stk.|||True||3013850P|||||||||10
574379|mueller||||||||2024-10-28|Palmolive Cremedusche Naturals Milchproteine und Feuchtigkeitsmilch|PALMOLIVE||250|ml|Home|Drogerie|Pflege|Körperpflege|Duschen|Palmolive Cremedusche Naturals Milchproteine und Feuchtigkeitsmilch||1,65 €|1,65 €|1,65 €|1,45 €||||12%|Sie sparen 12%||||5,80 € / 1 l|||EUR|Home> Drogerie> Pflege> Körperpflege> Duschen> Palmolive Cremedusche Naturals Milchproteine und Feuchtigkeitsmilch|https://www.mueller.at/p/palmolive-cremedusche-naturals-milchproteine-und-feuchtigkeitsmilch-574379/|250 ml|||||||||||||||||||||||Non-Organic||||{'manufacturer': 'CP GABA GmbH', 'Herstelleradresse': 'Alsterufer 1-3 Hamburg - 20354', 'Kontaktmöglichkeit': '+49 (0) 40-7319- 0', 'package_contents': 'Aqua, Sodium Laureth Sulfate, Sodium Chloride, Cocamidopropyl Betaine, Lauryl Hydroxysultaine, Parfum, Sodium Salicylate, Sodium Benzoate, Glycol Distearate, Glycerin, Polyquaternium-7, Citric Acid, Coco-Glucoside, Tetrasodium EDTA, PEG-150 Pentaerythrityl Tetrastearate, Glyceryl Oleate, Glyceryl Stearate, PPG-2 Hydroxyethyl Cocamide, Lactose, Whey Protein, Benzyl Salicylate, Hexyl Cinnamal.', 'Inhalt': '250 ml', 'Produkttyp': 'Duschgel'}||||||||||||||4.6667|3|574379_1.png|https://static.mueller.de/pdzoom/8714789732916_1.webp|574379_2.png|https://static.mueller.de/markant_08714789732916_pd_5019318/pdzoom/palmolive-cremedusche-naturals-milchproteine-und-feuchtigkeitsmilch.webp|574379_3.png|https://static.mueller.de/markant_08714789732916_pd_2831702/pdzoom/palmolive-cremedusche-naturals-milchproteine-und-feuchtigkeitsmilch.webp|574379_4.png|https://static.mueller.de/markant_08714789732916_pd_5019320/pdzoom/palmolive-cremedusche-naturals-milchproteine-und-feuchtigkeitsmilch.webp|574379_5.png|https://static.mueller.de/markant_08714789732916_pd_5019192/pdzoom/palmolive-cremedusche-naturals-milchproteine-und-feuchtigkeitsmilch.webp|574379_6.png|https://static.mueller.de/markant_08714789732916_pd_2831699/pdzoom/palmolive-cremedusche-naturals-milchproteine-und-feuchtigkeitsmilch.webp||||||||||||CP GABA GmbH||||||||||250 ml|Aqua, Sodium Laureth Sulfate, Sodium Chloride, Cocamidopropyl Betaine, Lauryl Hydroxysultaine, Parfum, Sodium Salicylate, Sodium Benzoate, Glycol Distearate, Glycerin, Polyquaternium-7, Citric Acid, Coco-Glucoside, Tetrasodium EDTA, PEG-150 Pentaerythrityl Tetrastearate, Glyceryl Oleate, Glyceryl Stearate, PPG-2 Hydroxyethyl Cocamide, Lactose, Whey Protein, Benzyl Salicylate, Hexyl Cinnamal.||True||574379P|||||||||10
3013858|mueller||||||||2024-10-28|p:os Brotdose Paw Patrol|POS||1|Stk.|Home|Haushalt|Kochen & Backen|Aufbewahrung|Brotdosen|p:os Brotdose Paw Patrol||7,99 €|7,99 €||||||||||||||EUR|Home> Haushalt> Kochen & Backen> Aufbewahrung> Brotdosen> p:os Brotdose Paw Patrol|https://www.mueller.at/p/p-os-brotdose-paw-patrol-IPN3013858/|1 Stk.|p:os Brotdose Paw Patrol||||||||||||||||||||||Non-Organic||||{'Fassungsvermögen': '600 ml', 'manufacturer': 'p:os handels gmbh', 'Herstelleradresse': 'Ostenallee 1-3, 59063 Hamm', 'Kontaktmöglichkeit': 'info@pos-germany.de', 'Materialdetails': 'Polypropylen', 'Material': 'Polypropylen', 'Höhe': '6.5 cm', 'Breite': '16.5 cm', 'Tiefe': '12 cm', 'Inhalt': '1 Stk.'}||||||||Polypropylen||||||0|0|3013858_1.png|https://static.mueller.de/pdzoom/4043891369937.webp||||||||||||||||||||||p:os handels gmbh||||||||||1 Stk.|||True||3013858P|||||||||10
2786980|mueller||||||||2024-10-28|DR.HAUSCHKA Pflegelotion Mittagsblume|DR. HAUSCHKA||145|ml|Home|Parfümerie|Pflege|Körperpflege|Pflege|DR.HAUSCHKA Pflegelotion Mittagsblume||22,50 €|22,50 €|||||||||||155,17 € / 1 l|||EUR|Home> Parfümerie> Pflege> Körperpflege> Pflege> DR.HAUSCHKA Pflegelotion Mittagsblume|https://www.mueller.at/p/dr-hauschka-pflegelotion-mittagsblume-IPN2786980/|145 ml|Die Dr. Hauschka MED Pflegelotion Mittagsblume stärkt die sehr trockene, schuppige, spannende Haut und verleiht ein angenehm gepflegtes Hautgefühl, ohne einen Fettglanz zu hinterlassen. Die Komposition mit feuchtigkeitsaktivierendem Mittagsblumen-Presssaft und hochwertigen Pflanzenölen stärkt die hauteigenen Widerstandskräfte und die Barrierefunktion der Haut. Der kostbare, frisch gepresste Saft der Mittagsblume versorgt die Haut mit Feuchtigkeit und hilft ihr, diese anhaltend zu bewahren. Die Kombination aus Avocadoöl, Mangobutter, Sheabutter sowie Mandel- und Jojobaöl ist genau auf die Bedürfnisse der sehr trockenen und neurodermitischen Haut abgestimmt. Die sehr gut einziehende Lotion mildert spürbar und nachhaltig Hauttrockenheit, reduziert Spannungsgefühle und beugt Juckreiz vor. Studien bestätigen die sehr gute Hautverträglichkeit und Pflegewirkung auch bei Neurodermitis. Die Pflegelotion Mittagsblume ist bewusst unparfümiert und auch für Säuglinge geeignet.||||||||||||||||||||||Non-Organic||||"{'target_group': 'Damen|Herren|Unisex', 'manufacturer': 'WALA Heilmittel GmbH', 'Herstelleradresse': 'Dorfstraße 1, Bad Boll/Eckwälden', 'Kontaktmöglichkeit': 'service@drhauschka.de', 'Anwendungshinweis': 'Täglich großflächig auf den gesamten Körper auftragen.', 'package_contents': 'Aqua, Mesembryanthemum Crystallinum Juice, Glycerin, Alcohol, Persea Gratissima Oil, Simmondsia Chinensis Seed Oil, Prunus Amygdalus Dulcis Oil, Tapioca Starch, Cera Alba, Lanolin, Lysolecithin, Mangifera Indica Seed Butter, Butyrospermum Parkii Butter, Daucus Carota Sativa Root Extract, Rosmarinus Officinalis Leaf Extract, Chondrus Crispus Extract, Helianthus Annuus Seed Oil, Sucrose Stearate, Sucrose Distearate, Glyceryl Stearate, Hectorite, Xanthan Gum, Stearic Acid, Amyris Balsamifera Bark Oil, Sodium Stearoyl Lactylate.', 'Inhalt': '145 ml', 'scope_of_application': 'Pflege', 'Produkttyp': 'Lotion'}"||||||||||||||0|0|2786980_1.png|https://static.mueller.de/pdzoom/4020829092051.webp||||||||||||||||||||||WALA Heilmittel GmbH||||||||||145 ml|Aqua, Mesembryanthemum Crystallinum Juice, Glycerin, Alcohol, Persea Gratissima Oil, Simmondsia Chinensis Seed Oil, Prunus Amygdalus Dulcis Oil, Tapioca Starch, Cera Alba, Lanolin, Lysolecithin, Mangifera Indica Seed Butter, Butyrospermum Parkii Butter, Daucus Carota Sativa Root Extract, Rosmarinus Officinalis Leaf Extract, Chondrus Crispus Extract, Helianthus Annuus Seed Oil, Sucrose Stearate, Sucrose Distearate, Glyceryl Stearate, Hectorite, Xanthan Gum, Stearic Acid, Amyris Balsamifera Bark Oil, Sodium Stearoyl Lactylate.||True||2786980P|||||||||10
2640670|mueller||||||||2024-10-28|ARTIST Professional Farbglanz + Repair Spülung|ARTIST||200|ml|Home|Drogerie|Pflege|Haarpflege|Haarpflege|Haarspülung|ARTIST Professional Farbglanz + Repair Spülung|1,65 €|1,65 €|||||||||||8,25 € / 1 l|||EUR|Home> Drogerie> Pflege> Haarpflege> Haarpflege> Haarspülung> ARTIST Professional Farbglanz + Repair Spülung|https://www.mueller.at/p/artist-professional-farbglanz-repair-spuelung-IPN2640670/|200 ml|ARTIST Professional Farbglanz + Repair Spülung||||||||||||||||||||||Non-Organic||||"{'hair_type': 'coloriertes Haar|strapaziertes Haar', 'Effekt': 'Farbschutz|Glanz', 'manufacturer': 'Emil Kiessling GmbH', 'Herstelleradresse': 'Obere Lerch 40, 91166 Georgensgmünd', 'Kontaktmöglichkeit': 'www.mueller.eu', 'package_contents': 'Aqua, Cetearyl Alcohol, Glycerin, Distearoylethyl Hydroxyethylmonium Methosulfate, Isopropyl Palmitate, Dicaprylyl Ether, Behentrimonium Chloride, Parfum, Cetrimonium Chloride, Prunus Armeniaca Kernel Oil, Phenoxyethanol, Panthenol, Isopropyl Alcohol, Benzophenone-4, Hydrolyzed Wheat Protein, Tocopherol, Benzyl Alcohol, Sodium Hydroxide, Citric Acid, Hydrolyzed Corn Protein, Hydrolyzed Soy Protein, Sodium Benzoate, Lycium Barbarum Fruit Extract, Helianthus Annuus Seed Oil', 'product_property': 'reinigend', 'Inhalt': '200 ml', 'Produkttyp': 'Haarspülung & Conditioner'}"||||||||||||||3.0|1|2640670_1.png|https://static.mueller.de/pdzoom/2200264067018.webp||||||||||||||||||||||Emil Kiessling GmbH||||||||||200 ml|Aqua, Cetearyl Alcohol, Glycerin, Distearoylethyl Hydroxyethylmonium Methosulfate, Isopropyl Palmitate, Dicaprylyl Ether, Behentrimonium Chloride, Parfum, Cetrimonium Chloride, Prunus Armeniaca Kernel Oil, Phenoxyethanol, Panthenol, Isopropyl Alcohol, Benzophenone-4, Hydrolyzed Wheat Protein, Tocopherol, Benzyl Alcohol, Sodium Hydroxide, Citric Acid, Hydrolyzed Corn Protein, Hydrolyzed Soy Protein, Sodium Benzoate, Lycium Barbarum Fruit Extract, Helianthus Annuus Seed Oil||True||2640670P|||||||||10
2640671|mueller||||||||2024-10-28|ARTIST Professional Farbglanz + Repair Shampoo|ARTIST||250|ml|Home|Drogerie|Pflege|Haarpflege|Haarwäsche|Haarshampoo|ARTIST Professional Farbglanz + Repair Shampoo|1,65 €|1,65 €|||||||||||6,60 € / 1 l|||EUR|Home> Drogerie> Pflege> Haarpflege> Haarwäsche> Haarshampoo> ARTIST Professional Farbglanz + Repair Shampoo|https://www.mueller.at/p/artist-professional-farbglanz-repair-shampoo-IPN2640671/|250 ml|Mit wertvollem Aprikosenkernöl, hochwertigem Gojibeerenextrakt und Farbglanzformel. Milde Rezeptur für die sanfte Reinigung von Kopfhaut und Haar. Professionelle Pflegeformel mit Aprikosenkernöl und Gojibeerenextrakt. Gleicht Strukturschäden aus für seidige Geschmeidigkeit und strahlend schöne Farbe. Tipp: Für ein optimales Pflegeergebnis empfehlen wir die kombinierte Anwendung mit Artist Farbglanz & Repair Spülung und Haarkur.||||||||||||||||||||||Non-Organic||||"{'hair_type': 'coloriertes Haar|strapaziertes Haar', 'Effekt': 'Farbschutz|Glanz', 'manufacturer': 'Emil Kiessling GmbH', 'Herstelleradresse': 'Obere Lerch 40, 91166 Georgensgmünd', 'Kontaktmöglichkeit': 'www.mueller.eu', 'package_contents': 'Aqua, Sodium Laureth Sulfate, Cocamidopropyl Betaine, Sodium Chloride, PEG-18 Glyceryl Oleate/Cocoate, Parfum, PEG-40 Hydrogenated Castor Oil, Glycol Distearate, Coco-Glucoside, Glycerin, PEG-7 Glyceryl Cocoate, Sodium Benzoate, Citric Acid, Guar Hydroxypropyltrimonium Chloride, Panthenol, Dicaprylyl Ether, Lauryl Alcohol, Hydrogenated Castor Oil, Sodium Formate, Glyceryl Oleate, Benzophenone-4, Prunus Armeniaca Kernel Oil, Hydrolyzed Wheat Protein, Benzyl Alcohol, Sodium Hydroxide, Tocopherol, Hydrolyzed Corn Protein, Hydrolyzed Soy Protein, Benzoic Acid, Phenoxyethanol, Lycium Barbarum Fruit Extract, Hydrogenated Vegetable Glycerides Citrate, Lecithin, Ascorbyl Palmitate.', 'product_property': 'reinigend', 'Inhalt': '250 ml', 'Produkttyp': 'Haarshampoo'}"||||||||||||||2.0|1|2640671_1.png|https://static.mueller.de/pdzoom/2200264067186.webp||||||||||||||||||||||Emil Kiessling GmbH||||||||||250 ml|Aqua, Sodium Laureth Sulfate, Cocamidopropyl Betaine, Sodium Chloride, PEG-18 Glyceryl Oleate/Cocoate, Parfum, PEG-40 Hydrogenated Castor Oil, Glycol Distearate, Coco-Glucoside, Glycerin, PEG-7 Glyceryl Cocoate, Sodium Benzoate, Citric Acid, Guar Hydroxypropyltrimonium Chloride, Panthenol, Dicaprylyl Ether, Lauryl Alcohol, Hydrogenated Castor Oil, Sodium Formate, Glyceryl Oleate, Benzophenone-4, Prunus Armeniaca Kernel Oil, Hydrolyzed Wheat Protein, Benzyl Alcohol, Sodium Hydroxide, Tocopherol, Hydrolyzed Corn Protein, Hydrolyzed Soy Protein, Benzoic Acid, Phenoxyethanol, Lycium Barbarum Fruit Extract, Hydrogenated Vegetable Glycerides Citrate, Lecithin, Ascorbyl Palmitate.||True||2640671P|||||||||10
3013860|mueller||||||||2024-10-28|Ritter Sport Mini Bunter Mix Turm|RITTER SPORT||150|g|Home|Drogerie|Lebensmittel|Süßigkeiten|Schokolade|Ritter Sport Mini Bunter Mix Turm||2,49 €|2,49 €|||||||||||16,60 € / 1 kg|||EUR|Home> Drogerie> Lebensmittel> Süßigkeiten> Schokolade> Ritter Sport Mini Bunter Mix Turm|https://www.mueller.at/p/ritter-sport-mini-bunter-mix-turm-IPN3013860/|150 g|"KONFETTI FÜR DIE SEELE. Geschmäcker sind bekanntlich verschieden. Wir hoffen, das trifft auch auf deine Freunde und Familie zu - denn dann wird es besonders viel Spaß machen, den Bunten mix Turm zu teilen. Ob knusprig, cremig, nussig oder doch lieber pur: Bei unseren sechs leckeren Sorten ist für jeden was dabei. Das geben wir dir gerne schwarz auf weiß. Oder in diesem Fall bunt auf Rot.

mini Turm mit 9 minis in den Sorten Alpenmilch, Knusperflakes, NussSplitter, Marzipan, Joghurt und Nugat
nachhaltige Kartonbox
vielseitiger mini Mix
100% zertifiziert nachhaltiger Kakaobezug
"||Vor Wärme und Feuchtigkeit schützen.|||||||||{'Nährwerte je': '100g', 'Brennwert': '2285 kj / 548 kcal', 'Fett in g': '33', '- davon gesättigte Fettsäuren in g': '18', 'Kohlenhydrate in g': '53', '- davon Zucker in g': '51', 'Eiweiß in g': '7,2', 'Salz in g': '0,19'}|||||||||||Non-Organic||||{'Lagerhinweis': 'Vor Wärme und Feuchtigkeit schützen.', 'manufacturer': 'Alfred Ritter GmbH & Co. KG', 'Herstelleradresse': 'D-71111 Waldenbuch Deutschland', 'Kontaktmöglichkeit': 'ritter-sport@office-direkt.de', 'Inhalt': '150 g', 'Zutaten': 'Zucker, Kakaobutter¹, Kakaomasse¹, VollMILCHpulver, Palmfett*, LAKTOSE, MagerMILCHpulver, HASELNUSSmasse, MagerMILCHjoghurtpulver, MANDELN (gemahlen), HASELNÜSSE (gehackt), BUTTERreinfett, Mais, Invertzuckersirup, Emulgator: Lecithine (SOJA), SAHNEpulver, Salz, GERSTEnmalzextrakt, Feuchthaltemittel: Invertase. *zertifiziert nachhaltig. Kann Spuren von Erdnüssen, anderen Schalenfrüchten und Ei enthalten. ¹Rainforest Alliance Certified', 'Produkttyp': 'Schokoladenartikel'}||||||||||||||0|0|3013860_1.png|https://static.mueller.de/pdzoom/4000417119605-VS.webp||||||||||||||||||||||Alfred Ritter GmbH & Co. KG||||||||||150 g|||True||3013860P|||||||||5
3013862|mueller||||||||2024-10-28|Ritter Sport Mini Knusper Mix Turm|RITTER SPORT||150|g|Home|Drogerie|Lebensmittel|Süßigkeiten|Schokolade|Ritter Sport Mini Knusper Mix Turm||2,49 €|2,49 €|||||||||||16,60 € / 1 kg|||EUR|Home> Drogerie> Lebensmittel> Süßigkeiten> Schokolade> Ritter Sport Mini Knusper Mix Turm|https://www.mueller.at/p/ritter-sport-mini-knusper-mix-turm-IPN3013862/|150 g|"KLINGT GANZ NACH DEINEM GESCHMACK. Schon gehört? Die beliebten Knusper-minis von RITTER SPORT gibt’s ab jetzt im leckeren Mix. Mit den drei Sorten Knusperflakes, Knusperkeks und der neuen Sorte Salted Caramel kannst du es ordentlich krachen lassen. Na, wie klingt das für dich? Finde es heraus und lass mal von dir hören. Wir sind gespannt!

mini Turm mit 9 minis in den Sorten Knusperflakes, Knusperkeks und Salted Caramel (NEU)
nachhaltige Kartonbox
praktisch zum Verstauen und wieder verschließbar
knuspriger mini Mix
neue innovative Sorte im Mix
100% zertifiziert nachhaltiger Kakaobezug
"||Vor Wärme und Feuchtigkeit schützen.|||||||||{'Nährwerte je': '100g', 'Brennwert': '2221 kj / 532 kcal', 'Fett in g': '30', '- davon gesättigte Fettsäuren in g': '18', 'Kohlenhydrate in g': '59', '- davon Zucker in g': '53', 'Eiweiß in g': '5,8', 'Salz in g': '0,35'}|||||||||||Non-Organic||||{'Lagerhinweis': 'Vor Wärme und Feuchtigkeit schützen.', 'manufacturer': 'Alfred Ritter GmbH & Co. KG', 'Herstelleradresse': 'D-71111 Waldenbuch Deutschland', 'Kontaktmöglichkeit': 'ritter-sport@office-direkt.de', 'Inhalt': '150 g', 'Zutaten': 'Zucker, Kakaobutter¹, Kakaomasse¹, VollMILCHpulver, LAKTOSE, MagerMILCHpulver, Palmfett*, WEIZENmehl, BUTTERreinfett, Mais, BUTTER, Glukosesirup, Emulgator: Lecithine (SOJA); Salz, WEIZENstärke, SAHNE, Glukose-Fruktose-Sirup, SüßMOLKEnpulver, GERSTEnmalzextrakt. *zertifiziert nachhaltig. Kann Spuren von Erdnüssen, Schalenfrüchten und Ei enthalten. ¹Rainforest Alliance Certified', 'Produkttyp': 'Schokoladenartikel'}||||||||||||||0|0|3013862_1.png|https://static.mueller.de/pdzoom/4000417113207-VS.webp||||||||||||||||||||||Alfred Ritter GmbH & Co. KG||||||||||150 g|||True||3013862P|||||||||5
3013863|mueller||||||||2024-10-28|p:os Brotdose Frozen|POS||1|Stk.|Home|Haushalt|Kochen & Backen|Aufbewahrung|Brotdosen|p:os Brotdose Frozen||7,99 €|7,99 €||||||||||||||EUR|Home> Haushalt> Kochen & Backen> Aufbewahrung> Brotdosen> p:os Brotdose Frozen|https://www.mueller.at/p/p-os-brotdose-frozen-IPN3013863/|1 Stk.|p:os Brotdose Frozen||||||||||||||||||||||Non-Organic||||{'Fassungsvermögen': '600 ml', 'manufacturer': 'p:os handels gmbh', 'Herstelleradresse': 'Ostenallee 1-3, 59063 Hamm', 'Kontaktmöglichkeit': 'info@pos-germany.de', 'Materialdetails': 'Polypropylen', 'Material': 'Polypropylen', 'Höhe': '6.5 cm', 'Breite': '16.5 cm', 'Tiefe': '12 cm', 'Inhalt': '1 Stk.'}||||||||Polypropylen||||||0|0|3013863_1.png|https://static.mueller.de/pdzoom/4043891369906.webp||||||||||||||||||||||p:os handels gmbh||||||||||1 Stk.|||True||3013863P|||||||||10
3013864|mueller||||||||2024-10-28|Schaebens Koffein Augen Konzentrat|SCHAEBENS||5|Stk.|Home|Drogerie|Pflege|Gesichtspflege|Spezialpflege|Seren & Ampullen|Schaebens Koffein Augen Konzentrat|1,99 €|1,99 €|||||||||||3,98 € / 10 Stk.|||EUR|Home> Drogerie> Pflege> Gesichtspflege> Spezialpflege> Seren & Ampullen> Schaebens Koffein Augen Konzentrat|https://www.mueller.at/p/schaebens-koffein-augen-konzentrat-IPN3013864/|5 Stk.|"Schaebens Koffein Augen Konzentrat 

VEGAN

Spendet Feuchtigkeit 

•	Reduziert die Faltentiefe um bis zu 34 %*
•	Verringerung der Augenschatten um bis zu 39 %* Klinische Anwendungsstudie zeigt nach 4-wöchiger Anwendung eine Verbesserung der Hautfeuchtigkeit um bis zu 66% (ø 23%), eine Reduktion der Faltentiefe um bis zu 34% (ø 16%) und eine Verringerung der Augenschatten um bis zu 39% (ø 19%)."||Kühl, trocken und vor Licht geschützt aufbewahren.||||||||||||||||||||Non-Organic||||{'Lagerhinweis': 'Kühl, trocken und vor Licht geschützt aufbewahren.', 'target_group': 'Damen', 'manufacturer': 'Schaebens', 'Herstelleradresse': 'Europaallee 42, D-50226 Frechen', 'Kontaktmöglichkeit': 'www.schaebens.de', 'Anwendungshinweis': 'Anwendung: Den Verschluss der Kapsel abdrehen, das Konzentrat gleichmäßig mit den Fingerspitzen rund um die gereinigte Augenpartie auftragen und leicht einklopfen. Eine tägliche Anwendung wird empfohlen.', 'package_contents': 'Caprylic/Capric Triglyceride, Hydrogenated Dimer Dilinoley/Dimethylcarbonate Copolymer, Cellulose, Ethylhexyl Palmitate, Hydrogenated Rapeseed Oil, Hydrogenated Palm Oil, Mica, Silica, Caffeine, Crithmum Maritimum Extract, Sodium Hyaluronate, Glucomannan, Trihydroxystearin, CI 77891.', 'skin_type': 'alle Hauttypen', 'Inhalt': '5 Stk.', 'scope_of_application': 'Spezialpflege', 'Produkttyp': 'Serum'}||||||||||||||3.0|1|3013864_1.png|https://static.mueller.de/markant_04003573022208_pv_4625623/pdzoom/schaebens-koffein-augen-konzentrat.webp|3013864_2.png|https://static.mueller.de/markant_04003573022208_pr_4625624/pdzoom/schaebens-koffein-augen-konzentrat.webp||||||||||||||||||||Schaebens||||||||||5 Stk.|Caprylic/Capric Triglyceride, Hydrogenated Dimer Dilinoley/Dimethylcarbonate Copolymer, Cellulose, Ethylhexyl Palmitate, Hydrogenated Rapeseed Oil, Hydrogenated Palm Oil, Mica, Silica, Caffeine, Crithmum Maritimum Extract, Sodium Hyaluronate, Glucomannan, Trihydroxystearin, CI 77891.||True||3013864P||||Hinweise: Nicht schlucken. Von Kindern fernhalten. Nicht in Augen, Mund und Nase bringen.|||||10
3013865|mueller||||||||2024-10-28|Ritter Sport Mini Voll-Nuss Mix Turm|RITTER SPORT||150|g|Home|Drogerie|Lebensmittel|Süßigkeiten|Schokolade|Ritter Sport Mini Voll-Nuss Mix Turm||2,49 €|2,49 €|||||||||||16,60 € / 1 kg|||EUR|Home> Drogerie> Lebensmittel> Süßigkeiten> Schokolade> Ritter Sport Mini Voll-Nuss Mix Turm|https://www.mueller.at/p/ritter-sport-mini-voll-nuss-mix-turm-IPN3013865/|150 g|"KANNSTE KNACKEN. Warum ist unser Nuss-Mix so unheimlich knackig? Liegt es an den leckeren Voll-Nuss-Sorten in Weiß, Dunkel und Vollmilch? Oder am knackigen Design des mini Turms? Oder daran, dass sie nach einem knackigen Tag die perfekte Stärkung sind? Eines ist sicher: Um das Rätsel zu knacken, musst du sie selbst probieren!

mini Turm mit 7 minis in den Sorten Voll-Nuss, Weisse Voll-Nuss und Dunkle Voll-Nuss
nachhaltige Kartonbox
praktisch zum Verstauen und wieder verschließbar
nussiger mini Mix
100% zertifiziert nachhaltiger Kakaobezug
"||Vor Wärme und Feuchtigkeit schützen.|||||||||{'Nährwerte je': '100g', 'Brennwert': '2364 kj / 568 kcal', 'Fett in g': '37', '- davon gesättigte Fettsäuren in g': '16', 'Kohlenhydrate in g': '49', '- davon Zucker in g': '47', 'Eiweiß in g': '7,3', 'Salz in g': '0,11'}|||||||||||Non-Organic||||{'Lagerhinweis': 'Vor Wärme und Feuchtigkeit schützen.', 'manufacturer': 'Alfred Ritter GmbH & Co. KG', 'Herstelleradresse': 'D-71111 Waldenbuch Deutschland', 'Kontaktmöglichkeit': 'ritter-sport@office-direkt.de', 'Inhalt': '150 g', 'Zutaten': 'Zucker, HASELNÜSSE, Kakaobutter¹, Kakaomasse¹, VollMILCHpulver, LAKTOSE, BUTTERreinfett, MagerMILCHpulver, Emulgator: Lecithine (SOJA). Kann Spuren von Erdnüssen, anderen Schalenfrüchten, glutenhaltigem Getreide und Ei enthalten. ¹Rainforest Alliance Certified', 'Produkttyp': 'Schokoladenartikel'}||||||||||||||0|0|3013865_1.png|https://static.mueller.de/pdzoom/4000417117304-VS.webp||||||||||||||||||||||Alfred Ritter GmbH & Co. KG||||||||||150 g|||True||3013865P|||||||||5
3013867|mueller||||||||2024-10-28|p:os Brotdose Peppa Pig|POS||1|Stk.|Home|Haushalt|Kochen & Backen|Aufbewahrung|Brotdosen|p:os Brotdose Peppa Pig||7,99 €|7,99 €||||||||||||||EUR|Home> Haushalt> Kochen & Backen> Aufbewahrung> Brotdosen> p:os Brotdose Peppa Pig|https://www.mueller.at/p/p-os-brotdose-peppa-pig-IPN3013867/|1 Stk.|p:os Brotdose Peppa Pig||||||||||||||||||||||Non-Organic||||{'Fassungsvermögen': '600 ml', 'manufacturer': 'p:os handels gmbh', 'Herstelleradresse': 'Ostenallee 1-3, 59063 Hamm', 'Kontaktmöglichkeit': 'info@pos-germany.de', 'Materialdetails': 'Polypropylen', 'Material': 'Polypropylen', 'Höhe': '6.5 cm', 'Breite': '16.5 cm', 'Tiefe': '12 cm', 'Inhalt': '1 Stk.'}||||||||Polypropylen||||||0|0|3013867_1.png|https://static.mueller.de/pdzoom/4043891369876.webp||||||||||||||||||||||p:os handels gmbh||||||||||1 Stk.|||True||3013867P|||||||||10
3013869|mueller||||||||2024-10-28|AEG Stabmixer HB4-1-6CE Deli 4|AEG||1|Stk.|Home|Haushalt|Kochen & Backen|Küchengeräte|Mixer|AEG Stabmixer HB4-1-6CE Deli 4||69,95 €|69,95 €|69,95 €|49,99 €||||29%|Sie sparen 29%|||||||EUR|Home> Haushalt> Kochen & Backen> Küchengeräte> Mixer> AEG Stabmixer HB4-1-6CE Deli 4|https://www.mueller.at/p/aeg-stabmixer-hb4-1-6ce-deli-4-IPN3013869/|1 Stk.|"Perfekte Ergebnisse auf Knopfdruck
Genießen Sie eine hervorragende Mixleistung dank TruFlow®-Technologie. Das Deli 4 Stabmixer-Set bietet Ihnen Leistung, Komfort und perfekt gemixte Speisen. Ein Küchenwerkzeug, auf das Sie sich immer verlassen können.

Ideale Ergebnisse dank TruFlow® Technologie Dank TruFlow®-Technologie können Sie Zutaten zu leckeren, perfekt gemixten Ergebnissen verarbeiten.
Kraftvoll und leistungsstark Der leistungsstarke 600 W Motor bietet Ihnen die Möglichkeit, auf einfache Weise Suppen, Teige, Pesto und Saucen zuzubereiten – mit sämigen und köstlichen Ergebnissen für Sie und die ganze Familie.
Umfangreiches Zubehör Smoothies, Salsas, Pürees, Suppen oder gehackte Zwiebeln. Dieses multifunktionale Küchenwerkzeug macht Sie zum Chefkoch in der heimischen Küche. Dieser Stabmixer wird mit Schneebesen, Messbecher und Zerkleinerer geliefert.
Geschwindigkeit und Turbo-Funktion Der Turboknopf bietet direkten Zugriff auf die volle Leistung, für schnelle und sämige Ergebnisse.
Leistung: 600W
Geschindigkeit: Bis zu 16.000 U/Min (Turbo-Funktion)
Messer: 2 Klingen Edelstahl-Messer
Mixfuß: Edelstahl, spülmaschinenfest
Messebecher: 0,6l Smoothie Becher
Zerkleinerer: 0,6l mit Aufbewahrungsdeckel, spülmaschinenfest
Kabellänge: 1,2m
Gewicht: 1,16kg
Produktmaße (mm): 401 x 55 x 91
Farbe: weiß / silber
"||||||||||||||||||||||Non-Organic||||{'Modellnummer': 'HB4-1-6CE Deli 4', 'special_function': 'Mixer, Mixfuß, Meßbecher, Zerkleinerer', 'manufacturer': 'Electrolux Hausgeräte GmbH', 'Herstelleradresse': 'Fürtherstr 246; 90429 Nürnberg', 'Kontaktmöglichkeit': 'info@electrolux.de', 'Anwendungshinweis': 'Vor der Inbetriebnahme bitte unbedingt die Bedienungsanleitung und die Sicherheitshinweise gewissenhaft durchlesen.', 'Höhe': '40.1 cm', 'Breite': '5.5 cm', 'Tiefe': '9.1 cm', 'Inhalt': '1 Stk.'}|||||||HB4-1-6CE Deli 4|||||||0|0|3013869_1.png|https://static.mueller.de/pdzoom/7332543770649_PV.webp|3013869_2.png|https://static.mueller.de/pdzoom/7332543770649_7.webp|3013869_3.png|https://static.mueller.de/pdzoom/7332543770649_9.webp|3013869_4.png|https://static.mueller.de/pdzoom/7332543770649_4.webp|3013869_5.png|https://static.mueller.de/pdzoom/7332543770649_8.webp|3013869_6.png|https://static.mueller.de/pdzoom/7332543770649_10.webp||||||||||||Electrolux Hausgeräte GmbH||||||||||1 Stk.|||False||3013869P|||||||||1
2772297|mueller||||||||2024-10-28|Alnatura Bioland-Dinkelvollkornmehl|ALNATURA||1|kg|Home|Drogerie|Lebensmittel|Nahrung|Mehl & Getreide|Alnatura Bioland-Dinkelvollkornmehl||1,99 €|1,99 €|||||||||||1,99 € / 1 kg|||EUR|Home> Drogerie> Lebensmittel> Nahrung> Mehl & Getreide> Alnatura Bioland-Dinkelvollkornmehl|https://www.mueller.at/p/alnatura-bioland-dinkelvollkornmehl-2772297/|1 kg|Ein Bio-Dinkelvollkornmehl aus deutschem Bioland-Landbau – zum Backen von Brot und Brötchen, Kuchen. Mit dem Kauf dieses Produktes unterstützen Sie die Alnatura Bio-Bauern-Initiative für mehr Bio-Landbau in Deutschland.||Bitte trocken lagern und vor Wärme schützen.||||Kann Spuren von Soja, Milch, Mandel, Nüssen, Sellerie und Sesam enthalten.|||||{'Nährwerte je': '100g', 'Brennwert': '1489 kj / 352 kcal', 'Fett in g': '2,6', '- davon gesättigte Fettsäuren in g': '0,2', 'Kohlenhydrate in g': '64', '- davon Zucker in g': '1,2', 'Eiweiß in g': '14', 'Salz in g': '0,01'}|||||||||||Organic||||"{'Lagerhinweis': 'Bitte trocken lagern und vor Wärme schützen.', 'manufacturer': 'Alnatura GmbH', 'Herstelleradresse': 'Mahatma-Gandhi-Straße 7, 64295 Darmstadt', 'Öko-Kontrollstelle': 'DE-ÖKO-001', 'Allergenhinweis': 'Kann Spuren von Soja, Milch, Mandel, Nüssen, Sellerie und Sesam enthalten.', 'Inhalt': '1 kg', 'Bio': 'Ja', 'Eigenschaften': 'Vegan|vegetarisch gemaeß Rezeptur', 'Zutaten': 'DINKELVOLLKORNMEHL*¹ *aus biologischer Landwirtschaft ¹DINKEL IST EINE URWEIZENART.', 'Produkttyp': 'Mehl & Getreide'}"||||||||||||||0|0|2772297_1.png|https://static.mueller.de/7020563636-PV-0/pdzoom/alnatura-bioland-dinkelvollkornmehl.webp||||||||||||||||||||||Alnatura GmbH||||||||||1 kg|||True||2772297P|||||||||10
2879361|mueller||||||||2024-10-28|Catrice 18H HD Matte Powder Foundation|CATRICE||8|g|Home|Parfümerie|Make-up|Teint|Puder|Catrice 18H HD Matte Powder Foundation||5,95 €|5,95 €||||||||||||||EUR|Home> Parfümerie> Make-up> Teint> Puder> Catrice 18H HD Matte Powder Foundation|https://www.mueller.at/p/catrice-18h-hd-matte-powder-foundation-IPN2879359/|8 g|Bye-bye Hautglanz: Die 18H HD Matte Powder Foundation deckt wie eine flüssige Foundation und mattiert den Teint gleichzeitig wie ein Puder. Der mattierende Effekt hält bis zu 18h lang, zudem ist die Powder Foundation schweißfest und färbt nicht ab. Die einzigartige Textur besteht aus Hightech-Pigmenten in einer leichten, zartschmelzenden, gepressten Puderform. Sie fühlt sich schwerelos auf der Haut an, ist nicht komedogen und verleiht ein optisch glattes Hautbild mit Airbrush-Finish. Weiterer Pluspunkt: Mit einem LSF15 bietet das Produkt einen leichten UV-Schutz. Perfekt für das Make-up am Morgen oder für ein Touch-up on the go sind der integrierte Spiegel und das Schwämmchen, mit dem sich die Puder-Foundation ganz einfach auftragen lässt. Mattierende Foundation in PuderformLanganhaltend, schweißfest & färbt nicht abFür ein optisch glattes Hautbild mit Airbrush-Finish||||||||||||||||||||||Non-Organic||||"{'Effekt': 'langer Halt|Glättung|schützend|mattierend', 'Lichtschutzfaktor': '15', 'target_group': 'Damen', 'manufacturer': 'cosnova', 'Herstelleradresse': 'Am Limespark 2, D-65843 Sulzbach am Taunus', 'Kontaktmöglichkeit': 'service@cosnova.eu', 'Anwendungshinweis': 'Die Textur lässt sich mit dem Make-up-Schwämmchen optimal auftragen und verblenden. Am besten nach dem Auftragen die Textur einklopfen und gut einarbeiten - schon ist der Teint perfekt grundiert. Damit das Make-up besonders gut und lange hält, kann vorher ein Primer aufgetragen werden.', 'package_contents': 'MICA, SYNTHETIC FLUORPHLOGOPITE, TITANIUM DIOXIDE (NANO), ZEA MAYS (CORN) STARCH, DIMETHICONE, MAGNESIUM STEARATE, CAPRYLIC/CAPRIC TRIGLYCERIDE, STEARIC ACID, LAUROYL LYSINE, HYDROXYACETOPHENONE, DIMETHICONOL, MYRICA PUBESCENS FRUIT CERA (MYRICA PUBESCENS FRUIT WAX), CAPRYLYL GLYCOL, 1,2-HEXANEDIOL, ALUMINUM HYDROXIDE, CI 77491 (IRON OXIDES), CI 77492 (IRON OXIDES), CI 77499 (IRON OXIDES), CI 77891 (TITANIUM DIOXIDE).', 'Farbnummer': '020N', 'Farbe': '020N', 'Deckkraft': 'mittel', 'skin_type': 'reife Haut', 'Inhalt': '8 g', 'scope_of_application': 'Gesicht', 'Produktart': 'Grundierung', 'Produkttyp': 'Puder'}"||||||020N||||||||3.6667|6|2879361_1.png|https://static.mueller.de/markant_04059729393784_pv_4539677/pdzoom/catrice-18h-hd-matte-powder-foundation.webp|2879361_2.png|https://static.mueller.de/markant_04059729393784_pd_4947944/pdzoom/catrice-18h-hd-matte-powder-foundation.webp|2879361_3.png|https://static.mueller.de/markant_04059729393784_pd_4046542/pdzoom/catrice-18h-hd-matte-powder-foundation.webp|2879361_4.png|https://static.mueller.de/markant_04059729393784_pd_4046544/pdzoom/catrice-18h-hd-matte-powder-foundation.webp|2879361_5.png|https://static.mueller.de/markant_04059729393784_pd_4539679/pdzoom/catrice-18h-hd-matte-powder-foundation.webp|2879361_6.png|https://static.mueller.de/markant_04059729393784_pd_4539678/pdzoom/catrice-18h-hd-matte-powder-foundation.webp||||||||||||cosnova||||||||||8 g|MICA, SYNTHETIC FLUORPHLOGOPITE, TITANIUM DIOXIDE (NANO), ZEA MAYS (CORN) STARCH, DIMETHICONE, MAGNESIUM STEARATE, CAPRYLIC/CAPRIC TRIGLYCERIDE, STEARIC ACID, LAUROYL LYSINE, HYDROXYACETOPHENONE, DIMETHICONOL, MYRICA PUBESCENS FRUIT CERA (MYRICA PUBESCENS FRUIT WAX), CAPRYLYL GLYCOL, 1,2-HEXANEDIOL, ALUMINUM HYDROXIDE, CI 77491 (IRON OXIDES), CI 77492 (IRON OXIDES), CI 77499 (IRON OXIDES), CI 77891 (TITANIUM DIOXIDE).||True||2879361P|||||||||10
574316|mueller||||||||2024-10-28|Revell 04544 - Space Shuttle Atlantis|REVELL||1|Stk.|Home|Spielwaren|Modellbau & Modelleisenbahn|Modellbau|Raumfahrt & Fantasy|Revell 04544 - Space Shuttle Atlantis||24,99 €|24,99 €||||||||||||||EUR|Home> Spielwaren> Modellbau & Modelleisenbahn> Modellbau> Raumfahrt & Fantasy> Revell 04544 - Space Shuttle Atlantis|https://www.mueller.at/p/revell-04544-space-shuttle-atlantis-574316/|1 Stk.|"Space Shuttle AtlantisDas von der US-Raumfahrtbehörde NASA entwickelte ""Space Shuttle"" ist weltweit das einzige wieder verwendbare Raumtransportsystem. Es besteht aus den Komponenten Raumfähre (Orbiter), mit drei wieder verwendbaren Haupttriebwerken, einem externen Treibstofftank und zwei Feststoffraketen mit einem Startschub von insgesamt 12,46 MN (1.270.566 kp). Die Raumfähre kann gleichzeitig 24,5 Tonnen Nutzlast sowie 7 Astronauten in eine niedrige Erdumlaufbahn zwischen 200 und 650 Kilometer Bahnhöhe bringen. Seit dem 3. Oktober 1985 war die vierte Raumfähre ""Atlantis"" bei 35 Missionen im Einsatz. Im Jahre 2012 wurde das Shuttle-Programm nach über 30 Jahren eingestellt.Zum Modell: - Strukturierte Oberflächen- Nachbildung der Kachelstruktur- eine Astronautenfigur- Frachtraumtüren wahlweise zu öffnen- Fahrwerk wahlweise ein- oder ausgefahren zu bauen- ESA-Raumlaboratorium- Schachtschleuse- Weltraumteleskop- Transportarm (Ladearm)- Schubdüsen- Super-Abziehbild mit Wartungsmarkierungen und Kennungen der Raumfähren Discovery, Enterprise, Endeavour und Atlantis before 1998 sowie der Raumfähren Atlantis, Discovery und Endeavour after 1998Benötigte Farben: 301; 9; 79; 371; 8Zusatzfarben: 5; 91; 378; 99; 78; 90; 77"||||||||10 Jahre||||||||||||||Non-Organic||||{'target_group': 'Jugendliche', 'Artikelnummer des Herstellers': '04544', 'license': 'Revell Modellbau Raumfahrt & SciFi', 'Altersempfehlung ab': '10 Jahre', 'Altersempfehlung bis': '99 Jahre', 'Materialdetails': 'Kunststoff', 'Inhalt': '1 Stk.', 'Anzahl Teile': '64', 'Maßstab': 'ca. 1:145', 'Produkttyp': 'Space und Fantasy'}||||||||Kunststoff||||||0|0|574316_1.png|https://static.mueller.de/246795181-PB-0/pdzoom/revell-04544-space-shuttle-atlantis.webp|574316_2.png|https://static.mueller.de/246795181-PB-1/pdzoom/revell-04544-space-shuttle-atlantis.webp|574316_3.png|https://static.mueller.de/246795181-PB-2/pdzoom/revell-04544-space-shuttle-atlantis.webp|574316_4.png|https://static.mueller.de/246795181-PB-3/pdzoom/revell-04544-space-shuttle-atlantis.webp|574316_5.png|https://static.mueller.de/246795181-PB-4/pdzoom/revell-04544-space-shuttle-atlantis.webp|574316_6.png|https://static.mueller.de/246795181-PB-5/pdzoom/revell-04544-space-shuttle-atlantis.webp||||||||||||04544||||||||||1 Stk.|||True||574316P|||||||||10
2772296|mueller||||||||2024-10-28|Alnatura Bio Roggenvollkornmehl|ALNATURA||1000|g|Home|Drogerie|Lebensmittel|Nahrung|Mehl & Getreide|Alnatura Bio Roggenvollkornmehl||1,59 €|1,59 €|||||||||||1,59 € / 1 kg|||EUR|Home> Drogerie> Lebensmittel> Nahrung> Mehl & Getreide> Alnatura Bio Roggenvollkornmehl|https://www.mueller.at/p/alnatura-bio-roggenvollkornmehl-2772296/|1000 g|Ein Bio-Roggenvollkornmehl aus deutschem Demeter Bio-Landbau – für Sauerteigbrot und aromatische Brötchen. Mit dem Kauf dieses Produktes unterstützen Sie die Alnatura Bio-Bauern-Initiative für mehr Bio-Landbau in Deutschland. Bio-Qualität (Demeter) aus Deutschlandmit dem Kauf dieses Produktes unterstützen Sie die Alnatura Bio-Bauern-Initiative für mehr Bio-Landbau in Deutschlandaus dem vollen Korn gemahlen, alle Bestandteile (auch Keim und Randschichten) bleiben erhaltenfür aromatische Sauerteigbrote und -brötchen; wird in Kombination mit Weizen oder Dinkel zu Mischbrot verbacken||Bitte trocken lagern und vor Wärme schützen.,Conserver au sec et à l'abri de la chaleur.|||||||||{'Nährwerte je': '100  g', 'Brennwert': '1391 kj / 330 kcal', 'Fett in g': '2.1 g', '- davon gesättigte Fettsäuren in g': '0.3 g', 'Kohlenhydrate in g': '62.0 g', '- davon Zucker in g': '0.9 g', 'Ballaststoffe in g': '15.0 g', 'Eiweiß in g': '8.2 g', 'Salz in g': '0.01 g'}|||||||||||Organic||||"{'Lagerhinweis': ""Bitte trocken lagern und vor Wärme schützen.,Conserver au sec et à l'abri de la chaleur."", 'manufacturer': 'Alnatura GmbH', 'Herstelleradresse': 'Mahatma-Gandhi-Straße 7, DE-64295 Darmstadt', 'Kontaktmöglichkeit': 'www.alnatura.de', 'Öko-Kontrollstelle': 'DE-ÖKO-001', 'Inhalt': '1000 g', 'Bio': 'Ja', 'Zutaten': 'ROGGENVOLLKORNMEHL* *aus Demeter Bio-Landbau\nKann Spuren von Soja und Lupine enthalten'}"||||||||||||||5.0|1|2772296_1.png|https://static.mueller.de/markant_04104420236417_pv_5029213/pdzoom/alnatura-bio-roggenvollkornmehl.webp||||||||||||||||||||||Alnatura GmbH||||||||||1000 g|||True||2772296P||||Mehle und Teige sind nicht zum Rohverzehr bestimmt und müssen immer gut durcherhitzt werden.|||||10
2772287|mueller||||||||2024-10-28|TRENDSHOP Spardose Piratenschatz|TRENDSHOP||1|Stk.|Home|Haushalt|Wohnen & Dekorieren|Deko-Zubehör|TRENDSHOP Spardose Piratenschatz|||14,99 €|14,99 €||||||||||||||EUR|Home> Haushalt> Wohnen & Dekorieren> Deko-Zubehör> TRENDSHOP Spardose Piratenschatz|https://www.mueller.at/p/trendshop-spardose-piratenschatz-2772287/|1 Stk.|"Eine tolle Spardose, um etwas Geld zu sparen.

Maße: ca. 15,5 x 9,5 x 12 cm"||||||||||||||||||||||Non-Organic||||{'Höhe': '15.5 cm', 'Breite': '9.5 cm', 'Tiefe': '12 cm', 'Inhalt': '1 Stk.'}||||||||||||||0|0|2772287_1.png|https://static.mueller.de/pdzoom/2200277228796-va.webp|2772287_2.png|https://static.mueller.de/pdzoom/2200277228796-d1.webp||||||||||||||||||||||||||||||1 Stk.|||True||2772287P|||||||||1
2772288|mueller||||||||2024-10-28|UHU Fixierband Klebeband GRIZZLY TAPE|UHU||25|m|Home|Schreibwaren|Bastelbedarf|Kleber|UHU Fixierband Klebeband GRIZZLY TAPE|||11,49 €|11,49 €|||||||||||0,46 € / 1 m|||EUR|Home> Schreibwaren> Bastelbedarf> Kleber> UHU Fixierband Klebeband GRIZZLY TAPE|https://www.mueller.at/p/uhu-fixierband-klebeband-grizzly-tape-2772288/|25 m|Extrem starkes, widerstandsfähiges und witterungsbeständiges PE-extrudiertes Klebeband. Ideal zum Reparieren, Fixieren, Verstärken für innen und außen bei allen Witterungsbedingungen. D||||||||||||||||||||||Non-Organic||||{'scope_of_delivery': '25 m x 49 mm', 'manufacturer': 'UHU GmbH & Co. KG', 'Herstelleradresse': 'Postfach 15 52 ,77813 Bühl', 'Artikelnummer des Herstellers': '51690', 'Farbe': 'silber', 'Inhalt': '25 m', 'Produkttyp': 'Kleber'}||||||silber||||||||0|0|2772288_1.png|https://static.mueller.de/pdzoom/4026700516906neu06_06_2024.webp||||||||||||||||||||||UHU GmbH & Co. KG||||||||||25 m|||True||2772288P|||||||||18
3013801|mueller||||||||2024-10-28|Postindustrial Hometown Blues|||1|Stk.|Home|Multi-Media|Musik|Rock|Postindustrial Hometown Blues|||14,99 €|14,99 €||||||||||||||EUR|Home> Multi-Media> Musik> Rock> Postindustrial Hometown Blues|https://www.mueller.at/p/postindustrial-hometown-blues-IPN3013801/|1 Stk.|||||||||||||||||||||||Non-Organic||||{'medium': 'CD', 'Künstler': 'Big Special', 'Inhalt': '1 Stk.', 'Anzahl Medien im Artikel': '1', 'genre': 'Rock international', 'Label': 'SO RECORDI'}||||||||||||||0|0|3013801_1.png|https://static.mueller.de/pdzoom/phononet_0822166000249_pv_0822166000249-0600px-001.webp|3013801_2.png|https://static.mueller.de/pdzoom/phononet_0822166000249_pr_0822166000249-0600px-002.webp||||||||||||||||||||||||||||||1 Stk.|||True||3013801P|||||||||5
2169634|mueller||||||||2024-10-28|Heye Panoramapuzzle 1000 Teile - Alexander von Humboldt, Wharariki Beach|HEYE||1|Stk.|Home|Spielwaren|Spiele & Puzzles|Puzzles|1000 Teile|Heye Panoramapuzzle 1000 Teile - Alexander von Humboldt, Wharariki Beach||17,99 €|17,99 €|17,99 €|14,99 €||||17%|Sie sparen 17%|||||||EUR|Home> Spielwaren> Spiele & Puzzles> Puzzles> 1000 Teile> Heye Panoramapuzzle 1000 Teile - Alexander von Humboldt, Wharariki Beach|https://www.mueller.at/p/heye-panoramapuzzle-1000-teile-alexander-von-humboldt-wharariki-beach-2169634/|1 Stk.|"Vor dem idyllischen Wharariki-Sandstrand liegen die Archway Islands, eine Gruppe von malerischen Mini-Inseln mit zwei natürlichen Felsenbögen. Was für eine Aussicht!
Panorama Puzzle. 1.000 Teile Edition Alexander von Humboldt Puzzle-Bestseller beeindruckende Natur- und Tiermotive
Gelegte Größe (ca.) 94,5 x 32,6 cm"||||||||13 Jahre||||||||||||||Non-Organic||||{'target_group': 'Erwachsene', 'manufacturer': 'Hutter Trade GmbH & Co. KG', 'Herstelleradresse': 'Bgm. - Landmann - Platz 1-5 89312 Günzburg', 'Kontaktmöglichkeit': 'https://hutter-trade.com/', 'Artikelnummer des Herstellers': '3329816', 'license': 'Heye Panoramapuzzle', 'Altersempfehlung ab': '13 Jahre', 'Altersempfehlung bis': '99 Jahre', 'Materialdetails': 'Karton/Papier (Hauptsächlich)', 'Inhalt': '1 Stk.', 'Anzahl Teile': '1000', 'Produkttyp': 'Klassische Puzzles'}||||||||Karton/Papier (Hauptsächlich)||||||0|0|2169634_1.png|https://static.mueller.de/pdzoom/4001689298166.webp|2169634_2.png|https://static.mueller.de/5885294104-PV-0/pdzoom/heye-panoramapuzzle-1000-teile-alexander-von-humboldt-wharariki-beach.webp||||||||||||||||||||Hutter Trade GmbH & Co. KG||||||||||1 Stk.|||True||2169634P|||||||||10
61745|mueller||||||||2024-10-28|Seeberger Entsteinte Soft-Pflaumen getrocknet|SEEBERGER||200|g|Home|Drogerie|Lebensmittel|Nahrung|Nüsse & Trockenfrüchte|Seeberger Entsteinte Soft-Pflaumen getrocknet||4,49 €|4,49 €|||||||||||22,45 € / 1 kg|||EUR|Home> Drogerie> Lebensmittel> Nahrung> Nüsse & Trockenfrüchte> Seeberger Entsteinte Soft-Pflaumen getrocknet|https://www.mueller.at/p/seeberger-entsteinte-soft-pflaumen-getrocknet-61745/|200 g|"Die Seeberger Soft-Pflaumen sind bereits entsteint und können direkt aus der Tüte vernascht werden. 
Die saftigen Pflaumen stammen aus Chile und Kalifornien und sind ohne Zusatz von Konservierungsstoffen. Ohne ZuckerzusatzBesonders fruchtiger GeschmackSüß-saftigHochwertiges Seeberger Veredelungsverfahren"|,,|Vor Wärme und Feuchtigkeit geschützt aufbewahren. Nach dem Öffnen innerhalb weniger Tage aufbrauchen.,Store away from heat and moisture. Once opened consume within a few days.,À conserver à l´abri de la chaleur et de l´humidité. À consommer dans les jours suivant l´ouverture. Produit d’importation.||,,|||||||{'Nährwerte je': '100  g', 'Brennwert': '975 kj / 230 kcal', 'Fett in g': '0.5 g', '- davon gesättigte Fettsäuren in g': '0.1 g', 'Kohlenhydrate in g': '52.0 g', '- davon Zucker in g': '28.0 g', 'Eiweiß in g': '2.8 g', 'Salz in g': '0.02 g'}|||||||||||Non-Organic||||{'Lagerhinweis': 'Vor Wärme und Feuchtigkeit geschützt aufbewahren. Nach dem Öffnen innerhalb weniger Tage aufbrauchen.,Store away from heat and moisture. Once opened consume within a few days.,À conserver à l´abri de la chaleur et de l´humidité. À consommer dans les jours suivant l´ouverture.\nProduit d’importation.', 'manufacturer': 'Seeberger GmbH', 'Herstelleradresse': 'Hans-Lorenser-Str. 36, 89079 Ulm, Deutschland/Germany', 'Kontaktmöglichkeit': 'info@seeberger.de', 'Inhalt': '200 g', 'Nutzungshinweis': ',,', 'Produkttyp': 'Nüsse, Saaten & Trockenfrüchte'}||||||||||||||0|0|61745_1.png|https://static.mueller.de/markant_04008258291016_pv_3426661/pdzoom/seeberger-entsteinte-soft-pflaumen-getrocknet.webp|61745_2.png|https://static.mueller.de/markant_04008258291016_pd_2208137/pdzoom/seeberger-entsteinte-soft-pflaumen-getrocknet.webp||||||||||||||||||||Seeberger GmbH||||||||||200 g|||True||61745P||||Unter Schutzatmosphäre verpackt. #Achtung! Trotz sorgfältiger Entsteinung können Pflaumen noch vereinzelt Steinreste enthalten.,Packaged in a protective atmosphere. Caution! Even pitted prunes may, occasionally, contain stones or pieces of stone.,Conditionné sous atmosphère protectrice. Attention! Les pruneaux peuvent contenir des noyaux ou des éclats de noyaux.|||||10
3013814|mueller||||||||2024-10-28|The Waking Sun|||1|Stk.|Home|Multi-Media|Musik|Heavy Metal|The Waking Sun|||14,99 €|14,99 €||||||||||||||EUR|Home> Multi-Media> Musik> Heavy Metal> The Waking Sun|https://www.mueller.at/p/the-waking-sun-IPN3013814/|1 Stk.|||||||||||||||||||||||Non-Organic||||{'medium': 'CD', 'Künstler': 'El Moono', 'Inhalt': '1 Stk.', 'Anzahl Medien im Artikel': '1', 'genre': 'Metal', 'Label': 'LOCKJAW RE'}||||||||||||||0|0|3013814_1.png|https://static.mueller.de/pdzoom/phononet_0604565589088_pv_0604565589088-0600px-001.webp|3013814_2.png|https://static.mueller.de/pdzoom/phononet_0604565589088_pr_0604565589088-0600px-002.webp||||||||||||||||||||||||||||||1 Stk.|||True||3013814P|||||||||5
3013815|mueller||||||||2024-10-28|A Certain Scientific Railgun S Vol.2|||1|Stk.|Home|Multi-Media|Filme & TV|Anime|A Certain Scientific Railgun S Vol.2|||45,99 €|45,99 €||||||||||||||EUR|Home> Multi-Media> Filme & TV> Anime> A Certain Scientific Railgun S Vol.2|https://www.mueller.at/p/a-certain-scientific-railgun-s-vol-2-IPN3013815/|1 Stk.|Die Limited Edition Vol.2 mit den Folgen 07-12 mit deutscher Synchronisation und japanischem Originalton mit Untertiteln erscheint mit exklusiven Extras.|||||||||||||||Europa, Vorderasien, Afrika, Australien|||||||Non-Organic||||"{'medium': 'Blu-ray Disc', 'Untertitel': 'Deutsch', 'manufacturer': 'Rough Trade Distribution', 'Bildformat': 'HD', 'Inhalt': '1 Stk.', 'Produktionsjahr': '2013', 'Produktionsland': 'Japan', 'Regionalcode': 'Europa, Vorderasien, Afrika, Australien', 'Special Edition': 'Nein', 'Tonformat-Sprache': 'Deutsch,Japanisch', 'Hauptgenre': 'Anime|TV-Serie'}"||||||||||||||0|0|3013815_1.png|https://static.mueller.de/videojakob_4260497794301_pv_645762/pdzoom/a-certain-scientific-railgun-s-vol-2.webp||||||||||||||||||||||Rough Trade Distribution||||||||||1 Stk.|||True||3013815P|||||||||5
2786801|mueller||||||||2024-10-28|Purederm Miracle Solution Micro Fill patch - Lip&Eye|PUREDERM||2|Stk.|Home|Drogerie|Pflege|Gesichtspflege|Augenpflege|Purederm Miracle Solution Micro Fill patch - Lip&Eye||6,90 €|6,90 €|||||||||||34,50 € / 10 Stk.|||EUR|Home> Drogerie> Pflege> Gesichtspflege> Augenpflege> Purederm Miracle Solution Micro Fill patch - Lip&Eye|https://www.mueller.at/p/purederm-miracle-solution-micro-fill-patch-lip-eye-2786801/|2 Stk.|Die Purederm Miracle Solution Micro Fill Patch-Serie umfasst fortschrittliche, biologisch abbaubare Fillerbehandlungen, die Hyaluronsäure effektiv in die Haut einbringen und das ohne Schmerzen und Angst vor Nadeln.||||||||||||||||||||||Non-Organic||||"{'target_group': 'Herren|Unisex|Damen', 'manufacturer': 'ADWIN KOREA CORP.', 'Herstelleradresse': '212 Yeoksam-ro, Gangnam-gu, Seoul (06227)', 'Kontaktmöglichkeit': 'adwinkor.gobizkorea.com', 'dermatologically_tested': 'Nein', 'Anwendungshinweis': '1. Waschen Sie Ihr Gesicht und tupfen Sie es trocken. 2. Öffnen Sie die Verpackung und nehmen Sie den Miracle Solution Micro Fill Patch heraus. Entfernen Sie die weißen Folien von dem Pflegestreifen. Kleben Sie den Pflegestreifen auf die gewünschte Stelle und achten Sie darauf, dass die scharfe Seite zur Haut zeigt. 3. Entfernen Sie die transparente Folie von der Oberfläche des Pflegestreifens und drücken Sie diesen alle 2 Minuten 3-5 Mal senkrecht auf die Haut, um die Aufnahme der Wirkstoffe zu erleichtern. 4. Entfernen Sie den Pflegestreifen nach 2-3 Stunden und massieren Sie die verbleibenden Rückstände mit einer Creme oder einem Gesichtswasser sanft in die Haut ein. *Eine Anwendung von 2-3 mal pro Woche wird empfohlen.', 'package_contents': 'Sodium Hyaluronate, Xylitol, Hydrolyzed Hyaluronic Acid, Lonicera japonica (Honeysuckle) Flower Extract, Pulsatilla Koreana Extract, Zanthoxylum Piperitum Fruit Extract, Citrus Paradisi (Grapefruit) Fruit Extract', 'skin_type': 'alle Hauttypen', 'product_property': 'feuchtigkeitsspendend|regenerierend|straffend', 'Inhalt': '2 Stk.', 'scope_of_application': 'Augenpflege', 'Produkttyp': 'Pads'}"||||||||||||||4.3333|3|2786801_1.png|https://static.mueller.de/pdzoom/8809541191985_1_06092024.webp|2786801_2.png|https://static.mueller.de/pdzoom/8809541191985_2_06092024.webp||||||||||||||||||||ADWIN KOREA CORP.||||||||||2 Stk.|Sodium Hyaluronate, Xylitol, Hydrolyzed Hyaluronic Acid, Lonicera japonica (Honeysuckle) Flower Extract, Pulsatilla Koreana Extract, Zanthoxylum Piperitum Fruit Extract, Citrus Paradisi (Grapefruit) Fruit Extract||True||2786801P|||||||||10
3013816|mueller||||||||2024-10-28|A Certain Scientific Railgun S Vol.2|||1|Stk.|Home|Multi-Media|Filme & TV|Anime|A Certain Scientific Railgun S Vol.2|||45,99 €|45,99 €||||||||||||||EUR|Home> Multi-Media> Filme & TV> Anime> A Certain Scientific Railgun S Vol.2|https://www.mueller.at/p/a-certain-scientific-railgun-s-vol-2-IPN3013816/|1 Stk.|Die Limited Edition Vol.2 mit den Folgen 07-12 mit deutscher Synchronisation und japanischem Originalton mit Untertiteln erscheint mit exklusiven Extras.||||||||||||||||||||||Non-Organic||||"{'medium': 'DVD', 'Untertitel': 'Deutsch', 'manufacturer': 'Rough Trade Distribution', 'Bildformat': '16:9', 'Inhalt': '1 Stk.', 'Produktionsjahr': '2013', 'Produktionsland': 'Japan', 'Special Edition': 'Nein', 'Tonformat-Sprache': 'Deutsch,Japanisch', 'Hauptgenre': 'Anime|TV-Serie'}"||||||||||||||0|0|3013816_1.png|https://static.mueller.de/videojakob_4260497794295_pv_645761/pdzoom/a-certain-scientific-railgun-s-vol-2.webp||||||||||||||||||||||Rough Trade Distribution||||||||||1 Stk.|||True||3013816P|||||||||4
3013817|mueller||||||||2024-10-28|Haganai Next (Volume 2)|||1|Stk.|Home|Multi-Media|Filme & TV|Anime|Haganai Next (Volume 2)|||45,99 €|45,99 €||||||||||||||EUR|Home> Multi-Media> Filme & TV> Anime> Haganai Next (Volume 2)|https://www.mueller.at/p/haganai-next-volume-2-IPN3013817/|1 Stk.||||||||||||||||Europa, Vorderasien, Afrika, Australien|||||||Non-Organic||||"{'medium': 'Blu-ray Disc', 'Untertitel': 'Deutsch', 'manufacturer': 'Rough Trade Distribution', 'Bildformat': 'HD', 'Inhalt': '1 Stk.', 'Produktionsjahr': '2013', 'Produktionsland': 'Japan', 'Regionalcode': 'Europa, Vorderasien, Afrika, Australien', 'Special Edition': 'Nein', 'Tonformat-Sprache': 'Deutsch,Japanisch', 'packaging_type': 'Mediabook', 'Hauptgenre': 'Anime|TV-Serie'}"||||||||||||||0|0|3013817_1.png|https://static.mueller.de/videojakob_4260497793335_pv_671884/pdzoom/haganai-next-volume-2.webp||||||||||||||||||||||Rough Trade Distribution||||||||||1 Stk.|||True||3013817P|||||||||5
2786804|mueller||||||||2024-10-28|Purederm Miracle Solution Micro Fill patch - Under Eye|PUREDERM||2|Stk.|Home|Drogerie|Pflege|Gesichtspflege|Augenpflege|Purederm Miracle Solution Micro Fill patch - Under Eye||10,90 €|10,90 €|||||||||||54,50 € / 10 Stk.|||EUR|Home> Drogerie> Pflege> Gesichtspflege> Augenpflege> Purederm Miracle Solution Micro Fill patch - Under Eye|https://www.mueller.at/p/purederm-miracle-solution-micro-fill-patch-under-eye-2786804/|2 Stk.|Die Purederm Miracle Solution Micro Fill Patch-Serie umfasst fortschrittliche, biologisch abbaubare Fillerbehandlungen, die Hyaluronsäure effektiv in die Haut einbringen und das ohne Schmerzen und Angst vor Nadeln.||||||||||||||||||||||Non-Organic||||"{'target_group': 'Herren|Unisex|Damen', 'manufacturer': 'ADWIN KOREA CORP.', 'Herstelleradresse': '212 Yeoksam-ro, Gangnam-gu, Seoul (06227)', 'Kontaktmöglichkeit': 'adwinkor.gobizkorea.com', 'dermatologically_tested': 'Nein', 'Anwendungshinweis': '1. Waschen Sie Ihr Gesicht und tupfen Sie es trocken. 2. Öffnen Sie die Verpackung und nehmen Sie den Miracle Solution Micro Fill Patch heraus. Entfernen Sie die weißen Folien von dem Pflegestreifen. Kleben Sie den Pflegestreifen auf die gewünschte Stelle und achten Sie darauf, dass die scharfe Seite zur Haut zeigt. 3. Entfernen Sie die transparente Folie von der Oberfläche des Pflegestreifens und drücken Sie diesen alle 2 Minuten 3-5 Mal senkrecht auf die Haut, um die Aufnahme der Wirkstoffe zu erleichtern. 4. Entfernen Sie den Pflegestreifen nach 2-3 Stunden und massieren Sie die verbleibenden Rückstände mit einer Creme oder einem Gesichtswasser sanft in die Haut ein. *Eine Anwendung von 2-3 mal pro Woche wird empfohlen.', 'package_contents': 'Sodium Hyaluronate, Xylitol, Hydrolyzed Hyaluronic Acid, Lonicera japonica (Honeysuckle) Flower Extract, Pulsatilla Koreana Extract, Zanthoxylum Piperitum Fruit Extract, Citrus Paradisi (Grapefruit) Fruit Extract', 'skin_type': 'alle Hauttypen', 'product_property': 'feuchtigkeitsspendend|regenerierend|straffend', 'Inhalt': '2 Stk.', 'scope_of_application': 'Augenpflege', 'Produkttyp': 'Pads'}"||||||||||||||5.0|1|2786804_1.png|https://static.mueller.de/pdzoom/8809541191992_1_06092024.webp|2786804_2.png|https://static.mueller.de/pdzoom/8809541191992_2_06092024.webp||||||||||||||||||||ADWIN KOREA CORP.||||||||||2 Stk.|Sodium Hyaluronate, Xylitol, Hydrolyzed Hyaluronic Acid, Lonicera japonica (Honeysuckle) Flower Extract, Pulsatilla Koreana Extract, Zanthoxylum Piperitum Fruit Extract, Citrus Paradisi (Grapefruit) Fruit Extract||True||2786804P|||||||||10
2772270|mueller||||||||2024-10-28|Doppelherz Melatonin Spray|DOPPELHERZ||20|ml|Home|Drogerie|Lebensmittel|Nahrungsergänzung|Doppelherz Melatonin Spray|||7,25 €|7,25 €|||||||||||362,50 € / 1 l|||EUR|Home> Drogerie> Lebensmittel> Nahrungsergänzung> Doppelherz Melatonin Spray|https://www.mueller.at/p/doppelherz-melatonin-spray-2772270/|20 ml|"Ausreichender Schlaf ist wichtig für das Wohlbefinden. Der Schlaf besteht aus mehreren Schlafzyklen. Während des Schlafs laufen wichtige Prozesse im Körper ab. Ruhe und Entspannungsphasen wechseln sich mit Tiefschlafphasen ab. Erlebtes wird verarbeitet und Erlerntes wird gespeichert. 
Wie viel Schlaf ein Mensch benötigt ist unterschiedlich. Grundsätzlich gilt jedoch, dass die meisten Menschen mindestens sieben bis acht Stunden Schlaf pro Nacht brauchen. Melatonin hilft, die Einschlafzeit zu verkürzen.
Melatonin ist ein natürlicherweise vorkommendes Hormon, das von der Zirbeldrüse im Zwischenhirn gebildet wird. Die natürliche Melatoninbildung steigt nach Einsetzen der Dunkelheit ein und gipfelt um 2 bis 4 Uhr nachts. In der zweiten Nachthälfte fällt sie wieder ab. Mit dem Schlafhormon MelatoninHochdosiert –mg proSprühstößeMelatonin trägt dazu bei, die Einschlafzeit zur verkürzen. Damit sich die positive Wirkung einstellt, sollte kurz vor dem Schlafengehenmg Melatonin aufgenommen werden."||Trocken, vor Licht geschützt und nicht über 25°C lagern. Nach dem Öffnen innerhalb von 3 Monaten verbrauchen.||||Soja||||||||||||||||Non-Organic||||{'Lagerhinweis': 'Trocken, vor Licht geschützt und nicht über 25°C lagern. Nach dem Öffnen innerhalb von 3 Monaten verbrauchen.', 'manufacturer': 'Queisser Pharma GmbH & Co. KG', 'Herstelleradresse': 'Schleswiger Straße 74, 24914 Flensburg, Deutschland', 'Kontaktmöglichkeit': 'info@queisser.de', 'Allergenhinweis': 'Soja', 'Inhalt': '20 ml', 'Zutaten': 'Wasser, Emulgator Lecithine (SOJA), Ethanol, Melatonin, Konservierungsstoff Kaliumsorbat, Säureregulator Citronensäure, Pfefferminzöl, Süßungsmittel Sucralose, Farbstoff Riboflavin-5‘-phosphat, Eukalyptusöl, Kiefernnadelöl, Thymianöl\n\nEnthält 1 % Ethanol.', 'Produkttyp': 'Nahrungsergänzung', 'warning_notice': 'Die angegebene empfohlene tägliche Verzehrsmenge darf nicht überschritten werden. Nahrungsergänzungsmittel sollten nicht als Ersatz für eine ausgewogene und abwechslungsreiche Ernährung dienen. Achten Sie auf eine gesunde Lebensweise. Außerhalb der Reichweite von kleinen Kindern aufbewahren.'}||||||||||||||0|0|2772270_1.png|https://static.mueller.de/markant_04009932135886_pv_4801523/pdzoom/doppelherz-melatonin-spray.webp|2772270_2.png|https://static.mueller.de/markant_04009932135886_pr_4801546/pdzoom/doppelherz-melatonin-spray.webp|2772270_3.png|https://static.mueller.de/markant_04009932135886_pd_4799544/pdzoom/doppelherz-melatonin-spray.webp|2772270_4.png|https://static.mueller.de/markant_04009932135886_pd_4801630/pdzoom/doppelherz-melatonin-spray.webp||||||||||||||||Queisser Pharma GmbH & Co. KG||||||||||20 ml|||True||2772270P||||"Die angegebene empfohlene tägliche Verzehrsmenge darf nicht überschritten werden. Nahrungsergänzungsmittel sind kein Ersatz für eine ausgewogene und abwechslungsreiche Ernährung und gesunde Lebensweise. 
Für kleine Kinder unzugänglich aufbewahren.
Kinder, Jugendliche, Schwangere und Stillende sowie Personen, die an einer Leber-, Nieren-, oder Autoimmunkrankheit leiden, sollten das Nahrungsergänzungsmittel nicht anwenden. Personen, die Arzneimittel anwenden, sollten Melatonin nur nach Rücksprache mit dem Arzt oder Apotheker anwenden. Melatonin sollte nur kurzfristig maximal 3 Wochen angewendet werden.
Da Alkohol die Wirkung von Melatonin auf den Schlaf herabsetzt, sollte bei dem Verzehr von Melatonin kein Alkohol zusätzlich getrunken werden.
Kann bei übermäßigem Verzehr abführend wirken.

2 Sprühstöße vor dem Schlafengehen direkt auf die Zunge sprühen und schlucken.
Vor Gebrauch schütteln."|||||10
2786807|mueller||||||||2024-10-28|Holika Holika Aloe Cleansing Foam|HOLIKA HOLIKA||150|ml|Home|Drogerie|Pflege|Gesichtspflege|Reinigung|Gesichtsreiniger|Holika Holika Aloe Cleansing Foam|13,90 €|13,90 €|||||||||||92,67 € / 1 l|||EUR|Home> Drogerie> Pflege> Gesichtspflege> Reinigung> Gesichtsreiniger> Holika Holika Aloe Cleansing Foam|https://www.mueller.at/p/holika-holika-aloe-cleansing-foam-2786807/|150 ml|Dieser Reinigungsschaum verwandelt sich von einem Gel in einen Schaum und entfernt tote Hautzellen, Unreinheiten und Make-up für einen reinen Teint. Für alle Hauttypen geeignet.||||||||||||||||||||||Non-Organic||||"{'target_group': 'Herren|Unisex|Damen', 'manufacturer': 'Enprani. Co. Ltd., South-Korea.', 'Herstelleradresse': '88 Chukhang-daero 296beon-gil, Jung-gu Incheon, Incheon, 22341 Republic Of Korea', 'Kontaktmöglichkeit': 'www.enpranishop.com', 'dermatologically_tested': 'Nein', 'Anwendungshinweis': 'Verwenden Sie lauwarmes Wasser, um das Gel aufzuschäumen, massieren Sie es sanft ein und spülen Sie es dann ab.', 'package_contents': 'Aloe Barbadensis Leaf Juice, Water, Lauryl Hydroxysultaine, Myristic Acid, Lauric Acid, Cocamidopropyl Betaine, Potassium Hydroxide, Sodium Chloride, Sodium Lauroyl Sarcosinate, Phenoxyethanol, Fragrance, Chlorphenesin, Ethylhexylglycerin, Caprylyl Glycol, Disodium EDTA, Palmitic Acid, Capric Acid, Butylene Glycol, Betula Platyphylla Japonica Juice, Zea Mays (Corn) Silk Extract, Cucumis Sativus (Cucumber) Fruit Extract, Nelumbo Nucifera Flower Extract, Propylene Glycol, Glycerin, Citrullus Lanatus (Watermelon) Fruit Extract, Centella Asiatica Extract, Potassium Sorbate', 'product_property': 'reinigend|erfrischend|reizlindernd|feuchtigkeitsspendend', 'Inhalt': '150 ml', 'scope_of_application': 'Reinigung', 'Produkttyp': 'Reinigungsschaum'}"||||||||||||||0|0|2786807_1.png|https://static.mueller.de/7079328493-PV-0/pdzoom/holika-holika-aloe-cleansing-foam.webp||||||||||||||||||||||Enprani. Co. Ltd., South-Korea.||||||||||150 ml|Aloe Barbadensis Leaf Juice, Water, Lauryl Hydroxysultaine, Myristic Acid, Lauric Acid, Cocamidopropyl Betaine, Potassium Hydroxide, Sodium Chloride, Sodium Lauroyl Sarcosinate, Phenoxyethanol, Fragrance, Chlorphenesin, Ethylhexylglycerin, Caprylyl Glycol, Disodium EDTA, Palmitic Acid, Capric Acid, Butylene Glycol, Betula Platyphylla Japonica Juice, Zea Mays (Corn) Silk Extract, Cucumis Sativus (Cucumber) Fruit Extract, Nelumbo Nucifera Flower Extract, Propylene Glycol, Glycerin, Citrullus Lanatus (Watermelon) Fruit Extract, Centella Asiatica Extract, Potassium Sorbate||True||2786807P|||||||||10
2786809|mueller||||||||2024-10-28|Holika Holika Aloe 99% Soothing Gel 55Ml|HOLIKA HOLIKA||55|ml|Home|Drogerie|Pflege|Gesichtspflege|Tagespflege|Holika Holika Aloe 99% Soothing Gel 55Ml||5,90 €|5,90 €|||||||||||107,27 € / 1 l|||EUR|Home> Drogerie> Pflege> Gesichtspflege> Tagespflege> Holika Holika Aloe 99% Soothing Gel 55Ml|https://www.mueller.at/p/holika-holika-aloe-99-soothing-gel-55ml-2786809/|55 ml|Das beruhigende Gel lindert Rötungen und beruhigt sensible Bereiche des Gesichts und Körpers.||||||||||||||||||||||Non-Organic||||"{'target_group': 'Herren|Unisex|Damen', 'manufacturer': 'Enprani. Co. Ltd., South-Korea.', 'Herstelleradresse': '88 Chukhang-daero 296beon-gil, Jung-gu Incheon, Incheon, 22341 Republic Of Korea', 'Kontaktmöglichkeit': 'www.enpranishop.com', 'dermatologically_tested': 'Nein', 'Anwendungshinweis': 'Nach Bedarf so oft wie erforderlich auf die trockene und sensible Haut auftragen oder auch bei Haarspliss anwenden.', 'package_contents': 'Aloe Barbadensis Leaf Juice, Nelumbium Speciosum Flower Extract, Centella Asiatica Extract, Bambusa Vulgaris Extract, Cucumis Sativus (Cucumber) Fruit Extract, Zea Mays (Corn) Leaf Extract, Brassica Oleracea Capitata (Cabbage) Leaf Extract, Citrullus Lanatus (Watermelon) Fruit Extract, PEG-60 Hydrogenated Castor Oil, Sodium Polyacrylate, Carbomer, Triethanolamine, Fragrance, Phenoxyethanol', 'product_property': 'feuchtigkeitsspendend|erfrischend|reizlindernd|fettfrei', 'Inhalt': '55 ml', 'scope_of_application': 'Tagespflege', 'Produkttyp': 'Gel'}"||||||||||||||5.0|2|2786809_1.png|https://static.mueller.de/pdzoom/8806334360962_Holika_Holika_1.webp|2786809_2.png|https://static.mueller.de/pdzoom/8806334360962_Holika_Holika_3.webp|2786809_3.png|https://static.mueller.de/pdzoom/8806334360962_Holika_Holika_2.webp||||||||||||||||||Enprani. Co. Ltd., South-Korea.||||||||||55 ml|Aloe Barbadensis Leaf Juice, Nelumbium Speciosum Flower Extract, Centella Asiatica Extract, Bambusa Vulgaris Extract, Cucumis Sativus (Cucumber) Fruit Extract, Zea Mays (Corn) Leaf Extract, Brassica Oleracea Capitata (Cabbage) Leaf Extract, Citrullus Lanatus (Watermelon) Fruit Extract, PEG-60 Hydrogenated Castor Oil, Sodium Polyacrylate, Carbomer, Triethanolamine, Fragrance, Phenoxyethanol||False||2786809P|||||||||1
2772267|mueller||||||||2024-10-28|WIKING 077854 - Krampe Tandem-Halbrundmulde Halfpipe HP 20|WIKING||1|Stk.|Home|Spielwaren|Verkehr & Action|Fahr- & Flugzeuge|Fahrzeuge & Fluggeräte|WIKING 077854 - Krampe Tandem-Halbrundmulde Halfpipe HP 20||72,95 €|72,95 €||||||||||||||EUR|Home> Spielwaren> Verkehr & Action> Fahr- & Flugzeuge> Fahrzeuge & Fluggeräte> WIKING 077854 - Krampe Tandem-Halbrundmulde Halfpipe HP 20|https://www.mueller.at/p/wiking-077854-krampe-tandem-halbrundmulde-halfpipe-hp-20-2772267/|1 Stk.|Krampe Tandem-Halbrundmulde Halfpipe HP 20Die 1:32-Szenerie ist um einen Bestseller reicher! Mit dem HP 20 von Krampe stellt WIKING die Halfpipe-Ausführung im Präzisionsmaßstab vor – ein vielfach geäußerter Wunsch geht in Erfüllung. Die Bedeutung von Erdbaukippern hat in den letzten Jahren in Deutschland, aber auch darüber hinaus deutlich zugenommen. Viele Tiefbauunternehmen haben erkannt, dass leistungsstarke Schlepper-Kipper-Kombinationen im unwegsamen und morastigen Gelände selbst Baustellen-Dumpern überlegen sind. Aber auch die Großflächenlandwirtschaft sowie Landschaftsbau und Kommunalbetriebe setzen immer öfter auf die Halfpipe-Konstruktion von Krampe. Die Vorteile im Alltagsbetrieb sind augenfällig: Das Schüttgut rutscht bei der Verladung in einem flacheren Winkel über die Muldenwand. Beim Transport von „dicken Brocken“ wie Findlingen wird die Ausbeulung der Mulde verhindert. Die runde Muldenform vermeidet überdies in den Muldenecken verbleibende Schüttgüter – die Ladung rutscht beim Abkippvorgang planbar zur Muldenmitte. Diese Zwangszentrierung verbessert zusätzlich die Standsicherheit beim Abkippen.Detail:WIKING realisiert den HP20, der als funktionelle Miniaturisierung eine sinnvolle Bereicherung facettenreicher Themenfelder im Präzisionsmaßstab 1:32 bedeutet. Der fein detaillierte Fahrgestellrahmen aus Metall lässt sich mit beweglicher Deichsel an den Schlepper anhängen. Die mächtige Mulde entsteht aus Zinkdruckguss, die Heckklappe aus Kunststoff. In der Kippfunktion öffnet sich die Heckklappe zum Entladen. Damit ist abermals ein Höchstmaß an Funktionalität gewährleistet. Das Gespann erfährt eine imposante Wirkung, weil die zwei Achsen des HP20 über eine ballige Bereifung und grobstolligem Profil verfügen. Gerade zur Simulation der Geländetauglichkeit stattet WIKING den Anhänger mit Pendelachsen so beweglich aus, dass sie sich dem Niveau des Erdreichs anpassen. Die Kotflügel werden aus Kunststoff gefertigt, der Stützfuß ist vorne links beweglich am Rahmen angebracht und kann damit einen Solostand des HP20 garantieren. Das Heck verfügt über eine filigrane Stoßstange mit entsprechend vorbildgerechter Beleuchtungseinrichtung.||||||||8 Jahre||||||||||||||Non-Organic||||"{'target_group': 'Erwachsene|Jugendliche', 'Artikelnummer des Herstellers': '077854', 'license': 'Wiking Die Cast 1:32 und 1:43', 'Altersempfehlung ab': '8 Jahre', 'Altersempfehlung bis': '99 Jahre', 'Inhalt': '1 Stk.', 'Maßstab': 'ca. 1:32', 'Produkttyp': 'Metallfertigmodelle mit hoher Modelltreue'}"||||||||||||||0|0|2772267_1.png|https://static.mueller.de/7021048976-PB-0/pdzoom/wiking-077854-krampe-tandem-halbrundmulde-halfpipe-hp-20.webp|2772267_2.png|https://static.mueller.de/7021048976-PB-1/pdzoom/wiking-077854-krampe-tandem-halbrundmulde-halfpipe-hp-20.webp|2772267_3.png|https://static.mueller.de/7021048976-PB-2/pdzoom/wiking-077854-krampe-tandem-halbrundmulde-halfpipe-hp-20.webp|2772267_4.png|https://static.mueller.de/7021048976-PB-3/pdzoom/wiking-077854-krampe-tandem-halbrundmulde-halfpipe-hp-20.webp||||||||||||||||077854||||||||||1 Stk.|||False||2772267P|||||||||1
61756|mueller||||||||2024-10-28|Vileda Handschuh Dermo Plus Sanft & Schonend|VILEDA||1|Stk.|Home|Drogerie|Haushalt|Haushaltsartikel|Handschuhe|Vileda Handschuh Dermo Plus Sanft & Schonend||3,45 €|3,45 €||||||||||||||EUR|Home> Drogerie> Haushalt> Haushaltsartikel> Handschuhe> Vileda Handschuh Dermo Plus Sanft & Schonend|https://www.mueller.at/p/vileda-handschuh-dermo-plus-sanft-schonend-61756/|1 Stk.|"- Latexfreier Nitrilhandschuh
- Geeignet für empfindliche Hände und Latexallergiker
- Hoher Tragekomfort durch Baumwollbeflockung
- Extra Beständigkeit gegen Lösungs- und Reinigungsmittel
- Dermatologisch getestet"||||||||||||||||||||||Non-Organic||||{'scope_of_delivery': '1 Stück', 'Pflegehinweis': 'Er ist waschmaschinenfest bis 60°  für extra Hygiene.', 'manufacturer': 'Vileda GmbH', 'Herstelleradresse': 'Im Technologiepark 19\n69469 Weinheim', 'Kontaktmöglichkeit': 'vileda-info@fhp-ww.com', 'Inhalt': '1 Stk.'}||||||||||||||3.6667|3|61756_1.png|https://static.mueller.de/markant_04003790006654_pv_3736381/pdzoom/vileda-handschuh-dermo-plus-sanft-schonend.webp||||||||||||||||Er ist waschmaschinenfest bis 60° für extra Hygiene.||||||Vileda GmbH||||||||||1 Stk.|||True||61756P|||||||||5
310662|mueller||||||||2024-10-28|Best Of|||1|Stk.|Home|Multi-Media|Musik|Pop|Best Of|||5,99 €|5,99 €||||||||||||||EUR|Home> Multi-Media> Musik> Pop> Best Of|https://www.mueller.at/p/best-of-310662/|1 Stk.|||||||||||||||||||||||Non-Organic||||{'medium': 'CD', 'Künstler': 'Gott,Karel', 'Inhalt': '1 Stk.', 'Anzahl Medien im Artikel': '1', 'genre': 'Schlager', 'Label': 'Polydor'}||||||||||||||5.0|1|310662_1.png|https://static.mueller.de/pdzoom/phononet_0731458934028_pv_0731458934028-0600px-001.webp||||||||||||||||||||||||||||||||1 Stk.|||False||310662P|||||||||1
3013823|mueller||||||||2024-10-28|80s Chart Hits Collection Vol. 2|||1|Stk.|Home|Multi-Media|Musik|Dance|80s Chart Hits Collection Vol. 2|||13,95 €|13,95 €|13,95 €|9,99 €||||28%|Sie sparen 28%|||||||EUR|Home> Multi-Media> Musik> Dance> 80s Chart Hits Collection Vol. 2|https://www.mueller.at/p/80s-chart-hits-collection-vol-2-IPN3013823/|1 Stk.|||||||||||||||||||||||Non-Organic||||{'medium': 'CD', 'Künstler': 'Various', 'Inhalt': '1 Stk.', 'Anzahl Medien im Artikel': '1', 'genre': 'Electronic/Dance', 'Label': 'zyx'}||||||||||||||0|0|3013823_1.png|https://static.mueller.de/pdzoom/phononet_0194111028180_pv_0194111028180-0600px-001.webp||||||||||||||||||||||||||||||||1 Stk.|||True||3013823P|||||||||1
3013824|mueller||||||||2024-10-28|Golden Oldies Of The 50s & 60s Vol. 1|||1|Stk.|Home|Multi-Media|Musik|Pop|Golden Oldies Of The 50s & 60s Vol. 1|||13,95 €|13,95 €|13,95 €|9,99 €||||28%|Sie sparen 28%|||||||EUR|Home> Multi-Media> Musik> Pop> Golden Oldies Of The 50s & 60s Vol. 1|https://www.mueller.at/p/golden-oldies-of-the-50s-60s-vol-1-IPN3013824/|1 Stk.|||||||||||||||||||||||Non-Organic||||{'medium': 'CD', 'Künstler': 'Various', 'Inhalt': '1 Stk.', 'Anzahl Medien im Artikel': '1', 'genre': 'Pop international', 'Label': 'zyx'}||||||||||||||0|0|3013824_1.png|https://static.mueller.de/pdzoom/phononet_0194111030824_pv_0194111030824-0600px-001.webp||||||||||||||||||||||||||||||||1 Stk.|||True||3013824P|||||||||3
2786814|mueller||||||||2024-10-28|Holika Holika Aloe 99% Soothing Gel 250Ml|HOLIKA HOLIKA||250|ml|Home|Drogerie|Pflege|Gesichtspflege|Tagespflege|Holika Holika Aloe 99% Soothing Gel 250Ml||9,95 €|9,95 €|||||||||||39,80 € / 1 l|||EUR|Home> Drogerie> Pflege> Gesichtspflege> Tagespflege> Holika Holika Aloe 99% Soothing Gel 250Ml|https://www.mueller.at/p/holika-holika-aloe-99-soothing-gel-250ml-2786814/|250 ml|Das beruhigende Gel lindert Rötungen und beruhigt sensible Bereiche des Gesichts und Körpers.||||||||||||||||||||||Non-Organic||||"{'target_group': 'Herren|Unisex|Damen', 'manufacturer': 'Enprani. Co. Ltd., South-Korea.', 'Herstelleradresse': '88 Chukhang-daero 296beon-gil, Jung-gu Incheon, Incheon, 22341 Republic Of Korea', 'Kontaktmöglichkeit': 'www.enpranishop.com', 'dermatologically_tested': 'Nein', 'Anwendungshinweis': 'Nach Bedarf so oft wie erforderlich auf die trockene und sensible Haut auftragen oder auch bei Haarspliss anwenden.', 'package_contents': 'Aloe Barbadensis Leaf Juice, Nelumbium Speciosum Flower Extract, Centella Asiatica Extract, Bambusa Vulgaris Extract, Cucumis Sativus (Cucumber) Fruit Extract, Zea Mays (Corn) Leaf Extract, Brassica Oleracea Capitata (Cabbage) Leaf Extract, Citrullus Lanatus (Watermelon) Fruit Extract, PEG-60 Hydrogenated Castor Oil, Sodium Polyacrylate, Carbomer, Triethanolamine, Fragrance, Phenoxyethanol', 'product_property': 'feuchtigkeitsspendend|erfrischend|reizlindernd|fettfrei', 'Inhalt': '250 ml', 'scope_of_application': 'Tagespflege', 'Produkttyp': 'Gel'}"||||||||||||||5.0|4|2786814_1.png|https://static.mueller.de/7079330823-PV-0/pdzoom/holika-holika-aloe-99-soothing-gel-250ml.webp||||||||||||||||||||||Enprani. Co. Ltd., South-Korea.||||||||||250 ml|Aloe Barbadensis Leaf Juice, Nelumbium Speciosum Flower Extract, Centella Asiatica Extract, Bambusa Vulgaris Extract, Cucumis Sativus (Cucumber) Fruit Extract, Zea Mays (Corn) Leaf Extract, Brassica Oleracea Capitata (Cabbage) Leaf Extract, Citrullus Lanatus (Watermelon) Fruit Extract, PEG-60 Hydrogenated Castor Oil, Sodium Polyacrylate, Carbomer, Triethanolamine, Fragrance, Phenoxyethanol||True||2786814P|||||||||10
2879387|mueller||||||||2024-10-28|Catrice All Over Glow Tint|CATRICE||15|ml|Home|Parfümerie|Make-up|Augen|Lidschatten|Catrice All Over Glow Tint||4,45 €|4,45 €|||||||||||296,67 € / 1 l|||EUR|Home> Parfümerie> Make-up> Augen> Lidschatten> Catrice All Over Glow Tint|https://www.mueller.at/p/catrice-all-over-glow-tint-IPN2879387/|15 ml|Ob auf die Wangen, Augen oder Lippen: Der All Over Glow Tint sorgt im Nu für einen wunderschönen Schimmereffekt. Die Formel mit Vitamin C, Niacinamiden und Panthenol lässt die Haut strahlen und verleiht Wangen, Augen und Lippen einen sanften Glow. Let it shine! Sanfter Schimmer für wunderschönen GlowMit Vitamin C, Niacinamide & PanthenolUniversell einsetzbar||||||||||||||||||||||Non-Organic||||{'manufacturer': 'cosnova', 'Herstelleradresse': 'Frankfurt (D-65843) - New York (NY 10003) – London (EC4A 4AB)', 'Kontaktmöglichkeit': 'service@cosnova.eu', 'Anwendungshinweis': 'Verleiht im Handumdrehen einen zarten Schimmer auf der Haut: einfach mit den Fingern etwas Glow Tint auf Augenlider, Wangen oder Lippen auftragen und leicht eintupfen.', 'package_contents': 'AQUA (WATER), SQUALANE, PROPANEDIOL, SYNTHETIC FLUORPHLOGOPITE, MICA, GLYCERIN, AMMONIUM ACRYLOYLDIMETHYLTAURATE/VP COPOLYMER, SODIUM ASCORBYL PHOSPHATE, PANTHENOL, NIACINAMIDE, GLYCERYL ROSINATE, SILICA, XANTHAN GUM, ETHYLHEXYLGLYCERIN, SODIUM PHYTATE, CELLULOSE, TIN OXIDE, SODIUM SULFATE, LACTIC ACID, CITRIC ACID, PHENOXYETHANOL, CI 16035 (RED 40), CI 77163 (BISMUTH OXYCHLORIDE), CI 77491, CI 77492, CI 77499 (IRON OXIDES), CI 77891 (TITANIUM DIOXIDE).', 'Farbnummer': '020', 'Farbe': 'Keep Blushing', 'Inhalt': '15 ml', 'scope_of_application': 'Augen', 'Produkttyp': 'Highlighter'}||||||Keep Blushing||||||||4.75|16|2879387_1.png|https://static.mueller.de/markant_04059729393531_pv_4528505/pdzoom/catrice-all-over-glow-tint.webp|2879387_2.png|https://static.mueller.de/markant_04059729393531_pd_4046298/pdzoom/catrice-all-over-glow-tint.webp|2879387_3.png|https://static.mueller.de/markant_04059729393531_pd_4055483/pdzoom/catrice-all-over-glow-tint.webp|2879387_4.png|https://static.mueller.de/markant_04059729393531_pd_4046292/pdzoom/catrice-all-over-glow-tint.webp|2879387_5.png|https://static.mueller.de/markant_04059729393531_pd_4055484/pdzoom/catrice-all-over-glow-tint.webp|2879387_6.png|https://static.mueller.de/markant_04059729393531_pd_4159261/pdzoom/catrice-all-over-glow-tint.webp||||||||||||cosnova||||||||||15 ml|AQUA (WATER), SQUALANE, PROPANEDIOL, SYNTHETIC FLUORPHLOGOPITE, MICA, GLYCERIN, AMMONIUM ACRYLOYLDIMETHYLTAURATE/VP COPOLYMER, SODIUM ASCORBYL PHOSPHATE, PANTHENOL, NIACINAMIDE, GLYCERYL ROSINATE, SILICA, XANTHAN GUM, ETHYLHEXYLGLYCERIN, SODIUM PHYTATE, CELLULOSE, TIN OXIDE, SODIUM SULFATE, LACTIC ACID, CITRIC ACID, PHENOXYETHANOL, CI 16035 (RED 40), CI 77163 (BISMUTH OXYCHLORIDE), CI 77491, CI 77492, CI 77499 (IRON OXIDES), CI 77891 (TITANIUM DIOXIDE).||True||2879387P|||||||||10
2772261|mueller||||||||2024-10-28|WIKING 083018 - VW Brezelkäfer - mattgrün|WIKING||1|Stk.|Home|Spielwaren|Modellbau & Modelleisenbahn|Modelleisenbahn|Figuren & Fahrzeuge|WIKING 083018 - VW Brezelkäfer - mattgrün||13,99 €|13,99 €||||||||||||||EUR|Home> Spielwaren> Modellbau & Modelleisenbahn> Modelleisenbahn> Figuren & Fahrzeuge> WIKING 083018 - VW Brezelkäfer - mattgrün|https://www.mueller.at/p/wiking-083018-vw-brezelkaefer-mattgruen-2772261/|1 Stk.|VW Brezelkäfer - mattgrün1946 war nicht die Zeit der hellen Farben, stattdessen prägten dunkle La-ckierungen die Auslieferungen der ersten Nachkriegsgeneration des VW Käfers. Das schmale Brezelfenster über der heckseitigen Motorhaube gab dem ersten Käfer seinen vielsagenden Namen. Der Blick nach hinten war für die Insassen zwar deutlich eingeschränkt, dennoch begründete der „Brezelkäfer“ eine ungeahnte Erfolgsstory, die letztlich mit den weiteren Käfer-Baureihen die Mobilisierung Deutschlands meint.Detail:Karosserie sowie Fahrgestell mit Stoßstange dunkelmattgrün, Inneneinrichtung mit Lenkrad orangebraun. Buckelfelge lachsrot mit dunkelgrüner Radkappe, Zierstreifen an der Stoßstange ebenfalls lachsrot.||||||||8 Jahre||||||||||||||Non-Organic||||"{'target_group': 'Erwachsene|Jugendliche', 'Artikelnummer des Herstellers': '083018', 'license': 'Wiking Klassik Edition 1:87', 'Altersempfehlung ab': '8 Jahre', 'Altersempfehlung bis': '99 Jahre', 'Materialdetails': 'Kunststoff', 'Inhalt': '1 Stk.', 'Produkttyp': 'Dekofigur'}"||||||||Kunststoff||||||0|0|2772261_1.png|https://static.mueller.de/7021048963-PB-0/pdzoom/wiking-083018-vw-brezelkaefer-mattgruen.webp||||||||||||||||||||||083018||||||||||1 Stk.|||True||2772261P|||||||||4
2772246|mueller||||||||2024-10-28|WIKING 020803 - Lada Niva - silber-metallic|WIKING||1|Stk.|Home|Spielwaren|Modellbau & Modelleisenbahn|Modelleisenbahn|Figuren & Fahrzeuge|WIKING 020803 - Lada Niva - silber-metallic||15,99 €|15,99 €||||||||||||||EUR|Home> Spielwaren> Modellbau & Modelleisenbahn> Modelleisenbahn> Figuren & Fahrzeuge> WIKING 020803 - Lada Niva - silber-metallic|https://www.mueller.at/p/wiking-020803-lada-niva-silber-metallic-2772246/|1 Stk.|Lada Niva - silber-metallicDieser Lada hat das sibirische Allradimage hinter sich gelassen: WIKING stattet den Niva mit einer edlen Lackierung in silber-metallic aus und spendiert dem Offroader auch noch sportliche Felgen in Aluminiumoptik – der Kühlergrill zeigt das junge Lada-Facelift. Die Karosserie ist dreitürig mit dem üblichen kurzen Radstand ausgeführt. Die Traditionsmodellbauer gestalten feine Gravuren an Motorhaube, Tür, Regenrinne, aber auch an Blinkern, Türgriffen, Tankdeckel und Lüftungsschlitzen aus. Und natürlich dürfen die beim Vorbild auffällig auftragenden Scharniere an der Heckklappe nicht fehlen. Frontscheinwerfer werden transparent- eingesetzt, genauso der Kühlergrill. Im Innern sind die beiden Frontsitze mit dezenten Kopfstützen ebenso ausgestaltet wie die durchgehende Rückbank.Detail:Karosserie silbermetallic, Inneneinrichtung mit Lenkrad, Fahrgestell sowie Stoßstangen schwarz. Schwarzer Kühlergrill mit silbernem Lada-Logo. Aluminium-Felgen. Frontseitig Blinker orange, umlaufende Fensterbegrenzungen schwarz bedruckt. Seitlich schwarze Bedruckung von Türgriffen und Zierleisten. Seitliche Blinker orange. Rückseitig dreifarbige Bedruckung der Rückleuchten. Heckklappengriff schwarz. Silberner Schriftzug „4x4“.||||||||8 Jahre||||||||||||||Non-Organic||||"{'target_group': 'Erwachsene|Jugendliche', 'Artikelnummer des Herstellers': '020803', 'license': 'Wiking Klassik Edition 1:87', 'Altersempfehlung ab': '8 Jahre', 'Altersempfehlung bis': '99 Jahre', 'Materialdetails': 'Kunststoff', 'Inhalt': '1 Stk.', 'Produkttyp': 'Dekofigur'}"||||||||Kunststoff||||||0|0|2772246_1.png|https://static.mueller.de/7021048969-PB-0/pdzoom/wiking-020803-lada-niva-silber-metallic.webp||||||||||||||||||||||020803||||||||||1 Stk.|||True||2772246P|||||||||3
2772247|mueller||||||||2024-10-28|WIKING 031503 - VW T2 Bus 100 Jahre Sieper|WIKING||1|Stk.|Home|Spielwaren|Modellbau & Modelleisenbahn|Modelleisenbahn|Figuren & Fahrzeuge|WIKING 031503 - VW T2 Bus 100 Jahre Sieper||13,49 €|13,49 €||||||||||||||EUR|Home> Spielwaren> Modellbau & Modelleisenbahn> Modelleisenbahn> Figuren & Fahrzeuge> WIKING 031503 - VW T2 Bus 100 Jahre Sieper|https://www.mueller.at/p/wiking-031503-vw-t2-bus-100-jahre-sieper-2772247/|1 Stk.|VW T2 Bus 100 Jahre SieperJetzt ist das Jubiläumsquartett komplett: Mit dem farbenfrohen VW T2 erinnert WIKING an das 100jährige Bestehen der Sieper Unternehmensgruppe. Seit 1984 findet mit der Übernahme von Wiking-Modellbau unter dem Dach der Lüdenscheider Unternehmensgruppe die traditionsreiche Markengeschichte ihre facettenreiche Fortsetzung. Die Tradition der großen Welt der kleinen Miniaturen lebt zur Freude vieler Sammler an der Seite der Schwestermarke siku mit vielen modellbauerischen Impulsen weiter. Und für das vielfältige Programm beider Miniatur-Marken gilt gestern wie heute, dass Modellbau bei Sieper erlebbare Herzenssache ist.Detail:Karosserie orange, Fahrgestell und Inneneinrichtung cremeweiß. Dachfläche cremeweiß bedruckt. Buckelfelge cremeweiß mit orange bedruckter Bu-ckelkappe. Frontscheinwerfer gesilbert, Rücklichter rot bedruckt. Blinker Orange. VW-Logo cremeweiß bedruckt, Türgriffe gesilbert.||||||||8 Jahre||||||||||||||Non-Organic||||"{'target_group': 'Erwachsene|Jugendliche', 'Artikelnummer des Herstellers': '031503', 'license': 'Wiking Klassik Edition 1:87', 'Altersempfehlung ab': '8 Jahre', 'Altersempfehlung bis': '99 Jahre', 'Materialdetails': 'Kunststoff', 'Inhalt': '1 Stk.', 'Produkttyp': 'Dekofigur'}"||||||||Kunststoff||||||0|0|2772247_1.png|https://static.mueller.de/7021048966-PB-0/pdzoom/wiking-031503-vw-t2-bus-100-jahre-sieper.webp||||||||||||||||||||||031503||||||||||1 Stk.|||True||2772247P|||||||||8
2786847|mueller||||||||2024-10-28|Alnatura Bioland-Rote Bete ungesüßt|ALNATURA||220|g|Home|Naturshop|Lebensmittel|Nahrung|Fertiggerichte & Konserven|Gemüsekonserven|Alnatura Bioland-Rote Bete ungesüßt|1,49 €|1,49 €|||||||||||6,77 € / 1 kg|||EUR|Home> Naturshop> Lebensmittel> Nahrung> Fertiggerichte & Konserven> Gemüsekonserven> Alnatura Bioland-Rote Bete ungesüßt|https://www.mueller.at/p/alnatura-bioland-rote-bete-ungesuesst-2786847/|220 g|Bio-Rote-Bete aus deutschem Bioland-Anbau, würzig eingelegt in Essig und mit Gewürzen sowie Kräutern verfeinert. Zucker ist nicht zugesetzt (enthält von Natur aus Zucker). Rote Bete aus Deutschlandohne Zuckerzusatz (enthält von Natur aus Zucker)in Essig eingelegt, verfeinert mit Gewürzen und Kräuternwürzige Zutat für Salate, Suppen und BrotzeitBio-Qualität (Bioland)||Nach dem Öffnen im Kühlschrank aufbewahren und innerhalb von 5 Tagen verbrauchen.,Une fois ouvert, conserver au réfrigérateur et consommer dans les 5 jours.|||||||||{'Nährwerte je': '100  g', 'Brennwert': '119 kj / 28 kcal', 'Fett in g': '0.5 g', '- davon gesättigte Fettsäuren in g': '0.1 g', 'Kohlenhydrate in g': '5.2 g', '- davon Zucker in g': '4.1 g', 'Ballaststoffe in g': '1.1 g', 'Eiweiß in g': '0.8 g', 'Salz in g': '0.42 g'}|||||||||||Organic||||{'Lagerhinweis': 'Nach dem Öffnen im Kühlschrank aufbewahren und innerhalb von 5 Tagen verbrauchen.,Une fois ouvert, conserver au réfrigérateur et consommer dans les 5 jours.', 'manufacturer': 'Alnatura GmbH', 'Herstelleradresse': 'Mahatma-Gandhi-Straße 7, DE-64295 Darmstadt', 'Kontaktmöglichkeit': 'www.alnatura.de', 'Öko-Kontrollstelle': 'DE-ÖKO-001', 'Inhalt': '220 g', 'Bio': 'Ja', 'Zutaten': 'Rote Bete*, Branntweinessig*, Meersalz, Kümmel*, Nelke*, Gewürzextrakte* *aus biologischer Landwirtschaft,Ingrédients: Betterave rouge*, vinaigre d’alcool*, sel marin, carvi*, clous de girofle*, extraits aux herbes* *issus de l’agriculture biologique', 'Produkttyp': 'Gemüsekonserven'}||||||||||||||5.0|1|2786847_1.png|https://static.mueller.de/markant_04104420235397_pv_4901884/pdzoom/alnatura-bioland-rote-bete-ungesuesst.webp||||||||||||||||||||||Alnatura GmbH||||||||||220 g|||False||2786847P|||||||||1
2169620|mueller||||||||2024-10-28|HAMA Ladekabel, USB-A - Lightning, 1 m, Weiß|HAMA||1|Stk.|Home|Multi-Media|Unterhaltungselektronik|Kabel & Adapter|HAMA Ladekabel, USB-A - Lightning, 1 m, Weiß|||14,99 €|14,99 €||||||||||||||EUR|Home> Multi-Media> Unterhaltungselektronik> Kabel & Adapter> HAMA Ladekabel, USB-A - Lightning, 1 m, Weiß|https://www.mueller.at/p/hama-ladekabel-usb-a-lightning-1-m-weiss-2169620/|1 Stk.|"
USB-Kabel zum Laden und Synchronisieren von Smartphones und Tablets
hochwertiges Schnellladekabel: in Kombination mit einem Schnellladegerät können Sie Ihr Handy in Höchstgeschwindigkeit laden
maximale Kompatibilität für alle Apple iPhones, iPads und iPods
Datenkabel mit einer Geschwindigkeit von bis zu 480 Mbit/s für High-Speed-Datenübertragung
"||||||||||||||||||||||Non-Organic||||{'scope_of_delivery': '- 1 USB-Ladekabel', 'Modellnummer': '00201579', 'Anschlüsse': 'USB-A - Lightning', 'Kabellänge': '1 m', 'manufacturer': 'Hama GmbH & Co. KG', 'Herstelleradresse': 'Dresdner Str. 9, 86653 Monheim', 'Kontaktmöglichkeit': 'info.de@hama.de', 'Farbe': 'Weiß', 'Inhalt': '1 Stk.', 'Produkttyp': 'Kabel, Stecker & Adapter'}||||||Weiß|00201579|||||||0|0|2169620_1.png|https://static.mueller.de/5775668220-PV-0/pdzoom/hama-ladekabel-usb-a-lightning-1-m-weiss.webp|2169620_2.png|https://static.mueller.de/5775668220-PB-1/pdzoom/hama-ladekabel-usb-a-lightning-1-m-weiss.webp||||||||||||||||||||Hama GmbH & Co. KG||||||||||1 Stk.|||True||2169620P|||||||||3
2879336|mueller||||||||2024-10-28|KORONA Digitale Küchenwaage Kelly|KORONA||1|Stk.|Home|Haushalt|Kochen & Backen|Küchenhelfer & -textilien|Küchenwaagen|KORONA Digitale Küchenwaage Kelly||22,99 €|22,99 €|22,99 €|14,99 €||||35%|Sie sparen 35%|||||||EUR|Home> Haushalt> Kochen & Backen> Küchenhelfer & -textilien> Küchenwaagen> KORONA Digitale Küchenwaage Kelly|https://www.mueller.at/p/korona-digitale-kuechenwaage-kelly-IPN2879336/|1 Stk.|"Küchenwaage KELLY

aus gebürstetem Edelstahl
17 mm Ziffernhöhe
19,5 x 14 x 1,5 cm
Tragkraft 5 kg, Einteilung 1 g
umschaltbar g, lb, oz
praktische Aufhängevorrichtung
Abschaltaustomatik
inkl. 1 x CR2032 Batterien
"||||||||||||||||||||||Non-Organic||||{'special_function': 'Tara-Zuwiegefunktion', 'Pflegehinweis': 'Sie können die Waage mit einem angefeuchteten Tuch reinigen, auf das Sie bei Bedarf etwas Spülmittel auftragen können. Tauchen Sie die Waage niemals in Wasser. Spülen Sie sie auch niemals unter fließendem Wasser ab.', 'Anwendungshinweis': 'Schützen Sie die Waage vor Stößen, Feuchtigkeit, Staub, Chemikalien und zu nahen Wärmequellen (Heizkörper, Öfen). Die Genauigkeit der Waage kann durch starke elektromagnetische Felder beeinträchtigt werden.', 'Farbe': 'edelstahl', 'Höhe': '1.5 cm', 'Breite': '14 cm', 'Tiefe': '19.5 cm', 'Batterie-Typ': 'Li', 'Inhalt': '1 Stk.'}||||||edelstahl||||||||5.0|1|2879336_1.png|https://static.mueller.de/pdzoom/4053035761350_PV.webp|2879336_2.png|https://static.mueller.de/pdzoom/4053035761350_PD.webp||||||||||||||Sie können die Waage mit einem angefeuchteten Tuch reinigen, auf das Sie bei Bedarf etwas Spülmittel auftragen können. Tauchen Sie die Waage niemals in Wasser. Spülen Sie sie auch niemals unter fließendem Wasser ab.||||||||||||||||1 Stk.|||False||2879336P|||||||||1
2786851|mueller||||||||2024-10-28|Alnatura Bio Mais|ALNATURA||285|g|Home|Drogerie|Lebensmittel|Nahrung|Fertiggerichte & Konserven|Gemüsekonserven|Alnatura Bio Mais|1,29 €|1,29 €|||||||||||4,53 € / 1 kg|||EUR|Home> Drogerie> Lebensmittel> Nahrung> Fertiggerichte & Konserven> Gemüsekonserven> Alnatura Bio Mais|https://www.mueller.at/p/alnatura-bio-mais-2786851/|285 g|Feiner Bio-Mais; erntefrisch verarbeitet und bereits vorgekocht – ideal für die Zubereitung von Salaten, Chilis und Gemüsegerichten. erntefrisch verarbeitetbereits vorgekochtideal für die Zubereitung von Salaten, Chilis und GemüsegerichtenBio-Qualität||Nach dem Öffnen den Restinhalt in ein nicht-metallisches Gefäß umfüllen, im Kühlschrank aufbewahren und innerhalb von 1 Tag verbrauchen.,Une fois ouvert, verser le reste du contenu dans un récipient non-métallique, conserver au réfrigérateur et consommer dans les 24 heures.|||||||||{'Nährwerte je': '100  g', 'Brennwert': '335 kj / 79 kcal', 'Fett in g': '1.6 g', '- davon gesättigte Fettsäuren in g': '0.2 g', 'Kohlenhydrate in g': '13.0 g', '- davon Zucker in g': '7.1 g', 'Ballaststoffe in g': '1.7 g', 'Eiweiß in g': '2.4 g', 'Salz in g': '0.35 g'}|||||||||||Organic||||{'Lagerhinweis': 'Nach dem Öffnen den Restinhalt in ein nicht-metallisches Gefäß umfüllen, im Kühlschrank aufbewahren und innerhalb von 1 Tag verbrauchen.,Une fois ouvert, verser le reste du contenu dans un récipient non-métallique, conserver au réfrigérateur et consommer dans les 24 heures.', 'manufacturer': 'Alnatura GmbH', 'Herstelleradresse': 'Mahatma-Gandhi-Straße 7, DE-64295 Darmstadt', 'Kontaktmöglichkeit': 'www.alnatura.de', 'Öko-Kontrollstelle': 'HU-ÖKO-01', 'Inhalt': '285 g', 'Bio': 'Ja', 'Zutaten': 'Mais*, Wasser, Speisesalz *aus biologischer Landwirtschaft,Ingrédients: Mais*,Eau, sel de cuisine * issus de l*agriculture biologique', 'Produkttyp': 'Gemüsekonserven'}||||||||||||||0|0|2786851_1.png|https://static.mueller.de/markant_04104420234987_pv_4423229/pdzoom/alnatura-bio-mais.webp||||||||||||||||||||||Alnatura GmbH||||||||||285 g|||True||2786851P|||||||||10
2747134|mueller||||||||2024-10-28|Käfer Fischgewürz Grob|KÄFER||90|g|Home|Drogerie|Lebensmittel|Nahrung|Gewürze|Käfer Fischgewürz Grob||6,95 €|6,95 €|||||||||||77,22 € / 1 kg|||EUR|Home> Drogerie> Lebensmittel> Nahrung> Gewürze> Käfer Fischgewürz Grob|https://www.mueller.at/p/kaefer-fischgewuerz-grob-2747134/|90 g|Unser Käfer Fischgewürz eignet sich zum Würzen von gebratenem, gegrilltem und gedünstetem Fisch sowie von Meeresfrüchten. Auf Basis von Zwiebeln verfeinert mit Senfsaat, Karotten, Wacholderbeeren und Anis entsteht eine leckere Gewürzmischung mit einer angenehm fruchtigen Note.|||||Deutschland|SENFSAAT. Kann Spuren von Sesam und Sellerie enthalten.||||||||||||||||Organic||||{'manufacturer': 'Feinkost Käfer GmbH', 'Herstelleradresse': 'Heimstettener Str. 1, 85599 Parsdorf', 'Herkunftsland': 'Deutschland', 'Allergenhinweis': 'SENFSAAT. Kann Spuren von Sesam und Sellerie enthalten.', 'Inhalt': '90 g', 'Bio': 'Ja', 'Zutaten': 'Zwiebeln*, gelbe SENFSAAT*, Karotten,\xa0Wacholderbeeren*,\xa0weißer Pfeffer*, Lorbeerblätter*, Anis*, Dillspitzen*. *aus kontrolliert ökologischem Anbau. Kann Spuren von Sesam und Sellerie enthalten.', 'Produkttyp': 'Gewürze'}||||||||||||||0|0|2747134_1.png|https://static.mueller.de/6955457869-PV-0/pdzoom/kaefer-fischgewuerz-grob.webp||||||||||||||||||||||Feinkost Käfer GmbH||||||||||90 g|||True||2747134P|||||||||9
2312361|mueller||||||||2024-10-28|Madagascar 1-3 [3 DVDs]|||1|Stk.|Home|Multi-Media|Filme & TV|Kinderfilme|Madagascar 1-3  [3 DVDs]|||9,99 €|9,99 €||||||||||||||EUR|Home> Multi-Media> Filme & TV> Kinderfilme> Madagascar 1-3  [3 DVDs]|https://www.mueller.at/p/madagascar-1-3-3-dvds-2312361/|1 Stk.|"Enthält folgende Filme:
- Madagascar
- Madagascar 2
- Madagscar 3 - Flucht durch Europa

Der eingebildete Löwe Alex, das vorlaute Zebra Marty, die ständig panische Giraffe Melman und die divenhafte Nilpferd-Dame Gloria sind die Stars im Zoo des New Yorker Central Park. Die vier Freunde erleben turbulente Abenteuer - von einer tierisch rasanten Flucht durch das New Yorker U-Bahn-Netz über einen Aufenthalt auf der Insel Madagaskar und in der Steppe Afrikas bis hin zu spannenden Begegnungen in einem europäischen Wanderzirkus...Eine aufregende Abenteuerreise für die ganze Familie!

Technische Inofrmationen:
Film 1+2: Dolby Digital 5.1 (D, EN, TRK), 
Film 3: Dolby Digital 5.1 (D, EN) Audiodeskription und andere
Film 1: 1.85:1 Letterbox (16:9)

Untertitel:
Film 1+2: D, EN, TRK, 
Film 3: D, EN, EN für Hörg. und andere
Film 2+3: 1.78:1 (16:9)"||||||||||||||||||||||Non-Organic||||"{'medium': 'DVD', 'manufacturer': 'Universal Pictures Germany GmbH', 'Zusatzinfos / Bonusmaterial beim Film dabei': 'Technische Infos - siehe Einzelteile;', 'Inhalt': '1 Stk.', 'Laufzeit in min (gesamt)': '258', 'Produktionsland': 'USA', 'Special Edition': 'Nein', 'packaging_type': 'Softbox', 'Hauptgenre': 'Kinder|Animationsfilm'}"||||||||||||||0|0|2312361_1.png|https://static.mueller.de/videojakob_5053083148065_pv_535910/pdzoom/madagascar-1-3-3-dvds.webp|2312361_2.png|https://static.mueller.de/pdzoom/videojakob_5053083148065_pr_535910-back.webp||||||||||||||||||||Universal Pictures Germany GmbH||||||||||1 Stk.|||True||2312361P|||||||||5
2747130|mueller||||||||2024-10-28|Käfer schwarzer Bergpfeffer fein Geschrotet|KÄFER||55|g|Home|Drogerie|Lebensmittel|Nahrung|Gewürze|Käfer schwarzer Bergpfeffer fein Geschrotet||8,95 €|8,95 €|||||||||||162,73 € / 1 kg|||EUR|Home> Drogerie> Lebensmittel> Nahrung> Gewürze> Käfer schwarzer Bergpfeffer fein Geschrotet|https://www.mueller.at/p/kaefer-schwarzer-bergpfeffer-fein-geschrotet-2747130/|55 g|Der Kerala Pfeffer stammt aus dem indischen Bundesstaat Kerala und wächst in einem streng geschützten Hochland der Malabarküste. Dort wird er von Hand gepflückt, von der Sonne getrocknet und anschließend fein geschrotet. So harmoniert die angenehme Schärfe des Käfer Bergpfeffers perfekt zu gebratenem Fleisch, dunklen Saucen, Fischgerichten, Eintöpfen und Salaten.|||||Indien|||||||||||||||||Organic||||{'manufacturer': 'Feinkost Käfer GmbH', 'Herstelleradresse': 'Heimstettener Str. 1, 85599 Parsdorf', 'Herkunftsland': 'Indien', 'Inhalt': '55 g', 'Bio': 'Ja', 'Zutaten': 'Schwarzer Bergpfeffer* aus Kerala Indien. * aus kontrolliert biologischem Anbau. Kann Spuren von Senf, Sesam und Sellerie enthalten.', 'Produkttyp': 'Gewürze'}||||||||||||||0|0|2747130_1.png|https://static.mueller.de/6958433026-PV-0/pdzoom/kaefer-schwarzer-bergpfeffer-fein-geschrotet.webp||||||||||||||||||||||Feinkost Käfer GmbH||||||||||55 g|||True||2747130P|||||||||10
2747131|mueller||||||||2024-10-28|Käfer Natural Sea Salt|KÄFER||125|g|Home|Drogerie|Lebensmittel|Nahrung|Gewürze|Käfer Natural Sea Salt||4,95 €|4,95 €|||||||||||39,60 € / 1 kg|||EUR|Home> Drogerie> Lebensmittel> Nahrung> Gewürze> Käfer Natural Sea Salt|https://www.mueller.at/p/kaefer-natural-sea-salt-2747131/|125 g|Die Salzgewinnung in Salinen Las Salinas de laTrinidad geht auf das 14. Jahrhundert zurück. Das Käfer Salz ist unraffiniert, ungebleicht und enthält keine weiteren Zusätze.|||||Spanien|||||||||||||||||Non-Organic||||{'manufacturer': 'Feinkost Käfer GmbH', 'Herstelleradresse': 'Heimstettener Str. 1, 85599 Parsdorf', 'Herkunftsland': 'Spanien', 'Inhalt': '125 g', 'Zutaten': '100 % Meersalz.', 'Produkttyp': 'Gewürze'}||||||||||||||0|0|2747131_1.png|https://static.mueller.de/6958433104-PV-0/pdzoom/kaefer-natural-sea-salt.webp||||||||||||||||||||||Feinkost Käfer GmbH||||||||||125 g|||True||2747131P|||||||||10
2747143|mueller||||||||2024-10-28|Käfer Kräuter der Provence|KÄFER||15|g|Home|Drogerie|Lebensmittel|Nahrung|Gewürze|Käfer Kräuter der Provence||5,95 €|5,95 €|||||||||||396,67 € / 1 kg|||EUR|Home> Drogerie> Lebensmittel> Nahrung> Gewürze> Käfer Kräuter der Provence|https://www.mueller.at/p/kaefer-kraeuter-der-provence-2747143/|15 g|Kräuter der Provence können unterschiedlich zusammengesetzt sein, wobei die Käfer Mischung hauptsächlich aus Thymian, Rosmarin, Bohnenkraut, Majoran, Salbei, Basilikum und Oregano gemischt werden. Lavendelblüten und Liebstöckel runden den Geschmack ab und geben Ihren Speisen ein wunderbar blumiges Aroma.|||||Deutschland|Kann Spuren von Senf, Sellerie und Sesam enthalten||||||||||||||||Organic||||{'manufacturer': 'Feinkost Käfer GmbH', 'Herstelleradresse': 'Heimstettener Str. 1, 85599 Parsdorf', 'Herkunftsland': 'Deutschland', 'Allergenhinweis': 'Kann Spuren von Senf, Sellerie und Sesam enthalten', 'Inhalt': '15 g', 'Bio': 'Ja', 'Zutaten': 'Thymian*, Rosmarin*, Bohnenkraut*,\xa0Majoran*, Salbei*, Basilikum*, Oregano*, Lavendelblätter*, Liebstöcklel*. *aus kontrolliert biologischem Anbau. Kann Spuren von Senf, Sellerie und Sesam enthalten', 'Produkttyp': 'Gewürze'}||||||||||||||0|0|2747143_1.png|https://static.mueller.de/6958433257-PV-0/pdzoom/kaefer-kraeuter-der-provence.webp||||||||||||||||||||||Feinkost Käfer GmbH||||||||||15 g|||True||2747143P|||||||||10
2747144|mueller||||||||2024-10-28|Käfer Bruschetta Pikant|KÄFER||55|g|Home|Drogerie|Lebensmittel|Nahrung|Gewürze|Käfer Bruschetta Pikant||6,95 €|6,95 €|||||||||||126,36 € / 1 kg|||EUR|Home> Drogerie> Lebensmittel> Nahrung> Gewürze> Käfer Bruschetta Pikant|https://www.mueller.at/p/kaefer-bruschetta-pikant-2747144/|55 g|Bruschetta ist ein beliebter italienischer Snack. Mit der Gewürzmischung Käfer Bruschetta pikant mit mediterranen Kräutern, Meersalz, Knoblauch und einem Hauch von Chili gelingt Ihnen dieses köstliche Gericht jetzt auch ganz einfach zu Hause.|||||Deutschland|Kann Spuren von Sesam, Sellerie und Senf enthalten.||||||||||||||||Organic||||{'manufacturer': 'Feinkost Käfer GmbH', 'Herstelleradresse': 'Heimstettener Str. 1, 85599 Parsdorf', 'Herkunftsland': 'Deutschland', 'Allergenhinweis': 'Kann Spuren von Sesam, Sellerie und Senf enthalten.', 'Inhalt': '55 g', 'Bio': 'Ja', 'Zutaten': 'Tomaten*, Meersalz, Knoblauch*, Zwiebel*, Chili*, Basilikum*, Paprikagranulat*, schwarzer Pfeffer*, Thymian*, Rosmarin*, Sonnenblumenöl*. *aus ökologischem Anbau. Kann Spuren von Sesam, Sellerie und Senf enthalten.', 'Produkttyp': 'Gewürze'}||||||||||||||0|0|2747144_1.png|https://static.mueller.de/6958433179-PV-0/pdzoom/kaefer-bruschetta-pikant.webp||||||||||||||||||||||Feinkost Käfer GmbH||||||||||55 g|||True||2747144P|||||||||10
2747147|mueller||||||||2024-10-28|Käfer Pasta & Pizza Gewürzmischung|KÄFER||50|g|Home|Drogerie|Lebensmittel|Nahrung|Gewürze|Käfer Pasta & Pizza Gewürzmischung||6,95 €|6,95 €|||||||||||139,00 € / 1 kg|||EUR|Home> Drogerie> Lebensmittel> Nahrung> Gewürze> Käfer Pasta & Pizza Gewürzmischung|https://www.mueller.at/p/kaefer-pasta-pizza-gewuerzmischung-2747147/|50 g|Die „Pasta e Pizza“ Gewürzmischung eignet sich hervorragend zum Würzen von Pizza, Tomatensaucen, Pasta, Suppen, Gemüse und vielem mehr. Getrocknete Tomaten, Oregano und Thymian verleihen ihren Speisen eine mediterrane Note.|||||nicht EU|Kann Spuren von Senf, Sellerie und Sesam enthalten.||||||||||||||||Organic||||{'manufacturer': 'Feinkost Käfer GmbH', 'Herstelleradresse': 'Heimstettener Str. 1, 85599 Parsdorf', 'Herkunftsland': 'nicht EU', 'Allergenhinweis': 'Kann Spuren von Senf, Sellerie und Sesam enthalten.', 'Inhalt': '50 g', 'Bio': 'Ja', 'Zutaten': 'Meersalz, Tomaten*, Knoblauch*, Oregano*, Paprika*, Thymian*, Petersilie*, schwarzer Bergpfeffer*. *aus kontrolliert biologischem Anbau. Kann Spuren von Senf, Sellerie und Sesam enthalten.', 'Produkttyp': 'Gewürze'}||||||||||||||0|0|2747147_1.png|https://static.mueller.de/6958433330-PV-0/pdzoom/kaefer-pasta-pizza-gewuerzmischung.webp||||||||||||||||||||||Feinkost Käfer GmbH||||||||||50 g|||True||2747147P|||||||||4
2747149|mueller||||||||2024-10-28|Oral-B Zahnpasta Zahnfleisch-Intensivpflege & Antibakterieller Schutz Intensive Reinigung 75ml|ORAL-B||75|ml|Home|Drogerie|Pflege|Mund- & Zahnpflege|Zahncreme|Oral-B Zahnpasta Zahnfleisch-Intensivpflege & Antibakterieller Schutz Intensive Reinigung 75ml||4,45 €|4,45 €|||||||||||59,33 € / 1 l|||EUR|Home> Drogerie> Pflege> Mund- & Zahnpflege> Zahncreme> Oral-B Zahnpasta Zahnfleisch-Intensivpflege & Antibakterieller Schutz Intensive Reinigung 75ml|https://www.mueller.at/p/oral-b-zahnpasta-zahnfleisch-intensivpflege-antibakterieller-schutz-intensive-reinigung-75ml-2747149/|75 ml|Oral-B Pro-Science Advanced Zahnfleisch-Intensivpflege & Antibakterieller Schutz Zahncreme reduziert bakterielle Plaque und verhindert erneutes Wachstum. Sie schützt Ihre Zähne und sorgt für gesünderes Zahnfleisch - klinisch bewiesen. Die einzigartige ActivSchutz+-Formulierung bietet eine hochwirksame Reduzierung von bakterieller Plaque, vermindert bestehende Zahnfleischprobleme und erhöht die Widerstandsfähigkeit des Zahnfleischs. Bietet eine hochwirksame Reduzierung von bakterieller PlaqueVermindert Zahnfleischbluten und ZahnfleischentzündungenFür gesunde Zähne und Zahnfleisch - klinisch bestätigtErfrischender PfefferminzgeschmackZahncreme für die tägliche Anwendung||||||||||||||||||||||Non-Organic||||"{'manufacturer': 'Procter & Gamble', 'Herstelleradresse': '65823 Schwalbach/Ts., Germany', 'Kontaktmöglichkeit': 'www.de.pg.com', 'package_contents': 'Aqua, Sorbitol, Hydrated Silica, Sodium Lauryl Sulfate, Sodium Gluconate, Aroma, Carrageenan, Sodium Citrate, Xanthan Gum, Zinc Citrate, Stannous Fluoride, Sodium Hydroxide, Stannous Chloride, Sodium Saccharin, Sodium Fluoride, Sucralose, CI 74160, CI 42090 , Citric Acid, Sodium Benzoate, Potassium Sorbate', 'product_property': 'reinigend|schützend', 'Inhalt': '75 ml', 'Produkttyp': 'Zahncreme'}"||||||||||||||4.7945|146|2747149_1.png|https://static.mueller.de/markant_08006540217733_pv_4171886/pdzoom/oral-b-zahnpasta-zahnfleisch-intensivpflege-antibakterieller-schutz-intensive-reinigung-75ml.webp|2747149_2.png|https://static.mueller.de/markant_08006540217733_pd_4889301/pdzoom/oral-b-zahnpasta-zahnfleisch-intensivpflege-antibakterieller-schutz-intensive-reinigung-75ml.webp|2747149_3.png|https://static.mueller.de/markant_08006540217733_pd_4889300/pdzoom/oral-b-zahnpasta-zahnfleisch-intensivpflege-antibakterieller-schutz-intensive-reinigung-75ml.webp||||||||||||||||||Procter & Gamble||||||||||75 ml|Aqua, Sorbitol, Hydrated Silica, Sodium Lauryl Sulfate, Sodium Gluconate, Aroma, Carrageenan, Sodium Citrate, Xanthan Gum, Zinc Citrate, Stannous Fluoride, Sodium Hydroxide, Stannous Chloride, Sodium Saccharin, Sodium Fluoride, Sucralose, CI 74160, CI 42090 , Citric Acid, Sodium Benzoate, Potassium Sorbate||True||2747149P||||Nur für Erwachsene. Enthält Zinnfluorid (1100 ppm Fluorid) und Natriumfluorid (350 ppm Fluorid).|||||10
2686980|mueller||||||||2024-10-28|L'ORÉAL PARIS Augenbrauenstift Unbelieva Brow Micro Tatouage|L'ORÉAL PARIS||1|g|Home|Parfümerie|Make-up|Augen|Augenbrauenfarbe|L'ORÉAL PARIS Augenbrauenstift Unbelieva Brow Micro Tatouage||11,99 €|11,99 €||||||||||||||EUR|Home> Parfümerie> Make-up> Augen> Augenbrauenfarbe> L'ORÉAL PARIS Augenbrauenstift Unbelieva Brow Micro Tatouage|https://www.mueller.at/p/loreal-paris-augenbrauenstift-unbelieva-brow-micro-tatouage-6864611517/|1 g|Langanhaltend und unglaublich natürlich: Mit dem Augenbrauenstift Infaillible Brows 48h Micro Tatouage Ink Pen von L’Oréal Paris kreieren Sie Augenbrauen mit dem Effekt einer echten Microblading-Behandlung. Mit dem wischfesten Filzstift können natürlich wirkende Augenbrauen-Looks kreiert werden, die bis zu 48h lang halten und nicht verblassen. Eine gleichmäßige Farbabgabe und die feine, angeschrägte Dreizack-Spitze erleichtern die Anwendung. So können mit dem Micro Tatouage Ink Pen einfach und präzise die Brauenhärchen realitätsgetreu modelliert, nachgezeichnet, definiert und aufgefüllt werden – für natürlich aussehende und definierte Brauen, wie nach einer Microblading-Behandlung. Augenbrauenstift zum präzisen Nachzeichnen, optischen Auffüllen und Einfärben der AugenbrauenMit der feinen, angeschrägten Dreizack-Spitze des Filzstiftes können einzelne Augenbrauenhaare präzise & natürlich kreiert werdenWischfeste Formel für ein langanhaltendes Ergebnis ganz ohne zu verblassen, mit bis zu 48h HaltEnthaltene Polymere sorgen für optimalen Halt, die Formel mit Zitronensäure glättet sanft die Oberfläche der HaareHohe Farbpigmentierung und eine gleichmäßige Farbabgabe erleichtern die Anwendung||Kühl und trocken lagern.||||||||||||||||||||Non-Organic||||"{'consistency': 'Stift', 'Lagerhinweis': 'Kühl und trocken lagern.', 'target_group': 'Damen', 'manufacturer': ""L'Oréal Deutschland GmbH"", 'Herstelleradresse': 'TSA 75000 93684 ST OUEN CEDEX FR', 'Kontaktmöglichkeit': '0211 544 13377', 'Anwendungshinweis': 'Die Augenbrauen mit der Dreizack-Spitze des Infaillible Brows 48h Micro Tatouage Ink Pen nachziehen, ausfüllen und in Form bringen. Für einen kräftigeren Farbauftrag den Vorgang einfach wiederholen.', 'package_contents': 'AQUA / WATER • ALCOHOL DENAT. • STYRENE/ACRYLATES/AMMONIUM METHACRYLATE COPOLYMER • BUTYLENE GLYCOL • POLOXAMER 407 • METHYLPROPANEDIOL • COCO-GLUCOSIDE • SILICA • PHENOXYETHANOL • SILICA [NANO] / SILICA • POTASSIUM SORBATE • SODIUM LAURETH-12 SULFATE • CITRIC ACID • XANTHAN GUM • AMMONIUM HYDROXIDE • BHT ● [+/- MAY CONTAIN: CI 77491, CI 77492, CI 77499 / IRON OXIDES • CI 77891 / TITANIUM DIOXIDE • CI 77510 / FERRIC AMMONIUM FERROCYANIDE • CI 77266 [NANO] / BLACK 2]. (F.I.L. C236387/1).', 'Farbnummer': '104', 'Farbe': 'Chatain', 'skin_type': 'trockene Haut|unreine Haut|reife Haut|normale Haut|ölige Haut|sensible Haut', 'Inhalt': '1 g', 'scope_of_application': 'Augen', 'Batterien erforderlich': 'Nein', 'Produkttyp': 'Augenbrauenfarbe'}"||||||Chatain||||||||4.4726|548|2686980_1.png|https://static.mueller.de/markant_03600523939053_pv_3522744/pdzoom/loreal-paris-augenbrauenstift-unbelieva-brow-micro-tatouage.webp|2686980_2.png|https://static.mueller.de/markant_03600523939053_pd_3522745/pdzoom/loreal-paris-augenbrauenstift-unbelieva-brow-micro-tatouage.webp|2686980_3.png|https://static.mueller.de/markant_03600523939053_pd_3981826/pdzoom/loreal-paris-augenbrauenstift-unbelieva-brow-micro-tatouage.webp|2686980_4.png|https://static.mueller.de/markant_03600523939053_pd_3505417/pdzoom/loreal-paris-augenbrauenstift-unbelieva-brow-micro-tatouage.webp||||||||||||||||L'Oréal Deutschland GmbH||||||||||1 g|AQUA / WATER • ALCOHOL DENAT. • STYRENE/ACRYLATES/AMMONIUM METHACRYLATE COPOLYMER • BUTYLENE GLYCOL • POLOXAMER 407 • METHYLPROPANEDIOL • COCO-GLUCOSIDE • SILICA • PHENOXYETHANOL • SILICA [NANO] / SILICA • POTASSIUM SORBATE • SODIUM LAURETH-12 SULFATE • CITRIC ACID • XANTHAN GUM • AMMONIUM HYDROXIDE • BHT ● [+/- MAY CONTAIN: CI 77491, CI 77492, CI 77499 / IRON OXIDES • CI 77891 / TITANIUM DIOXIDE • CI 77510 / FERRIC AMMONIUM FERROCYANIDE • CI 77266 [NANO] / BLACK 2]. (F.I.L. C236387/1).||False||2686980P|||||||||10
2786750|mueller||||||||2024-10-28|STAY Well Vegan sheet mask - ALOE|STAY WELL||1|Stk.|Home|Drogerie|Pflege|Gesichtspflege|Spezialpflege|Maske|STAY Well Vegan sheet mask - ALOE|2,49 €|2,49 €||||||||||||||EUR|Home> Drogerie> Pflege> Gesichtspflege> Spezialpflege> Maske> STAY Well Vegan sheet mask - ALOE|https://www.mueller.at/p/stay-well-vegan-sheet-mask-aloe-2786750/|1 Stk.|STAY WELL Vegan Aloe Vera Tuchmaske mit Aloe- und Cica-Extrakten spendet Feuchtigkeit und Entspannung für eine junge und frische Haut.||||||||||||||||||||||Non-Organic||||"{'target_group': 'Damen|Unisex', 'manufacturer': 'Stay Company GmbH', 'Herstelleradresse': 'Hauptstrasse 24, 79650 Schopfheim, Germany.', 'Kontaktmöglichkeit': 'info@orientrade.com', 'dermatologically_tested': 'Ja', 'Anwendungshinweis': '""1. Reinigen und trocknen Sie Ihr Gesicht. Entfalten Sie die Tuchmaske und legen Sie diese auf das Gesicht. \n2. Entspannen Sie sich für 15-20 Minuten. Nehmen Sie dann die Maske vorsichtig ab und entsorgen Sie diese anschließend. \n3. Massieren Sie überschüssige aktive Bestandteile der Maske auf dem Gesicht sanft in die Haut ein.  Empfohlene Anwendung 2-3 Mal pro Woche. Sofort nach dem Öffnen benutzen. ""', 'package_contents': 'Aqua (Water), Glycerin, Methylpropanediol, Allantoin, Betaine, Salvia Officinalis (Sage) Leaf Extract, Lavandula Angustifolia (Lavender) Flower Extract, Rosmarinus Officinalis (Rosemary) Extract, Chamomilla Recutita (Matricaria) Flower Extract, Cymbopogon Schoenanthus Extract, Rubus Idaeus (Raspberry) Fruit Extract, Rubus Fruticosus (Blackberry) Fruit Extract, Euterpe Oleracea Fruit Extract, Vaccinium Myrtillus Fruit Extract, Vaccinium Macrocarpon (Cranberry) Fruit Extract, Ribes Nigrum (Black Currant) Fruit Extract, Vaccinium Angustifolium (Blueberry) Fruit Extract, Aloe Barbadensis Leaf Extract, Centella Asiatica Extract, Camellia Sinensis Leaf Extract, Cannabis Sativa Seed Oil, Tocopheryl Acetate, Ascorbic Acid, Sodium Citrate, Polyglyceryl-4 Caprate, Hydroxyethylcellulose, 1,2-Hexanediol, Hydroxyacetophenone, Disodium EDTA, Parfum', 'skin_type': 'alle Hauttypen', 'product_property': 'feuchtigkeitsspendend|glättend|reizlindernd', 'Inhalt': '1 Stk.', 'scope_of_application': 'Spezialpflege', 'Produkttyp': 'Maske'}"||||||||||||||5.0|2|2786750_1.png|https://static.mueller.de/pdzoom/4745090045451_STAY_Well_1.webp|2786750_2.png|https://static.mueller.de/pdzoom/4745090045451_STAY_Well_2.webp|2786750_3.png|https://static.mueller.de/pdzoom/4745090045451_STAY_Well_4.webp|2786750_4.png|https://static.mueller.de/pdzoom/4745090045451_STAY_Well_3.webp|2786750_5.png|https://static.mueller.de/pdzoom/4745090045451_STAY_Well_5.webp||||||||||||||Stay Company GmbH||||||||||1 Stk.|Aqua (Water), Glycerin, Methylpropanediol, Allantoin, Betaine, Salvia Officinalis (Sage) Leaf Extract, Lavandula Angustifolia (Lavender) Flower Extract, Rosmarinus Officinalis (Rosemary) Extract, Chamomilla Recutita (Matricaria) Flower Extract, Cymbopogon Schoenanthus Extract, Rubus Idaeus (Raspberry) Fruit Extract, Rubus Fruticosus (Blackberry) Fruit Extract, Euterpe Oleracea Fruit Extract, Vaccinium Myrtillus Fruit Extract, Vaccinium Macrocarpon (Cranberry) Fruit Extract, Ribes Nigrum (Black Currant) Fruit Extract, Vaccinium Angustifolium (Blueberry) Fruit Extract, Aloe Barbadensis Leaf Extract, Centella Asiatica Extract, Camellia Sinensis Leaf Extract, Cannabis Sativa Seed Oil, Tocopheryl Acetate, Ascorbic Acid, Sodium Citrate, Polyglyceryl-4 Caprate, Hydroxyethylcellulose, 1,2-Hexanediol, Hydroxyacetophenone, Disodium EDTA, Parfum||False||2786750P|||||||||1
2786751|mueller||||||||2024-10-28|STAY Well Vegan sheet mask - AVOCADO|STAY WELL||1|Stk.|Home|Drogerie|Pflege|Gesichtspflege|Spezialpflege|Maske|STAY Well Vegan sheet mask - AVOCADO|2,49 €|2,49 €||||||||||||||EUR|Home> Drogerie> Pflege> Gesichtspflege> Spezialpflege> Maske> STAY Well Vegan sheet mask - AVOCADO|https://www.mueller.at/p/stay-well-vegan-sheet-mask-avocado-2786751/|1 Stk.|STAY WELL Vegan Avocado Tuchmaske enthält eine einzigartige Mischung aus natürlichem Avocado-Extrakt und dem Extrakt von grünen Teeblättern, die Ihre Haut erfrischt und für Geschmeidigkeit sorgt.||||||||||||||||||||||Non-Organic||||"{'target_group': 'Damen|Unisex', 'manufacturer': 'Stay Company GmbH', 'Herstelleradresse': 'Hauptstrasse 24, 79650 Schopfheim, Germany.', 'Kontaktmöglichkeit': 'info@orientrade.com', 'dermatologically_tested': 'Ja', 'Anwendungshinweis': '""1. Reinigen und trocknen Sie Ihr Gesicht. Entfalten Sie die Tuchmaske und legen Sie diese auf das Gesicht. \n2. Entspannen Sie sich für 15-20 Minuten. Nehmen Sie dann die Maske vorsichtig ab und entsorgen Sie diese anschließend. \n3. Massieren Sie überschüssige aktive Bestandteile der Maske auf dem Gesicht sanft in die Haut ein.  Empfohlene Anwendung 2-3 Mal pro Woche. Sofort nach dem Öffnen benutzen. ""', 'package_contents': 'Aqua (Water), Glycerin, Methylpropanediol, Persea Gratissima (Avocado) Fruit Extract, Camellia Sinensis Leaf Extract, Salvia Officinalis (Sage) Leaf Extract, Lavandula Angustifolia (Lavender) Flower Extract, Rosmarinus Officinalis (Rosemary) Extract, Chamomilla Recutita (Matricaria) Flower Extract, Cymbopogon Schoenanthus Extract, Rubus Idaeus (Raspberry) Fruit Extract, Rubus Fruticosus (Blackberry) Fruit Extract, Euterpe Oleracea Fruit Extract, Vaccinium Myrtillus Fruit Extract, Vaccinium Macrocarpon (Cranberry) Fruit Extract, Ribes Nigrum (Black Currant) Fruit Extract, Vaccinium Angustifolium (Blueberry) Fruit Extract, Allantoin, Betaine, Ascorbic Acid, Sodium Citrate, Hydroxyethylcellulose, Polyglyceryl-4 Caprate, Disodium EDTA, Hydroxyacetophenone, 1,2-Hexanediol, Parfum\nx', 'skin_type': 'alle Hauttypen', 'product_property': 'feuchtigkeitsspendend|glättend|reizlindernd', 'Inhalt': '1 Stk.', 'scope_of_application': 'Spezialpflege', 'Produkttyp': 'Maske'}"||||||||||||||0|0|2786751_1.png|https://static.mueller.de/pdzoom/4745090045468_STAY_Well_1.webp|2786751_2.png|https://static.mueller.de/pdzoom/4745090045468_STAY_Well_2.webp|2786751_3.png|https://static.mueller.de/pdzoom/4745090045468_STAY_Well_3.webp|2786751_4.png|https://static.mueller.de/pdzoom/4745090045468_STAY_Well_4.webp|2786751_5.png|https://static.mueller.de/pdzoom/4745090045468_STAY_Well_5.webp||||||||||||||Stay Company GmbH||||||||||1 Stk.|"Aqua (Water), Glycerin, Methylpropanediol, Persea Gratissima (Avocado) Fruit Extract, Camellia Sinensis Leaf Extract, Salvia Officinalis (Sage) Leaf Extract, Lavandula Angustifolia (Lavender) Flower Extract, Rosmarinus Officinalis (Rosemary) Extract, Chamomilla Recutita (Matricaria) Flower Extract, Cymbopogon Schoenanthus Extract, Rubus Idaeus (Raspberry) Fruit Extract, Rubus Fruticosus (Blackberry) Fruit Extract, Euterpe Oleracea Fruit Extract, Vaccinium Myrtillus Fruit Extract, Vaccinium Macrocarpon (Cranberry) Fruit Extract, Ribes Nigrum (Black Currant) Fruit Extract, Vaccinium Angustifolium (Blueberry) Fruit Extract, Allantoin, Betaine, Ascorbic Acid, Sodium Citrate, Hydroxyethylcellulose, Polyglyceryl-4 Caprate, Disodium EDTA, Hydroxyacetophenone, 1,2-Hexanediol, Parfum
x"||True||2786751P|||||||||10
2786752|mueller||||||||2024-10-28|lavera Intense Volumizing Mascara|LAVERA||13|ml|Home|Parfümerie|Make-up|Augen|Mascara|lavera Intense Volumizing Mascara||9,85 €|9,85 €|||||||||||757,69 € / 1 l|||EUR|Home> Parfümerie> Make-up> Augen> Mascara> lavera Intense Volumizing Mascara|https://www.mueller.at/p/lavera-intense-volumizing-mascara-2786752/|13 ml|"Die lavera Intense Volumizing Mascara beeindruckt mit intensivem Schwarz und natürlichem Volumen für einen tollen Augenaufschlag. Dabei versorgt die vegane Rezeptur mit wirksamen Inhaltsstoffen aus der Natur die Wimpern mit sanfter Pflege. Reichhaltiges Bio-Jojobaöl pflegt die Wimpern besonders sanft. Dank der Rezeptur mit pflanzlichem Keratin fühlen sich die Wimpern gestärkt an. Die Mascara umhüllt und verdichtet die Wimpern für einen vervielfältigten Wimpernkranz. Das große Volumen-Bürstchen baut das Volumen Schicht für Schicht sanft auf ohne zu verkleben.
- Vegan
- Ohne Silikone 
- Ohne Mineralöl
- Ohne Mikroplastik
- Dermatologisch und augenärztlich getestet 
- Für Kontaktlinsenträger geeignet  
- Zertifizierte Naturkosmetik
- Made in Germany Für ausdrucksstarke WimpernMit großer Volumen-BürsteWimpern fühlen sich dank pflanzlichem Keratin gestärkt an.Vegan, ohne Silikone, ohne Mineralöl, ohne Mikroplastik, dermatologisch und augenärztlich getestet, für Kontaktlinsenträger geeignetZertifizierte Naturkosmetik, made in Germany"||||||||||||||||||||||Non-Organic||||"{'Wasserfest': 'Nein', 'Augenärztlich getestet': 'Ja', 'scope_of_delivery': '13 ml', 'Effekt': 'Volumen|verdichtend|verlängernd', 'target_group': 'Herren|Unisex|Damen', 'manufacturer': 'Laverana GmbH & Co. KG', 'Herstelleradresse': 'Am Weingarten 4, 30974 Wennigsen', 'dermatologically_tested': 'Ja', 'Anwendungshinweis': 'Das Bürstchen waagerecht halten und vom Ansatz bis in die Spitzen mit einer Zick-Zack-Technik seitlich hin und her bewegen. Bei Bedarf wiederholen um mehr Volumen zu erreichen.', 'package_contents': 'Water (Aqua), Iron Oxide (CI 77499), Alcohol* denat., Glyceryl Stearate SE, Diisostearoyl Polyglyceryl-3 Dimer Dilinoleate, Caprylic/Capric Triglyceride, Trihydroxystearin, Brassica Campestris/Aleurites Fordii Oil Copolymer, Rhus Verniciflua Peel Wax, Oryza Sativa (Bran) Wax, Inulin, Pullulan, Simmondsia Chinensis (Jojoba) Seed Oil*, Sorbitol, Alpha-Glucan Oligosaccharide, Xanthan Gum, Hydrolyzed Corn Protein, Hydrolyzed Wheat Protein, Trehalose, Acacia Senegal Gum, Hydrolyzed Soy Protein, Tocopherol, Helianthus Annuus (Sunflower) Seed Oil*, Ascorbyl Palmitate, Leuconostoc/Radish Root Ferment Filtrate, Fragrance (Parfum)**, Limonene**, Linalool**, Citral**, Citronellol**\n* ingredients from certified organic agriculture\n** from natural essential oils', 'Farbe': 'BLACK', 'skin_type': 'alle Hauttypen', 'Inhalt': '13 ml', 'scope_of_application': 'Augen', 'Produkttyp': 'Wimperntusche'}"||||||BLACK||||||||1.0|1|2786752_1.png|https://static.mueller.de/markant_04021457646852_pv_2825642/pdzoom/lavera-intense-volumizing-mascara.webp|2786752_2.png|https://static.mueller.de/markant_04021457646852_pd_4877571/pdzoom/lavera-intense-volumizing-mascara.webp|2786752_3.png|https://static.mueller.de/markant_04021457646852_pd_4877575/pdzoom/lavera-intense-volumizing-mascara.webp|2786752_4.png|https://static.mueller.de/markant_04021457646852_pd_2825641/pdzoom/lavera-intense-volumizing-mascara.webp|2786752_5.png|https://static.mueller.de/markant_04021457646852_pd_4877580/pdzoom/lavera-intense-volumizing-mascara.webp||||||||||||||Laverana GmbH & Co. KG||||||||||13 ml|"Water (Aqua), Iron Oxide (CI 77499), Alcohol* denat., Glyceryl Stearate SE, Diisostearoyl Polyglyceryl-3 Dimer Dilinoleate, Caprylic/Capric Triglyceride, Trihydroxystearin, Brassica Campestris/Aleurites Fordii Oil Copolymer, Rhus Verniciflua Peel Wax, Oryza Sativa (Bran) Wax, Inulin, Pullulan, Simmondsia Chinensis (Jojoba) Seed Oil*, Sorbitol, Alpha-Glucan Oligosaccharide, Xanthan Gum, Hydrolyzed Corn Protein, Hydrolyzed Wheat Protein, Trehalose, Acacia Senegal Gum, Hydrolyzed Soy Protein, Tocopherol, Helianthus Annuus (Sunflower) Seed Oil*, Ascorbyl Palmitate, Leuconostoc/Radish Root Ferment Filtrate, Fragrance (Parfum)**, Limonene**, Linalool**, Citral**, Citronellol**
* ingredients from certified organic agriculture
** from natural essential oils"||False||2786752P|||||||||1
2786753|mueller||||||||2024-10-28|STAY Well Vegan sheet mask - BLUEBERRY|STAY WELL||1|Stk.|Home|Drogerie|Pflege|Gesichtspflege|Spezialpflege|Maske|STAY Well Vegan sheet mask - BLUEBERRY|2,49 €|2,49 €||||||||||||||EUR|Home> Drogerie> Pflege> Gesichtspflege> Spezialpflege> Maske> STAY Well Vegan sheet mask - BLUEBERRY|https://www.mueller.at/p/stay-well-vegan-sheet-mask-blueberry-2786753/|1 Stk.|STAY WELL Vegan Blueberry Tuchmaske mit Blaubeerextrakt und Vitamin B ist reich an anti-oxidativen Eigenschaften, die Ihre Haut reinigen und beleben.||||||||||||||||||||||Non-Organic||||"{'target_group': 'Damen|Unisex', 'manufacturer': 'Stay Company GmbH', 'Herstelleradresse': 'Hauptstrasse 24, 79650 Schopfheim, Germany.', 'Kontaktmöglichkeit': 'info@orientrade.com', 'dermatologically_tested': 'Ja', 'Anwendungshinweis': '""1. Reinigen und trocknen Sie Ihr Gesicht. Entfalten Sie die Tuchmaske und legen Sie diese auf das Gesicht. \n2. Entspannen Sie sich für 15-20 Minuten. Nehmen Sie dann die Maske vorsichtig ab und entsorgen Sie diese anschließend. \n3. Massieren Sie überschüssige aktive Bestandteile der Maske auf dem Gesicht sanft in die Haut ein.  Empfohlene Anwendung 2-3 Mal pro Woche. Sofort nach dem Öffnen benutzen. ""', 'package_contents': 'Aqua (Water), Glycerin, Methylpropanediol, Salvia Officinalis (Sage) Leaf Extract, Lavandula Angustifolia (Lavender) Flower Extract, Rosmarinus Officinalis (Rosemary) Extract, Chamomilla Recutita (Matricaria) Flower Extract, Cymbopogon Schoenanthus Extract, Rubus Idaeus (Raspberry) Fruit Extract, Rubus Fruticosus (Blackberry) Fruit Extract, Euterpe Oleracea Fruit Extract, Vaccinium Myrtillus Fruit Extract, Vaccinium Macrocarpon (Cranberry) Fruit Extract, Ribes Nigrum (Black Currant) Fruit Extract, Vaccinium Angustifolium (Blueberry) Fruit Extract, Panthenol, Allantoin, Betaine, Ascorbic Acid, Sodium Citrate, Hydroxyethylcellulose, Polyglyceryl-4 Caprate, Disodium EDTA, Hydroxyacetophenone, 1,2-Hexanediol, Parfum', 'skin_type': 'alle Hauttypen', 'product_property': 'feuchtigkeitsspendend|glättend', 'Inhalt': '1 Stk.', 'scope_of_application': 'Spezialpflege', 'Produkttyp': 'Maske'}"||||||||||||||0|0|2786753_1.png|https://static.mueller.de/pdzoom/4745090045475_STAY_Well_1.webp|2786753_2.png|https://static.mueller.de/pdzoom/4745090045475_STAY_Well_2.webp|2786753_3.png|https://static.mueller.de/pdzoom/4745090045475_STAY_Well_4.webp|2786753_4.png|https://static.mueller.de/pdzoom/4745090045475_STAY_Well_3.webp|2786753_5.png|https://static.mueller.de/pdzoom/4745090045475_STAY_Well_5.webp||||||||||||||Stay Company GmbH||||||||||1 Stk.|Aqua (Water), Glycerin, Methylpropanediol, Salvia Officinalis (Sage) Leaf Extract, Lavandula Angustifolia (Lavender) Flower Extract, Rosmarinus Officinalis (Rosemary) Extract, Chamomilla Recutita (Matricaria) Flower Extract, Cymbopogon Schoenanthus Extract, Rubus Idaeus (Raspberry) Fruit Extract, Rubus Fruticosus (Blackberry) Fruit Extract, Euterpe Oleracea Fruit Extract, Vaccinium Myrtillus Fruit Extract, Vaccinium Macrocarpon (Cranberry) Fruit Extract, Ribes Nigrum (Black Currant) Fruit Extract, Vaccinium Angustifolium (Blueberry) Fruit Extract, Panthenol, Allantoin, Betaine, Ascorbic Acid, Sodium Citrate, Hydroxyethylcellulose, Polyglyceryl-4 Caprate, Disodium EDTA, Hydroxyacetophenone, 1,2-Hexanediol, Parfum||True||2786753P|||||||||10
2786755|mueller||||||||2024-10-28|STAY Well Vegan sheet mask - POMEGRANATE|STAY WELL||1|Stk.|Home|Drogerie|Pflege|Gesichtspflege|Spezialpflege|Maske|STAY Well Vegan sheet mask - POMEGRANATE|2,49 €|2,49 €||||||||||||||EUR|Home> Drogerie> Pflege> Gesichtspflege> Spezialpflege> Maske> STAY Well Vegan sheet mask - POMEGRANATE|https://www.mueller.at/p/stay-well-vegan-sheet-mask-pomegranate-2786755/|1 Stk.|STAY WELL Vegan Pomegranate Tuchmaske mit Granatapfel-Extrakt und löslichem Kollagen sorgt für eine straffe und junge Haut.||||||||||||||||||||||Non-Organic||||"{'target_group': 'Damen|Unisex', 'manufacturer': 'Stay Company GmbH', 'Herstelleradresse': 'Hauptstrasse 24, 79650 Schopfheim, Germany.', 'Kontaktmöglichkeit': 'info@orientrade.com', 'dermatologically_tested': 'Ja', 'Anwendungshinweis': '""1. Reinigen und trocknen Sie Ihr Gesicht. Entfalten Sie die Tuchmaske und legen Sie diese auf das Gesicht. \n2. Entspannen Sie sich für 15-20 Minuten. Nehmen Sie dann die Maske vorsichtig ab und entsorgen Sie diese anschließend. \n3. Massieren Sie überschüssige aktive Bestandteile der Maske auf dem Gesicht sanft in die Haut ein.  Empfohlene Anwendung 2-3 Mal pro Woche. Sofort nach dem Öffnen benutzen. ""', 'package_contents': 'Aqua (Water), Glycerin, Methylpropanediol, Punica Granatum Fruit Extract, Soluble Collagen, Salvia Officinalis (Sage) Leaf Extract, Lavandula Angustifolia (Lavender) Flower Extract, Rosmarinus Officinalis (Rosemary) Extract, Chamomilla Recutita (Matricaria) Flower Extract, Cymbopogon Schoenanthus Extract, Rubus Idaeus (Raspberry) Fruit Extract, Rubus Fruticosus (Blackberry) Fruit Extract, Euterpe Oleracea Fruit Extract, Vaccinium Myrtillus Fruit Extract, Vaccinium Macrocarpon (Cranberry) Fruit Extract, Ribes Nigrum (Black Currant) Fruit Extract, Vaccinium Angustifolium (Blueberry) Fruit Extract, Allantoin, Betaine, Ascorbic Acid, Sodium Citrate, Hydroxyethylcellulose, Polyglyceryl-4 Caprate, Disodium EDTA, Hydroxyacetophenone, 1,2-Hexanediol, Parfum', 'skin_type': 'alle Hauttypen', 'product_property': 'feuchtigkeitsspendend|glättend|vitalisierend', 'Inhalt': '1 Stk.', 'scope_of_application': 'Spezialpflege', 'Produkttyp': 'Maske'}"||||||||||||||0|0|2786755_1.png|https://static.mueller.de/pdzoom/4745090045482_STAY_Well_1.webp|2786755_2.png|https://static.mueller.de/pdzoom/4745090045482_STAY_Well_2.webp|2786755_3.png|https://static.mueller.de/pdzoom/4745090045482_STAY_Well_5.webp|2786755_4.png|https://static.mueller.de/pdzoom/4745090045482_STAY_Well_4.webp|2786755_5.png|https://static.mueller.de/pdzoom/4745090045482_STAY_Well_3.webp|2786755_6.png|https://static.mueller.de/pdzoom/4745090045482_STAY_Well_6.webp||||||||||||Stay Company GmbH||||||||||1 Stk.|Aqua (Water), Glycerin, Methylpropanediol, Punica Granatum Fruit Extract, Soluble Collagen, Salvia Officinalis (Sage) Leaf Extract, Lavandula Angustifolia (Lavender) Flower Extract, Rosmarinus Officinalis (Rosemary) Extract, Chamomilla Recutita (Matricaria) Flower Extract, Cymbopogon Schoenanthus Extract, Rubus Idaeus (Raspberry) Fruit Extract, Rubus Fruticosus (Blackberry) Fruit Extract, Euterpe Oleracea Fruit Extract, Vaccinium Myrtillus Fruit Extract, Vaccinium Macrocarpon (Cranberry) Fruit Extract, Ribes Nigrum (Black Currant) Fruit Extract, Vaccinium Angustifolium (Blueberry) Fruit Extract, Allantoin, Betaine, Ascorbic Acid, Sodium Citrate, Hydroxyethylcellulose, Polyglyceryl-4 Caprate, Disodium EDTA, Hydroxyacetophenone, 1,2-Hexanediol, Parfum||True||2786755P|||||||||10
2786756|mueller||||||||2024-10-28|STAY Well Vegan sheet mask - PEACH|STAY WELL||1|Stk.|Home|Drogerie|Pflege|Gesichtspflege|Spezialpflege|Maske|STAY Well Vegan sheet mask - PEACH|2,49 €|2,49 €||||||||||||||EUR|Home> Drogerie> Pflege> Gesichtspflege> Spezialpflege> Maske> STAY Well Vegan sheet mask - PEACH|https://www.mueller.at/p/stay-well-vegan-sheet-mask-peach-2786756/|1 Stk.|STAY WELL Vegan Peach Tuchmaske mit der Kraft von Pfirsich- und Haferextrakten nährt und hellt Ihre Haut auf.||||||||||||||||||||||Non-Organic||||"{'target_group': 'Damen|Unisex', 'manufacturer': 'Stay Company GmbH', 'Herstelleradresse': 'Hauptstrasse 24, 79650 Schopfheim, Germany.', 'Kontaktmöglichkeit': 'info@orientrade.com', 'dermatologically_tested': 'Ja', 'Anwendungshinweis': '""1. Reinigen und trocknen Sie Ihr Gesicht. Entfalten Sie die Tuchmaske und legen Sie diese auf das Gesicht. \n2. Entspannen Sie sich für 15-20 Minuten. Nehmen Sie dann die Maske vorsichtig ab und entsorgen Sie diese anschließend. \n3. Massieren Sie überschüssige aktive Bestandteile der Maske auf dem Gesicht sanft in die Haut ein.  Empfohlene Anwendung 2-3 Mal pro Woche. Sofort nach dem Öffnen benutzen. ""', 'package_contents': 'Aqua (Water), Glycerin, Methylpropanediol, Prunus Persica (Peach) Fruit Extract, Avena Sativa (Oat) Kernel Extract, Salvia Officinalis (Sage) Leaf Extract, Lavandula Angustifolia (Lavender) Flower Extract, Rosmarinus Officinalis (Rosemary) Extract, Chamomilla Recutita (Matricaria) Flower Extract, Cymbopogon Schoenanthus Extract, Rubus Idaeus (Raspberry) Fruit Extract, Rubus Fruticosus (Blackberry) Fruit Extract, Euterpe Oleracea Fruit Extract, Vaccinium Myrtillus Fruit Extract, Vaccinium Macrocarpon (Cranberry) Fruit Extract, Ribes Nigrum (Black Currant) Fruit Extract, Vaccinium Angustifolium (Blueberry) Fruit Extract, Allantoin, Betaine, Ascorbic Acid, Sodium Citrate, Hydroxyethylcellulose, Polyglyceryl-4 Caprate, Disodium EDTA, Hydroxyacetophenone, 1,2-Hexanediol, Parfum, Linalool', 'skin_type': 'alle Hauttypen', 'product_property': 'feuchtigkeitsspendend|glättend|vitalisierend', 'Inhalt': '1 Stk.', 'scope_of_application': 'Spezialpflege', 'Produkttyp': 'Maske'}"||||||||||||||0|0|2786756_1.png|https://static.mueller.de/pdzoom/4745090045680_STAY_Well_1.webp|2786756_2.png|https://static.mueller.de/pdzoom/4745090045680_STAY_Well_3.webp|2786756_3.png|https://static.mueller.de/pdzoom/4745090045680_STAY_Well_7.webp|2786756_4.png|https://static.mueller.de/pdzoom/4745090045680_STAY_Well_6.webp|2786756_5.png|https://static.mueller.de/pdzoom/4745090045680_STAY_Well_5.webp|2786756_6.png|https://static.mueller.de/pdzoom/4745090045680_STAY_Well_4.webp||||||||||||Stay Company GmbH||||||||||1 Stk.|Aqua (Water), Glycerin, Methylpropanediol, Prunus Persica (Peach) Fruit Extract, Avena Sativa (Oat) Kernel Extract, Salvia Officinalis (Sage) Leaf Extract, Lavandula Angustifolia (Lavender) Flower Extract, Rosmarinus Officinalis (Rosemary) Extract, Chamomilla Recutita (Matricaria) Flower Extract, Cymbopogon Schoenanthus Extract, Rubus Idaeus (Raspberry) Fruit Extract, Rubus Fruticosus (Blackberry) Fruit Extract, Euterpe Oleracea Fruit Extract, Vaccinium Myrtillus Fruit Extract, Vaccinium Macrocarpon (Cranberry) Fruit Extract, Ribes Nigrum (Black Currant) Fruit Extract, Vaccinium Angustifolium (Blueberry) Fruit Extract, Allantoin, Betaine, Ascorbic Acid, Sodium Citrate, Hydroxyethylcellulose, Polyglyceryl-4 Caprate, Disodium EDTA, Hydroxyacetophenone, 1,2-Hexanediol, Parfum, Linalool||True||2786756P|||||||||10
2786757|mueller||||||||2024-10-28|STAY Well Vegan sheet mask - COCONUT|STAY WELL||1|Stk.|Home|Drogerie|Pflege|Gesichtspflege|Spezialpflege|Maske|STAY Well Vegan sheet mask - COCONUT|2,49 €|2,49 €||||||||||||||EUR|Home> Drogerie> Pflege> Gesichtspflege> Spezialpflege> Maske> STAY Well Vegan sheet mask - COCONUT|https://www.mueller.at/p/stay-well-vegan-sheet-mask-coconut-2786757/|1 Stk.|Die Mischung aus Kokosnuss-Extrakt und Hyaluronsäure in STAY WELL Vegan Coconut Tuchmaske erhält den idealen Feuchtigkeitsgehalt Ihrer Haut für eine verjüngende und bleibende Wirkung.||||||||||||||||||||||Non-Organic||||"{'target_group': 'Damen|Unisex', 'manufacturer': 'Stay Company GmbH', 'Herstelleradresse': 'Hauptstrasse 24, 79650 Schopfheim, Germany.', 'Kontaktmöglichkeit': 'info@orientrade.com', 'dermatologically_tested': 'Ja', 'Anwendungshinweis': '""1. Reinigen und trocknen Sie Ihr Gesicht. Entfalten Sie die Tuchmaske und legen Sie diese auf das Gesicht. \n2. Entspannen Sie sich für 15-20 Minuten. Nehmen Sie dann die Maske vorsichtig ab und entsorgen Sie diese anschließend. \n3. Massieren Sie überschüssige aktive Bestandteile der Maske auf dem Gesicht sanft in die Haut ein.  Empfohlene Anwendung 2-3 Mal pro Woche. Sofort nach dem Öffnen benutzen. ""', 'package_contents': 'Aqua (Water), Glycerin, Methylpropanediol, Cocos Nucifera (Coconut) Fruit Extract, Sodium Hyaluronate, Salvia Officinalis (Sage) Leaf Extract, Lavandula Angustifolia (Lavender) Flower Extract, Rosmarinus Officinalis (Rosemary) Extract, Chamomilla Recutita (Matricaria) Flower Extract, Cymbopogon Schoenanthus Extract, Rubus Idaeus (Raspberry) Fruit Extract, Rubus Fruticosus (Blackberry) Fruit Extract, Euterpe Oleracea Fruit Extract, Vaccinium Myrtillus Fruit Extract, Vaccinium Macrocarpon (Cranberry) Fruit Extract, Ribes Nigrum (Black Currant) Fruit Extract, Vaccinium Angustifolium (Blueberry) Fruit Extract, Allantoin, Betaine, Ascorbic Acid, Sodium Citrate, Hydroxyethylcellulose, Polyglyceryl-4 Caprate, Disodium EDTA, Hydroxyacetophenone, 1,2-Hexanediol, Parfum', 'skin_type': 'alle Hauttypen', 'product_property': 'feuchtigkeitsspendend|glättend|vitalisierend', 'Inhalt': '1 Stk.', 'scope_of_application': 'Spezialpflege', 'Produkttyp': 'Maske'}"||||||||||||||0|0|2786757_1.png|https://static.mueller.de/pdzoom/4745090045505_STAY_Well_1.webp|2786757_2.png|https://static.mueller.de/pdzoom/4745090045505_STAY_Well_4.webp|2786757_3.png|https://static.mueller.de/pdzoom/4745090045505_STAY_Well_3.webp|2786757_4.png|https://static.mueller.de/pdzoom/4745090045505_STAY_Well_5.webp||||||||||||||||Stay Company GmbH||||||||||1 Stk.|Aqua (Water), Glycerin, Methylpropanediol, Cocos Nucifera (Coconut) Fruit Extract, Sodium Hyaluronate, Salvia Officinalis (Sage) Leaf Extract, Lavandula Angustifolia (Lavender) Flower Extract, Rosmarinus Officinalis (Rosemary) Extract, Chamomilla Recutita (Matricaria) Flower Extract, Cymbopogon Schoenanthus Extract, Rubus Idaeus (Raspberry) Fruit Extract, Rubus Fruticosus (Blackberry) Fruit Extract, Euterpe Oleracea Fruit Extract, Vaccinium Myrtillus Fruit Extract, Vaccinium Macrocarpon (Cranberry) Fruit Extract, Ribes Nigrum (Black Currant) Fruit Extract, Vaccinium Angustifolium (Blueberry) Fruit Extract, Allantoin, Betaine, Ascorbic Acid, Sodium Citrate, Hydroxyethylcellulose, Polyglyceryl-4 Caprate, Disodium EDTA, Hydroxyacetophenone, 1,2-Hexanediol, Parfum||True||2786757P|||||||||10
2786759|mueller||||||||2024-10-28|lavera 2in1 Micellar Make-up Remover|LAVERA||100|ml|Home|Parfümerie|Pflege|Gesichtspflege|Reinigung|Reinigungsmilch & -balm|lavera 2in1 Micellar Make-up Remover|6,95 €|6,95 €|||||||||||69,50 € / 1 l|||EUR|Home> Parfümerie> Pflege> Gesichtspflege> Reinigung> Reinigungsmilch & -balm> lavera 2in1 Micellar Make-up Remover|https://www.mueller.at/p/lavera-2in1-micellar-make-up-remover-2786759/|100 ml|"Der lavera 2in1 Micellar Make-up Remover befreit Haut und Wimpern gründlich und sanft von Make-up. Die Formel der Wasserphase sorgt mit ihrer wirksamen Mizellentechnologie für eine rückstandlose Make-up Entfernung. Die Formel der Ölphase ist besonders mild und sanft zur Haut. Durch die vegane Rezeptur mit Bio-Aloe Vera Saft und Bio-Gurken-Extrakt wirkt der Make-up Entferner erfrischend und feuchtigkeitsspendend.
- Vegan
- Ohne Silikone
- Ohne Mineralöl
- Ohne Mikroplastik
- Dermatologisch und augenärztlich getestet
- Für empfindliche Haut geeignet
- Zertifizierte Naturkosmetik
- Made in Germany Make-up Entferner mit Mizellentechnologie2 Phasen Produkt, besteht aus einer Öl- und Wasserphase.Erfrischende und feuchtigkeitsspendende FormelVegan, ohne Silikone, ohne Mineralöl, ohne Mikroplastik, dermatologisch und augenärztlich getestet, für empfindliche Haut geeignetZertifizierte Naturkosmetik, made in Germany"||||||||||||||||||||||Non-Organic||||"{'scope_of_delivery': '100 ml', 'manufacturer': 'Laverana GmbH & Co. KG', 'Herstelleradresse': 'Am Weingarten 4, 30974 Wennigsen', 'dermatologically_tested': 'Ja', 'Anwendungshinweis': 'Den 2 Phasen Make-up Remover vor der Anwendung kräftig schütteln. Eine kleine Menge des Eye Make-up Removers auf ein Wattepad oder Kosmetiktuch geben und damit sanft über die Augenlider und Wimpern streichen, bis das Make-up restlos entfernt ist. Bei Bedarf mit Wasser nachspülen.', 'package_contents': 'Water (Aqua), Dodecane, Caprylic/Capric Triglyceride, Glycerin, Alcohol* denat., Pentylene Glycol, Aloe Barbadensis Leaf Juice*, Cucumis Sativus (Cucumber) Fruit Extract*, Chamomilla Recutita (Matricaria) Flower Extract*, Vitis Vinifera (Grape) Fruit Extract*, Levulinic Acid, Sodium Levulinate, Sodium Hydroxide, Sodium Anisate, Arginine, Tocopherol, Helianthus Annuus (Sunflower) Seed Oil*, Disodium Cocoyl Glutamate, Lactic Acid, Sodium Cocoyl Glutamate, Fragrance (Parfum)**, Limonene**, Benzyl Salicylate**, Linalool**, Citral**, Citronellol**, Geraniol**\n\n* Ingredients from certified organic agriculture\n**natural essential oils', 'skin_type': 'alle Hauttypen', 'product_property': 'feuchtigkeitsspendend|erfrischend|reinigend', 'Inhalt': '100 ml', '2-phase_care': 'Ja', 'scope_of_application': 'Reinigung', 'Produkttyp': 'Gesichtsmassage'}"||||||||||||||1.0|2|2786759_1.png|https://static.mueller.de/markant_04021457646562_pv_4089491/pdzoom/lavera-2in1-micellar-make-up-remover.webp|2786759_2.png|https://static.mueller.de/markant_04021457646562_pd_4074789/pdzoom/lavera-2in1-micellar-make-up-remover.webp|2786759_3.png|https://static.mueller.de/markant_04021457646562_pd_4074788/pdzoom/lavera-2in1-micellar-make-up-remover.webp||||||||||||||||||Laverana GmbH & Co. KG||||||||||100 ml|"Water (Aqua), Dodecane, Caprylic/Capric Triglyceride, Glycerin, Alcohol* denat., Pentylene Glycol, Aloe Barbadensis Leaf Juice*, Cucumis Sativus (Cucumber) Fruit Extract*, Chamomilla Recutita (Matricaria) Flower Extract*, Vitis Vinifera (Grape) Fruit Extract*, Levulinic Acid, Sodium Levulinate, Sodium Hydroxide, Sodium Anisate, Arginine, Tocopherol, Helianthus Annuus (Sunflower) Seed Oil*, Disodium Cocoyl Glutamate, Lactic Acid, Sodium Cocoyl Glutamate, Fragrance (Parfum)**, Limonene**, Benzyl Salicylate**, Linalool**, Citral**, Citronellol**, Geraniol**

* Ingredients from certified organic agriculture
**natural essential oils"||True||2786759P|||||||||10
2747110|mueller||||||||2024-10-28|Käfer Schokoladen Kaviar|KÄFER||50|g|Home|Drogerie|Lebensmittel|Süßigkeiten|Schokolade|Käfer Schokoladen Kaviar||5,95 €|5,95 €|||||||||||119,00 € / 1 kg|||EUR|Home> Drogerie> Lebensmittel> Süßigkeiten> Schokolade> Käfer Schokoladen Kaviar|https://www.mueller.at/p/kaefer-schokoladen-kaviar-2747110/|50 g|Kaviar steht für Luxus und Stil. Genießen Sie das erlesene Highlight einmal in der süßen Variante. Ein knuspriger Keks-Kern mit edler, dunkler Kuvertüre überzogen, verpackt in einer Original Kaviardose. Ein delikater Leckerbissen für alle Süßen, die das Besondere lieben.|||||Deutschland|WEIZEN, MILCH, SOJA. Kann Spuren von EIERN und SCHALENFRÜCHTEN enthalten.|||||{'Nährwerte je': '100g', 'Brennwert': '2231 kj / 535 kcal', 'Fett in g': '32', '- davon gesättigte Fettsäuren in g': '20', 'Kohlenhydrate in g': '50', '- davon Zucker in g': '42', 'Eiweiß in g': '7.1', 'Salz in g': '0.38'}|||||||||||Non-Organic||||{'manufacturer': 'Feinkost Käfer GmbH', 'Herstelleradresse': 'Heimstettener Str. 1, 85599 Parsdorf', 'Herkunftsland': 'Deutschland', 'Allergenhinweis': 'WEIZEN, MILCH, SOJA. Kann Spuren von EIERN und SCHALENFRÜCHTEN enthalten.', 'Inhalt': '50 g', 'Zutaten': 'Zucker, kakaobohnen, Kakaobutter, Betreidebiskuitstückchen 12,5% (WEIZENMEHL, Zucker, WEIZENMEHL, WEIZENSTÄRKE, Backtriebmittel: E500ii, Salz, Kakaobutter, natülrliches Aroma), VOLLMILCHpulver, Emulgator: SOJALECITHINE, natürliches Vanilleexrakt.\xa0Kann spuren von EIERN und SCHALENFRÜCHTEN enthalten.', 'Produkttyp': 'Schokoladenartikel'}||||||||||||||0|0|2747110_1.png|https://static.mueller.de/6955440062-PV-0/pdzoom/kaefer-schokoladen-kaviar.webp||||||||||||||||||||||Feinkost Käfer GmbH||||||||||50 g|||True||2747110P|||||||||2
799375|mueller||||||||2024-10-28|Mentos Pure Fresh Mint Kaugummi|MENTOS||70|g|Home|Drogerie|Lebensmittel|Süßigkeiten|Kaugummi|Mentos Pure Fresh Mint Kaugummi||2,79 €|2,79 €|||||||||||39,86 € / 1 kg|||EUR|Home> Drogerie> Lebensmittel> Süßigkeiten> Kaugummi> Mentos Pure Fresh Mint Kaugummi|https://www.mueller.at/p/mentos-pure-fresh-mint-kaugummi-799375/|70 g|"Mentos Kaugummi Pure Fresh Fresh Mint — Pure Atemfrische mit frischem Pfefferminz-Geschmack

Beim Kauen entfaltet sich eine leichte und angenehme Schärfe von frischer Minze. Zusätzlich punktet das Kaugummi mit seinem lang anhaltenden Geschmack. Das Kaugummi in der praktischen, kurvigen Dose sorgt jederzeit für den perfekten Erfrischungsmoment. 

YES TO FRESH

• Knackig und lecker – Außen knackig glasiert und innen weich mit einem minzigen Kern steht Mentos Kaugummi für höchste Qualität
• Zuckerfrei genießen — Mentos Kaugummis Pure Fresh Fresh Mint enthalten keinen Zucker und weitaus weniger Kalorien als zuckerhaltige Kaugummis
• Laktosefrei, Glutenfrei Mentos Kaugummi Pure Fresh Fresh Mint - Frischer Atem ganz ohne Zucker"||||||SOJALECITHIN|||||{'Nährwerte je': '100  g', 'Brennwert': '754 kj / 181 kcal', 'Fett in g': '0.0 g', '- davon gesättigte Fettsäuren in g': '0.0 g', 'Kohlenhydrate in g': '73.0 g', '- davon Zucker in g': '0.0 g', 'Eiweiß in g': '0.0 g', 'Salz in g': '0.08 g'}|||||||||||Non-Organic||||{'manufacturer': 'Perfetti Van Melle Benelux B.V.', 'Herstelleradresse': 'P.O. Box 3000\n4800 DA Breda\nHolland', 'Kontaktmöglichkeit': 'info@cfp-brands.de', 'Allergenhinweis': 'SOJALECITHIN', 'Inhalt': '70 g', 'Zutaten': 'Süßungsmittel (Xylit (32%), Sorbit, Mannit, Maltitsirup, Aspartam, Acesulfam K), Kaumasse, Stabilisator (Glycerin), Aromen, Maltodextrin, Stärke, Emulgatoren (SOJALECITHIN, Zuckerester von Speisefettsäuren), Verdickungsmittel (Xanthan, Cellulosegummi), Kokosfett, Antioxidationsmittel (E321), Überzugsmittel (Carnaubawachs), Farbstoff (Brillantblau FCF).', 'Produkttyp': 'Kaugummi'}||||||||||||||0|0|799375_1.png|https://static.mueller.de/markant_00000080746829_pv_3445004/pdzoom/mentos-pure-fresh-mint-kaugummi.webp|799375_2.png|https://static.mueller.de/markant_00000080746829_pd_4591988/pdzoom/mentos-pure-fresh-mint-kaugummi.webp||||||||||||||||||||Perfetti Van Melle Benelux B.V.||||||||||70 g|||True||799375P||||"Enthält eine Phenylalaninquelle.
Kann bei übermäßigem Verzehr abführend wirken."|||||5
2786760|mueller||||||||2024-10-28|STAY Well Vegan sheet mask - PINEAPPLE|STAY WELL||1|Stk.|Home|Drogerie|Pflege|Gesichtspflege|Spezialpflege|Maske|STAY Well Vegan sheet mask - PINEAPPLE|2,49 €|2,49 €||||||||||||||EUR|Home> Drogerie> Pflege> Gesichtspflege> Spezialpflege> Maske> STAY Well Vegan sheet mask - PINEAPPLE|https://www.mueller.at/p/stay-well-vegan-sheet-mask-pineapple-2786760/|1 Stk.|STAY WELL Vegan Pineapple Tuchmaske enthält eine einzigartige Mischung aus konzentriertem Ananas- und Aloe-Extrakt, die für eine glatte und strahlende Haut sorgt.||||||||||||||||||||||Non-Organic||||"{'target_group': 'Unisex|Damen', 'manufacturer': 'Stay Company GmbH', 'Herstelleradresse': 'Hauptstrasse 24, 79650 Schopfheim, Germany.', 'Kontaktmöglichkeit': 'info@orientrade.com', 'dermatologically_tested': 'Ja', 'Anwendungshinweis': '""1. Reinigen und trocknen Sie Ihr Gesicht. Entfalten Sie die Tuchmaske und legen Sie diese auf das Gesicht. \n2. Entspannen Sie sich für 15-20 Minuten. Nehmen Sie dann die Maske vorsichtig ab und entsorgen Sie diese anschließend. \n3. Massieren Sie überschüssige aktive Bestandteile der Maske auf dem Gesicht sanft in die Haut ein.  Empfohlene Anwendung 2-3 Mal pro Woche. Sofort nach dem Öffnen benutzen. ""', 'package_contents': 'Aqua (Water), Glycerin, Methylpropanediol, Salvia Officinalis (Sage) Leaf Extract, Lavandula Angustifolia (Lavender) Flower Extract, Rosmarinus Officinalis (Rosemary) Extract, Chamomilla Recutita (Matricaria) Flower Extract, Cymbopogon Schoenanthus Extract, Rubus Idaeus (Raspberry) Fruit Extract, Rubus Fruticosus (Blackberry) Fruit Extract, Euterpe Oleracea Fruit Extract, Vaccinium Myrtillus Fruit Extract, Vaccinium Macrocarpon (Cranberry) Fruit Extract, Ribes Nigrum (Black Currant) Fruit Extract, Vaccinium Angustifolium (Blueberry) Fruit Extract, Ananas Sativus (Pineapple) Fruit Extract, Aloe Barbadensis Leaf Extract, Allantoin, Betaine, Ascorbic Acid, Sodium Citrate, Hydroxyethylcellulose, Polyglyceryl-4 Caprate, Disodium EDTA, Hydroxyacetophenone, 1,2-Hexanediol, Parfum', 'skin_type': 'alle Hauttypen', 'product_property': 'feuchtigkeitsspendend|glättend|vitalisierend', 'Inhalt': '1 Stk.', 'scope_of_application': 'Spezialpflege', 'Produkttyp': 'Maske'}"||||||||||||||0|0|2786760_1.png|https://static.mueller.de/pdzoom/4745090045697_STAY_Well_1.webp|2786760_2.png|https://static.mueller.de/pdzoom/4745090045697_STAY_Well_2.webp|2786760_3.png|https://static.mueller.de/pdzoom/4745090045697_STAY_Well_4.webp|2786760_4.png|https://static.mueller.de/pdzoom/4745090045697_STAY_Well_3.webp|2786760_5.png|https://static.mueller.de/pdzoom/4745090045697_STAY_Well_5.webp|2786760_6.png|https://static.mueller.de/pdzoom/4745090045697_STAY_Well_6.webp||||||||||||Stay Company GmbH||||||||||1 Stk.|Aqua (Water), Glycerin, Methylpropanediol, Salvia Officinalis (Sage) Leaf Extract, Lavandula Angustifolia (Lavender) Flower Extract, Rosmarinus Officinalis (Rosemary) Extract, Chamomilla Recutita (Matricaria) Flower Extract, Cymbopogon Schoenanthus Extract, Rubus Idaeus (Raspberry) Fruit Extract, Rubus Fruticosus (Blackberry) Fruit Extract, Euterpe Oleracea Fruit Extract, Vaccinium Myrtillus Fruit Extract, Vaccinium Macrocarpon (Cranberry) Fruit Extract, Ribes Nigrum (Black Currant) Fruit Extract, Vaccinium Angustifolium (Blueberry) Fruit Extract, Ananas Sativus (Pineapple) Fruit Extract, Aloe Barbadensis Leaf Extract, Allantoin, Betaine, Ascorbic Acid, Sodium Citrate, Hydroxyethylcellulose, Polyglyceryl-4 Caprate, Disodium EDTA, Hydroxyacetophenone, 1,2-Hexanediol, Parfum||True||2786760P|||||||||10
2169824|mueller||||||||2024-10-28|PAP-ART Klammern Christbäume Holz 8 Stück|PAP-ART||1|Stk.|Home|Schreibwaren|Büro|Bürobedarf|Sonstiges|PAP-ART Klammern Christbäume Holz 8 Stück||2,99 €|2,99 €||||||||||||||EUR|Home> Schreibwaren> Büro> Bürobedarf> Sonstiges> PAP-ART Klammern Christbäume Holz 8 Stück|https://www.mueller.at/p/pap-art-klammern-christbaeume-holz-8-stueck-2169824/|1 Stk.|PAP-ART Klammern Christbäume Holz 8 Stück||||||||||||||||||||||Non-Organic||||{'Inhalt': '1 Stk.', 'Produkttyp': 'Sonstiges'}||||||||||||||0|0|2169824_1.png|https://static.mueller.de/6851159732-PV-0/pdzoom/pap-art-klammern-christbaeume-holz-8-stueck.webp||||||||||||||||||||||||||||||||1 Stk.|||False||2169824P|||||||||1
2786762|mueller||||||||2024-10-28|STAY Well Vegan sheet mask - WATERMELON|STAY WELL||1|Stk.|Home|Drogerie|Pflege|Gesichtspflege|Spezialpflege|Maske|STAY Well Vegan sheet mask - WATERMELON|2,49 €|2,49 €||||||||||||||EUR|Home> Drogerie> Pflege> Gesichtspflege> Spezialpflege> Maske> STAY Well Vegan sheet mask - WATERMELON|https://www.mueller.at/p/stay-well-vegan-sheet-mask-watermelon-2786762/|1 Stk.|Die Kombination von Wassermelonen- und Litschi-Extrakt in der STAY WELL Vegan Watermelon Tuchmaske hat eine stark feuchtigkeitsspendende und beruhigende Wirkung.||||||||||||||||||||||Non-Organic||||"{'target_group': 'Damen|Unisex', 'manufacturer': 'Stay Company GmbH', 'Herstelleradresse': 'Hauptstrasse 24, 79650 Schopfheim, Germany.', 'Kontaktmöglichkeit': 'info@orientrade.com', 'dermatologically_tested': 'Ja', 'Anwendungshinweis': '""1. Reinigen und trocknen Sie Ihr Gesicht. Entfalten Sie die Tuchmaske und legen Sie diese auf das Gesicht. \n2. Entspannen Sie sich für 15-20 Minuten. Nehmen Sie dann die Maske vorsichtig ab und entsorgen Sie diese anschließend. \n3. Massieren Sie überschüssige aktive Bestandteile der Maske auf dem Gesicht sanft in die Haut ein.  Empfohlene Anwendung 2-3 Mal pro Woche. Sofort nach dem Öffnen benutzen. ""', 'package_contents': 'Aqua (Water), Glycerin, Methylpropanediol, Allantoin, Betaine, Citrullus Lanatus (Watermelon) Fruit Extract, Litchi Chinensis Fruit Extract, Salvia Officinalis (Sage) Leaf Extract, Lavandula Angustifolia (Lavender) Flower Extract, Rosmarinus Officinalis (Rosemary) Extract, Chamomilla Recutita (Matricaria) Flower Extract, Cymbopogon Schoenanthus Extract, Rubus Idaeus (Raspberry) Fruit Extract, Rubus Fruticosus (Blackberry) Fruit Extract, Euterpe Oleracea Fruit Extract, Vaccinium Myrtillus Fruit Extract, Vaccinium Macrocarpon (Cranberry) Fruit Extract, Ribes Nigrum (Black Currant) Fruit Extract, Vaccinium Angustifolium (Blueberry) Fruit Extract, Ascorbic Acid, Sodium Citrate, Polyglyceryl-4 Caprate, Hydroxyethylcellulose, 1,2-Hexanediol, Hydroxyacetophenone, Disodium EDTA, Parfum', 'skin_type': 'alle Hauttypen', 'product_property': 'feuchtigkeitsspendend|glättend|vitalisierend', 'Inhalt': '1 Stk.', 'scope_of_application': 'Spezialpflege', 'Produkttyp': 'Maske'}"||||||||||||||0|0|2786762_1.png|https://static.mueller.de/pdzoom/4745090045673_STAY_Well_1.webp|2786762_2.png|https://static.mueller.de/pdzoom/4745090045673_STAY_Well_2.webp|2786762_3.png|https://static.mueller.de/pdzoom/4745090045673_STAY_Well_5.webp|2786762_4.png|https://static.mueller.de/pdzoom/4745090045673_STAY_Well_4.webp|2786762_5.png|https://static.mueller.de/pdzoom/4745090045673_STAY_Well_3.webp||||||||||||||Stay Company GmbH||||||||||1 Stk.|Aqua (Water), Glycerin, Methylpropanediol, Allantoin, Betaine, Citrullus Lanatus (Watermelon) Fruit Extract, Litchi Chinensis Fruit Extract, Salvia Officinalis (Sage) Leaf Extract, Lavandula Angustifolia (Lavender) Flower Extract, Rosmarinus Officinalis (Rosemary) Extract, Chamomilla Recutita (Matricaria) Flower Extract, Cymbopogon Schoenanthus Extract, Rubus Idaeus (Raspberry) Fruit Extract, Rubus Fruticosus (Blackberry) Fruit Extract, Euterpe Oleracea Fruit Extract, Vaccinium Myrtillus Fruit Extract, Vaccinium Macrocarpon (Cranberry) Fruit Extract, Ribes Nigrum (Black Currant) Fruit Extract, Vaccinium Angustifolium (Blueberry) Fruit Extract, Ascorbic Acid, Sodium Citrate, Polyglyceryl-4 Caprate, Hydroxyethylcellulose, 1,2-Hexanediol, Hydroxyacetophenone, Disodium EDTA, Parfum||True||2786762P|||||||||10
2747127|mueller||||||||2024-10-28|Grissini Rubatà Nonno Cecare|||300|g|Home|Drogerie|Lebensmittel|Salzige Snacks|Grissini Rubatà Nonno Cecare|||4,95 €|4,95 €|||||||||||16,50 € / 1 kg|||EUR|Home> Drogerie> Lebensmittel> Salzige Snacks> Grissini Rubatà Nonno Cecare|https://www.mueller.at/p/grissini-rubata-nonno-cecare-2747127/|300 g|Das Original aus dem Piemont: Die feinen Grissini nach dem Original Rezept von Giacomo Bertolone, handgerollt, in verschiedenen Gewürzvarianten und mit bestem Olivenöl. Wunderbar zu Antipasti und Nudeln oder zu einem guten Vino.|||||Italien||||||{'Nährwerte je': '100g', 'Brennwert': '1741 kj / 416 kcal', 'Fett in g': '8.7', '- davon gesättigte Fettsäuren in g': '3.3', 'Kohlenhydrate in g': '72', '- davon Zucker in g': '4.5', 'Eiweiß in g': '10.5', 'Salz in g': '2.6'}|||||||||||Non-Organic||||{'manufacturer': 'Feinkost Käfer GmbH', 'Herstelleradresse': 'Heimstettener Str. 1, 85599 Parsdorf', 'Herkunftsland': 'Italien', 'Inhalt': '300 g', 'Zutaten': 'WEIZENMEHL, Schweinefett, Salz, gemälzter KORNMEHL, Bierhefe. Kann Spuren von Sesam, Milch und Soja enthalten.', 'Produkttyp': 'Salzige Snacks'}||||||||||||||0|0|2747127_1.png|https://static.mueller.de/6958432909-PV-0/pdzoom/grissini-rubata-nonno-cecare.webp||||||||||||||||||||||Feinkost Käfer GmbH||||||||||300 g|||True||2747127P|||||||||10
2904699|mueller||||||||2024-10-28|munkees D-Form Karabiner Ø 6 x 60 mm|||1|Stk.|Home|Haushalt|Wohnen & Dekorieren|Outdoor|munkees D-Form Karabiner Ø 6 x 60 mm|||4,99 €|4,99 €||||||||||||||EUR|Home> Haushalt> Wohnen & Dekorieren> Outdoor> munkees D-Form Karabiner Ø 6 x 60 mm|https://www.mueller.at/p/munkees-d-form-karabiner-6-x-60-mm-IPN2904699/|1 Stk.|"Karabiner aus eloxiertem Aluminium in verschiedenen Formen
Dieser Artikel ist sortiert. Die Farbe wird zufällig ausgewählt und lässt sich nicht vorab bestimmen."||||||||||||||||||||||Non-Organic||||{'manufacturer': 'AceCamp GmbH', 'Herstelleradresse': 'Weiskircher Weg 9, DE-63150 Heusenstamm', 'Kontaktmöglichkeit': 'info@acecamp.de', 'Materialdetails': 'Aluminiumlegierung, Edelstahl, Eisen', 'Inhalt': '1 Stk.'}||||||||Aluminiumlegierung, Edelstahl, Eisen||||||0|0|2904699_1.png|https://static.mueller.de/pdzoom/6932057832065.webp|2904699_2.png|https://static.mueller.de/pdzoom/6932057832065_1.webp|2904699_3.png|https://static.mueller.de/pdzoom/6932057832065_2.webp|2904699_4.png|https://static.mueller.de/pdzoom/6932057832065_4.webp|2904699_5.png|https://static.mueller.de/pdzoom/6932057832065_3.webp||||||||||||||AceCamp GmbH||||||||||1 Stk.|||True||2904699P|||||||||10
2786770|mueller||||||||2024-10-28|It'S Skin Collagen Nutrition Serum+|ITSSKIN||40|ml|Home|Drogerie|Pflege|Gesichtspflege|Spezialpflege|Seren & Ampullen|It'S Skin Collagen Nutrition Serum+|19,95 €|19,95 €|||||||||||498,75 € / 1 l|||EUR|Home> Drogerie> Pflege> Gesichtspflege> Spezialpflege> Seren & Ampullen> It'S Skin Collagen Nutrition Serum+|https://www.mueller.at/p/its-skin-collagen-nutrition-serum-2786770/|40 ml|Eine intensiv straffende Pflegelinie, die die Elastizität der Haut verbessert und die Haut straff und revitalisiert. Das Nutri-Active Collagen Nutrition-Serum zur Stärkung der Widerstandskraft der Haut. Ein nährendes Serum mit hautstraffendem Collagen-Extrakt und Saussurea lnvolucrata-Extrakt für feuchtigkeitsspendende und reinigende Pflege sowie Malzextrakt und Bärentraubenextrakt, die reich an verschiedenen Aminosäuren sind und die Haut mit reichlich Feuchtigkeit versorgen.||||||||||||||||||||||Non-Organic||||"{'target_group': 'Herren|Unisex|Damen', 'manufacturer': 'It’S Hanbul Co., Ltd.,South-Korea', 'Herstelleradresse': '311, Hakdong-ro, Gangnam-gu, Seoul,  Republic of Korea', 'Kontaktmöglichkeit': 'info@orientrade.com', 'dermatologically_tested': 'Ja', 'Anwendungshinweis': 'Nach dem Gesichtswasser eine geeignete Menge (2-3 Tropfen) entnehmen, sanft einklopfen und gleichmäßig über Gesicht- und Halsbereich verteilen.', 'package_contents': 'Water, Hydrolyzed Collagen, Glycereth-26, Butylene Glycol, Cyclomethicone, Butylene Glycol Dicaprylate/Dicaprate, Mangifera Indica (Mango) Seed Butter, Peg-32, Glyceryl Polyacrylate, Ethoxydiglycol, Peg-20 Methyl Glucose Sesquistearate, Laminaria Japonica Extract, Cetyl Alcohol, \xa0Polysorbate 60, Polyacrylate-13, Sorbitan Oleate, Caprylyl Glycol, Polyisobutene, Polyacrylate-13, Sorbitan Oleate, \xa0Caprylyl Glycol, Polyisobutene, Fragrance, Methyl Glucose Sesquistearate, Glycerin, Ethylhexylglycerin, Dimethicone, Hydrolyzed Malt Extract, Saussurea Involucrata Extract, Tocopheryl Acetate, Panthenol, Stearic Acid, Dimethiconol, \xa0Polysorbate 20, Arctostaphylos Uva Ursi Leaf Extract, Carbomer, Triethanolamine, Xanthan Gum, Bht, Disodium Edta, Yellow 6 (Ci 15985), Red 4 (Ci 14700)', 'skin_type': 'alle Hauttypen', 'product_property': 'regenerierend|vitalisierend|hautbildverfeinernd', 'Inhalt': '40 ml', 'scope_of_application': 'Spezialpflege', 'Produkttyp': 'Serum'}"||||||||||||||5.0|1|2786770_1.png|https://static.mueller.de/pdzoom/8809663576011_Its_Skin_1_06092024.webp|2786770_2.png|https://static.mueller.de/pdzoom/8809663576011_Its_Skin_3_06092024.webp|2786770_3.png|https://static.mueller.de/pdzoom/8809663576011_Its_Skin_4_06092024.webp|2786770_4.png|https://static.mueller.de/pdzoom/8809663576011_Its_Skin_2_06092024.webp||||||||||||||||It’S Hanbul Co., Ltd.,South-Korea||||||||||40 ml|Water, Hydrolyzed Collagen, Glycereth-26, Butylene Glycol, Cyclomethicone, Butylene Glycol Dicaprylate/Dicaprate, Mangifera Indica (Mango) Seed Butter, Peg-32, Glyceryl Polyacrylate, Ethoxydiglycol, Peg-20 Methyl Glucose Sesquistearate, Laminaria Japonica Extract, Cetyl Alcohol,  Polysorbate 60, Polyacrylate-13, Sorbitan Oleate, Caprylyl Glycol, Polyisobutene, Polyacrylate-13, Sorbitan Oleate,  Caprylyl Glycol, Polyisobutene, Fragrance, Methyl Glucose Sesquistearate, Glycerin, Ethylhexylglycerin, Dimethicone, Hydrolyzed Malt Extract, Saussurea Involucrata Extract, Tocopheryl Acetate, Panthenol, Stearic Acid, Dimethiconol,  Polysorbate 20, Arctostaphylos Uva Ursi Leaf Extract, Carbomer, Triethanolamine, Xanthan Gum, Bht, Disodium Edta, Yellow 6 (Ci 15985), Red 4 (Ci 14700)||True||2786770P|||||||||10
2786771|mueller||||||||2024-10-28|It'S Skin Collagen Nutrition Cream+|ITSSKIN||50|ml|Home|Drogerie|Pflege|Gesichtspflege|Tagespflege|It'S Skin Collagen Nutrition Cream+||16,95 €|16,95 €|||||||||||339,00 € / 1 l|||EUR|Home> Drogerie> Pflege> Gesichtspflege> Tagespflege> It'S Skin Collagen Nutrition Cream+|https://www.mueller.at/p/its-skin-collagen-nutrition-cream-2786771/|50 ml|Eine intensiv straffende Pflegelinie, die die Elastizität der Haut verbessert und die Haut straff und revitalisiert. Die Nutri-Active Collagen Nutrition-Creme strafft und glättet die Haut. Eine nährende Creme mit hautstraffendem Collagen-Extrakt und Saussurea Involucrata-Extrakt für die feuchtigkeitsspendende und reinigende Pflege sowie Malzextrakt und Bärentraubenextrakt, die reich an verschiedenen Aminosäuren sind und die Haut straffen.||||||||||||||||||||||Non-Organic||||"{'target_group': 'Herren|Unisex|Damen', 'manufacturer': 'It’S Hanbul Co., Ltd.,South-Korea', 'Herstelleradresse': '311, Hakdong-ro, Gangnam-gu, Seoul,  Republic of Korea', 'Kontaktmöglichkeit': 'info@orientrade.com', 'dermatologically_tested': 'Ja', 'Anwendungshinweis': 'Geben Sie eine ausreichende Menge des Produkts auf die Hand und massieren Sie diese in sanften kreisenden Bewegungen in Ihr Gesicht und den Hals ein.', 'package_contents': 'Aqua, Octyldodecanol, Cyclomethicone, Butylene Glycol, Glycereth-26, Cetearyl Alcohol, Glycerin, PEG-20 Methyl Glucose Sesquistearate, Sodium Polyacrylate, 1,2-Hexanediol, Ethylhexyl Stearate, Caprylyl Glycol, Ethylhexylglycerin, Hydrolyzed Collagen, Methyl Glucose Sesquistearate, Parfum, Propylene Glycol, Tocopheryl Acetate, Laminaria Japonica Extract, Trideceth-6, Hydrolyzed Malt Extract, Sodium Hyaluronate, Benzyl Salicylate, Saussurea Involucrata Extract, Alpha-Isomethyl Ionone, Linalool, Disodium EDTA, Hexyl Cinnamal, Hydroxycitronellal, Citronellol, Ethyl Hexanediol, Geraniol, Arctostaphylos Uva-Ursi Leaf Extract, Phenoxyethanol, CI 15985, CI 14700', 'skin_type': 'alle Hauttypen', 'product_property': 'feuchtigkeitsspendend|regenerierend|vitalisierend|hautbildverfeinernd', 'Inhalt': '50 ml', 'scope_of_application': 'Tagespflege', 'Produkttyp': 'Creme'}"||||||||||||||4.5|2|2786771_1.png|https://static.mueller.de/pdzoom/8809663576028_Its_Skin_1_06092024.webp|2786771_2.png|https://static.mueller.de/pdzoom/8809663576028_Its_Skin_2_06092024.webp|2786771_3.png|https://static.mueller.de/pdzoom/8809663576028_Its_Skin_4_06092024.webp|2786771_4.png|https://static.mueller.de/pdzoom/8809663576028_Its_Skin_3_06092024.webp||||||||||||||||It’S Hanbul Co., Ltd.,South-Korea||||||||||50 ml|Aqua, Octyldodecanol, Cyclomethicone, Butylene Glycol, Glycereth-26, Cetearyl Alcohol, Glycerin, PEG-20 Methyl Glucose Sesquistearate, Sodium Polyacrylate, 1,2-Hexanediol, Ethylhexyl Stearate, Caprylyl Glycol, Ethylhexylglycerin, Hydrolyzed Collagen, Methyl Glucose Sesquistearate, Parfum, Propylene Glycol, Tocopheryl Acetate, Laminaria Japonica Extract, Trideceth-6, Hydrolyzed Malt Extract, Sodium Hyaluronate, Benzyl Salicylate, Saussurea Involucrata Extract, Alpha-Isomethyl Ionone, Linalool, Disodium EDTA, Hexyl Cinnamal, Hydroxycitronellal, Citronellol, Ethyl Hexanediol, Geraniol, Arctostaphylos Uva-Ursi Leaf Extract, Phenoxyethanol, CI 15985, CI 14700||True||2786771P|||||||||6
2786772|mueller||||||||2024-10-28|It'S Skin Collagen Nutrition Eye Cream+|ITSSKIN||25|ml|Home|Drogerie|Pflege|Gesichtspflege|Augenpflege|It'S Skin Collagen Nutrition Eye Cream+||16,95 €|16,95 €|||||||||||678,00 € / 1 l|||EUR|Home> Drogerie> Pflege> Gesichtspflege> Augenpflege> It'S Skin Collagen Nutrition Eye Cream+|https://www.mueller.at/p/its-skin-collagen-nutrition-eye-cream-2786772/|25 ml|Eine intensiv straffende Pflegelinie, die die Elastizität der Haut verbessert und die Haut straff und revitalisiert. Die Nutri-Active Collagen Nutrition-Creme spendet der Haut der Augenpartie Feuchtigkeit und Elastizität. Eine nährende Augencreme mit hautstraffendem Collagen-Extrakt und Saussurea lnvolucrata-Extrakt zum Schutz der Haut der Augenpartie und zur Linderung von Müdigkeit und Elastizitätsverlust, sowie Malzextrakt und Bärentraubenextrakt für zusätzlichen Schutz der Haut der Augenpartie.||||||||||||||||||||||Non-Organic||||"{'target_group': 'Herren|Unisex|Damen', 'manufacturer': 'It’S Hanbul Co., Ltd.,South-Korea', 'Herstelleradresse': '311, Hakdong-ro, Gangnam-gu, Seoul,  Republic of Korea', 'Kontaktmöglichkeit': 'info@orientrade.com', 'dermatologically_tested': 'Ja', 'Anwendungshinweis': 'Entnehmen Sie eine geeignete Menge und tragen Sie sie mit den Fingern sanft unter den Augen, auf den Augenlidern und unterhalb Augenbrauen auf. Leicht einklopfen, um die Aufnahme zu erleichtern.', 'package_contents': 'Aqua, Butylene Glycol, Butylene Glycol Dicaprylate/Dicaprate, Dimethicone, PEG-20 Methyl Glucose Sesquistearate, Behenyl Alcohol, Betaine, Cetyl Alcohol, Glycereth-26, Glyceryl Stearate, PEG-4 Olivate, Paraffin, Neopentyl Glycol Diheptanoate, 1,2-Hexanediol, Tocopheryl Acetate, Polyacrylamide, Caprylyl Glycol, Ethylhexylglycerin, Hydrolyzed Collagen, Parfum, Polysilicone-11, PEG-100 Stearate, C13-14 Isoparaffin, Hydrogenated Lecithin, Panthenol, Propylene Glycol, Laminaria Japonica Extract, Laureth-7, Ceramide NP, Hydrolyzed Malt Extract, Benzyl Salicylate, BHT, Saussurea Involucrata Extract, Alpha-Isomethyl Ionone, Linalool, Disodium EDTA, Hexyl Cinnamal, Hydroxycitronellal, Citronellol, Arctostaphylos Uva-Ursi Leaf Extract, Ethyl Hexanediol, Geraniol, Phenoxyethanol', 'skin_type': 'alle Hauttypen', 'product_property': 'feuchtigkeitsspendend|regenerierend|vitalisierend|hautbildverfeinernd', 'Inhalt': '25 ml', 'scope_of_application': 'Augenpflege', 'Produkttyp': 'Creme'}"||||||||||||||0|0|2786772_1.png|https://static.mueller.de/pdzoom/8809663576035_Its_Skin_1_06092024.webp|2786772_2.png|https://static.mueller.de/pdzoom/8809663576035_Its_Skin_2_06092024.webp|2786772_3.png|https://static.mueller.de/pdzoom/8809663576035_Its_Skin_3_06092024.webp|2786772_4.png|https://static.mueller.de/pdzoom/8809663576035_Its_Skin_4_06092024.webp||||||||||||||||It’S Hanbul Co., Ltd.,South-Korea||||||||||25 ml|Aqua, Butylene Glycol, Butylene Glycol Dicaprylate/Dicaprate, Dimethicone, PEG-20 Methyl Glucose Sesquistearate, Behenyl Alcohol, Betaine, Cetyl Alcohol, Glycereth-26, Glyceryl Stearate, PEG-4 Olivate, Paraffin, Neopentyl Glycol Diheptanoate, 1,2-Hexanediol, Tocopheryl Acetate, Polyacrylamide, Caprylyl Glycol, Ethylhexylglycerin, Hydrolyzed Collagen, Parfum, Polysilicone-11, PEG-100 Stearate, C13-14 Isoparaffin, Hydrogenated Lecithin, Panthenol, Propylene Glycol, Laminaria Japonica Extract, Laureth-7, Ceramide NP, Hydrolyzed Malt Extract, Benzyl Salicylate, BHT, Saussurea Involucrata Extract, Alpha-Isomethyl Ionone, Linalool, Disodium EDTA, Hexyl Cinnamal, Hydroxycitronellal, Citronellol, Arctostaphylos Uva-Ursi Leaf Extract, Ethyl Hexanediol, Geraniol, Phenoxyethanol||True||2786772P|||||||||10
2786773|mueller||||||||2024-10-28|It'S Skin Collagen Nutrition Toner+|ITSSKIN||150|ml|Home|Drogerie|Pflege|Gesichtspflege|Reinigung|Gesichtsreiniger|It'S Skin Collagen Nutrition Toner+|16,95 €|16,95 €|||||||||||113,00 € / 1 l|||EUR|Home> Drogerie> Pflege> Gesichtspflege> Reinigung> Gesichtsreiniger> It'S Skin Collagen Nutrition Toner+|https://www.mueller.at/p/its-skin-collagen-nutrition-toner-2786773/|150 ml|Eine intensiv straffende Pflegelinie, die die Elastizität der Haut verbessert und die Haut straff und revitalisiert. Nutri-Active Collagen Nutrition-Toner für ein strahlendes und glattes Hautbild. Ein nährendes Gesichtswasser mit hautstraffendem Collagen-Extrakt und Saussurea lnvolucrata-Extrakt für feuchtigkeitsspendende und reinigende Pflege sowie Malzextrakt und Bärentraubenextrakt, die reich an verschiedenen Aminosäuren sind und einen revitalisierten, geschmeidigen Teint hinterlassen.||||||||||||||||||||||Non-Organic||||"{'target_group': 'Herren|Unisex|Damen', 'manufacturer': 'It’S Hanbul Co., Ltd.,South-Korea', 'Herstelleradresse': '311, Hakdong-ro, Gangnam-gu, Seoul,  Republic of Korea', 'Kontaktmöglichkeit': 'info@orientrade.com', 'dermatologically_tested': 'Ja', 'Anwendungshinweis': 'Geben Sie eine angemessene Menge des Produkts auf einen Wattebausch und streichen Sie damit sanft über Gesicht und Hals.', 'package_contents': 'Aqua, Butylene Glycol, Alcohol Denat., Glycerin, Peg-11 Methyl Ether Dimethicone, Cyclomethicone, Neopentyl Glycol Diheptanoate, Caprylyl Glycol, Ethylhexylglycerin, Peg-60 Hydrogenated Castor Oil, Parfume, Carbomer, 1,2-Hexanediol, Tromethamine, Peg-40 Hydrogenated Castor Oil, Ppg-26-Buteth-26, Propylene Glycol, Hydrolyzed Collagen, Laminaria Japonica Extract, Tocopheryl Acetate, Xanthan Gum, Benzyl Salicylate, Alpha-Isomethyl Ionone , Disodium Edta, Saussurea Involucrata Extract, Linalool, Hexyl Cinnamal, Hydroxycitronellal, Propagermanium, Citronellol, Hydrolyzed Malt Extract, Geraniol, Arctostaphylos Uva-Ursi Leaf Extract, Ethyl Hexanediol, Phenoxyethanol, Ci 14700, Ci 15985', 'skin_type': 'alle Hauttypen', 'product_property': 'feuchtigkeitsspendend|regenerierend|vitalisierend|hautbildverfeinernd', 'Inhalt': '150 ml', 'scope_of_application': 'Reinigung', 'Produkttyp': 'Gesichtswasser'}"||||||||||||||5.0|1|2786773_1.png|https://static.mueller.de/pdzoom/8809663575991_Its_Skin_1_06092024.webp|2786773_2.png|https://static.mueller.de/pdzoom/8809663575991_Its_Skin_2_06092024.webp|2786773_3.png|https://static.mueller.de/pdzoom/8809663575991_Its_Skin_3_06092024.webp|2786773_4.png|https://static.mueller.de/pdzoom/8809663575991_Its_Skin_4_06092024.webp||||||||||||||||It’S Hanbul Co., Ltd.,South-Korea||||||||||150 ml|Aqua, Butylene Glycol, Alcohol Denat., Glycerin, Peg-11 Methyl Ether Dimethicone, Cyclomethicone, Neopentyl Glycol Diheptanoate, Caprylyl Glycol, Ethylhexylglycerin, Peg-60 Hydrogenated Castor Oil, Parfume, Carbomer, 1,2-Hexanediol, Tromethamine, Peg-40 Hydrogenated Castor Oil, Ppg-26-Buteth-26, Propylene Glycol, Hydrolyzed Collagen, Laminaria Japonica Extract, Tocopheryl Acetate, Xanthan Gum, Benzyl Salicylate, Alpha-Isomethyl Ionone , Disodium Edta, Saussurea Involucrata Extract, Linalool, Hexyl Cinnamal, Hydroxycitronellal, Propagermanium, Citronellol, Hydrolyzed Malt Extract, Geraniol, Arctostaphylos Uva-Ursi Leaf Extract, Ethyl Hexanediol, Phenoxyethanol, Ci 14700, Ci 15985||True||2786773P|||||||||10
2786775|mueller||||||||2024-10-28|It'S Skin Collagen Nutrition Mask Sheet|ITSSKIN||1|Stk.|Home|Drogerie|Pflege|Gesichtspflege|Spezialpflege|Maske|It'S Skin Collagen Nutrition Mask Sheet|1,90 €|1,90 €||||||||||||||EUR|Home> Drogerie> Pflege> Gesichtspflege> Spezialpflege> Maske> It'S Skin Collagen Nutrition Mask Sheet|https://www.mueller.at/p/its-skin-collagen-nutrition-mask-sheet-2786775/|1 Stk.|Straffende hydrolysierte Meereskollagen-Maske. Unterstützt die natürliche Kollagenregeneration, strafft und beruhigt Ihre Haut. Hilft der Haut, sich zu revitalisieren und zu erholen. Die Maske ist mit feuchtigkeitsspendenden natürlichen Inhaltsstoffen angereichert, die das natürliche Feuchtigkeitsgleichgewicht der Haut wiederherstellen und die Haut jugendlich und geschmeidig machen. Hauttypen: Für reife Haut||||||||||||||||||||||Non-Organic||||"{'target_group': 'Herren|Unisex|Damen', 'manufacturer': 'It’S Hanbul Co., Ltd.,South-Korea', 'Herstelleradresse': '311, Hakdong-ro, Gangnam-gu, Seoul,  Republic of Korea', 'Kontaktmöglichkeit': 'info@orientrade.com', 'dermatologically_tested': 'Ja', 'Anwendungshinweis': '""1. Die Tuchmaske nach der Reinigung auf das Gesicht auflegen.\n3. Die Maske 10-20 Minuten einwirken lassen und dann entfernen.\n4. Verbleibende Essenz sanft einklopfen, bis sie ganz aufgenommen ist.""', 'package_contents': 'Water, Dipropylene Glycol, Glycerin, Caprylic/Capric Triglyceride, Hydrolyzed Collagen(1000ppm), Arctostaphylos Uva Ursi Leaf Extract, Saussurea Involucrata Extract, Methylpropanediol, Propanediol, Hydroxyethylcellulose, Carbomer, Arginine, Sorbitan Stearate, Sucrose Cocoate, Sorbitan Sesquioleate, Disodium EDTA, Chlorphenesin, Glycyrrhiza Glabra (Licorice) Root Extract, Zingiber Officinale (Ginger) Root Extract, Schizandra Chinensis Fruit Extract, Coptis Japonica Root Extract, Camellia Sinensis Leaf Extract, Caprylyl Glycol, Butylene Glycol, 1,2-Hexanediol, Citrus Grandis (Grapefruit) Seed Extract, Acorus Calamus Root Extract, Perilla Ocymoides Leaf Extract, Fragrance', 'skin_type': 'alle Hauttypen', 'product_property': 'feuchtigkeitsspendend|regenerierend|vitalisierend|hautbildverfeinernd', 'Inhalt': '1 Stk.', 'scope_of_application': 'Spezialpflege', 'Produkttyp': 'Maske'}"||||||||||||||5.0|1|2786775_1.png|https://static.mueller.de/pdzoom/8809454024110_Its_Skin_1_06092024.webp|2786775_2.png|https://static.mueller.de/pdzoom/8809454024110_Its_Skin_2_06092024.webp||||||||||||||||||||It’S Hanbul Co., Ltd.,South-Korea||||||||||1 Stk.|Water, Dipropylene Glycol, Glycerin, Caprylic/Capric Triglyceride, Hydrolyzed Collagen(1000ppm), Arctostaphylos Uva Ursi Leaf Extract, Saussurea Involucrata Extract, Methylpropanediol, Propanediol, Hydroxyethylcellulose, Carbomer, Arginine, Sorbitan Stearate, Sucrose Cocoate, Sorbitan Sesquioleate, Disodium EDTA, Chlorphenesin, Glycyrrhiza Glabra (Licorice) Root Extract, Zingiber Officinale (Ginger) Root Extract, Schizandra Chinensis Fruit Extract, Coptis Japonica Root Extract, Camellia Sinensis Leaf Extract, Caprylyl Glycol, Butylene Glycol, 1,2-Hexanediol, Citrus Grandis (Grapefruit) Seed Extract, Acorus Calamus Root Extract, Perilla Ocymoides Leaf Extract, Fragrance||True||2786775P|||||||||10
2786776|mueller||||||||2024-10-28|It'S Skin Hyaluronic Acid Moisture Serum+|ITSSKIN||40|ml|Home|Drogerie|Pflege|Gesichtspflege|Spezialpflege|Seren & Ampullen|It'S Skin Hyaluronic Acid Moisture Serum+|19,95 €|19,95 €|||||||||||498,75 € / 1 l|||EUR|Home> Drogerie> Pflege> Gesichtspflege> Spezialpflege> Seren & Ampullen> It'S Skin Hyaluronic Acid Moisture Serum+|https://www.mueller.at/p/its-skin-hyaluronic-acid-moisture-serum-2786776/|40 ml|Eine intensiv feuchtigkeitsspendende Pflegelinie, die die Haut tiefgehend mit Feuchtigkeit versorgt und die Feuchtigkeitsbarriere wieder auffüllt. Ein feuchtigkeitsspendendes Serum mit dem natürlichen Feuchthaltefaktor Hyaluronsäure für hydratisierte Haut und Acerola-Kirschfrucht-Extrakt, einer reichhaltigen Vitamin C-Quelle, die für eine aufhellende Pflege sorgt, während sie die Haut stundenlang mit Feuchtigkeit versorgt und die Hautstruktur revitalisiert.||||||||||||||||||||||Non-Organic||||"{'target_group': 'Herren|Unisex|Damen', 'manufacturer': 'It’S Hanbul Co., Ltd.,South-Korea', 'Herstelleradresse': '311, Hakdong-ro, Gangnam-gu, Seoul,  Republic of Korea', 'Kontaktmöglichkeit': 'info@orientrade.com', 'dermatologically_tested': 'Ja', 'Anwendungshinweis': 'Geben Sie eine ausreichende Menge des Produkts auf die Hand und massieren Sie diese in sanften kreisenden Bewegungen in Ihr Gesicht und den Hals ein.', 'package_contents': 'Aqua, Cyclomethicone, Butylene Glycol, Glycerin, Peg-11 Methyl Ether Dimethicone, Sodium Acrylate/Sodium Acryloyldimethyl Taurate Copolymer, Peg-40 Hydrogenated Castor Oil, Ppg-26-Buteth-26, Tromethamine, Ethylhexylglycerin, Caprylyl Glycol, Acrylates/C10-30 Alkyl Acrylate Crosspolymer, Hydrogenated Polydecene, Portulaca Oleracea Extract, Parfume, Carbomer, Phenoxyethanol, Isohexadecane, Malpighia Emarginata (Acerola) Fruit Extract, Vaccinium Angustifolium (Blueberry) Fruit Extract, Sodium Hyaluronate, Laureth-8, Disodium Edta, Hibiscus Sabdariffa Flower Extract', 'skin_type': 'alle Hauttypen', 'product_property': 'feuchtigkeitsspendend|regenerierend|hautbildverfeinernd', 'Inhalt': '40 ml', 'scope_of_application': 'Spezialpflege', 'Produkttyp': 'Serum'}"||||||||||||||5.0|1|2786776_1.png|https://static.mueller.de/pdzoom/8809663576066_Its_Skin_1_06092024.webp|2786776_2.png|https://static.mueller.de/pdzoom/8809663576066_Its_Skin_2_06092024.webp|2786776_3.png|https://static.mueller.de/pdzoom/8809663576066_Its_Skin_3_06092024.webp|2786776_4.png|https://static.mueller.de/pdzoom/8809663576066_Its_Skin_4_06092024.webp||||||||||||||||It’S Hanbul Co., Ltd.,South-Korea||||||||||40 ml|Aqua, Cyclomethicone, Butylene Glycol, Glycerin, Peg-11 Methyl Ether Dimethicone, Sodium Acrylate/Sodium Acryloyldimethyl Taurate Copolymer, Peg-40 Hydrogenated Castor Oil, Ppg-26-Buteth-26, Tromethamine, Ethylhexylglycerin, Caprylyl Glycol, Acrylates/C10-30 Alkyl Acrylate Crosspolymer, Hydrogenated Polydecene, Portulaca Oleracea Extract, Parfume, Carbomer, Phenoxyethanol, Isohexadecane, Malpighia Emarginata (Acerola) Fruit Extract, Vaccinium Angustifolium (Blueberry) Fruit Extract, Sodium Hyaluronate, Laureth-8, Disodium Edta, Hibiscus Sabdariffa Flower Extract||True||2786776P|||||||||4
2786777|mueller||||||||2024-10-28|It'S Skin Hyaluronic Acid Moisture Cream+|ITSSKIN||50|ml|Home|Drogerie|Pflege|Gesichtspflege|Tagespflege|It'S Skin Hyaluronic Acid Moisture Cream+||16,95 €|16,95 €|||||||||||339,00 € / 1 l|||EUR|Home> Drogerie> Pflege> Gesichtspflege> Tagespflege> It'S Skin Hyaluronic Acid Moisture Cream+|https://www.mueller.at/p/its-skin-hyaluronic-acid-moisture-cream-2786777/|50 ml|Eine intensiv feuchtigkeitsspendende Pflegelinie, die die Haut tiefgehend mit Feuchtigkeit versorgt und die Feuchtigkeitsbarriere wieder auffüllt. Eine feuchtigkeitsspendende Creme mit dem natürlichen Feuchtigkeitsfaktor Hyaluronsäure für eine hydratisierte Haut und Acerola-Kirschfrucht-Extrakt, einer reichhaltigen Vitamin-C-Quelle, die für eine aufhellende Pflege sorgt, während sie die Haut stundenlang mit Feuchtigkeit versorgt und die Hautstruktur revitalisiert.||||||||||||||||||||||Non-Organic||||"{'target_group': 'Herren|Unisex|Damen', 'manufacturer': 'It’S Hanbul Co., Ltd.,South-Korea', 'Herstelleradresse': '311, Hakdong-ro, Gangnam-gu, Seoul,  Republic of Korea', 'Kontaktmöglichkeit': 'info@orientrade.com', 'dermatologically_tested': 'Ja', 'Anwendungshinweis': 'Geben Sie eine ausreichende Menge des Produkts auf die Hand und massieren Sie diese in sanften kreisenden Bewegungen in Ihr Gesicht und den Hals ein.', 'package_contents': 'Aqua, Glycerin, Glycereth-26, Dimethicone, Bis-PEG-18 Methyl Ether Dimethyl Silane, Hydroxyethyl Acrylate/Sodium Acryloyldimethyl Taurate Copolymer, PEG-11 Methyl Ether Dimethicone, Ethylhexyl Isononanoate, PEG-40 Hydrogenated Castor Oil, PPG-26-Buteth-26, Butylene Glycol, Ethylhexylglycerin, Caprylyl Glycol, Carbomer, Portulaca Oleracea Extract, Tromethamine, Parfum, Phenoxyethanol, Tocopheryl Acetate, Malpighia Emarginata (Acerola) Fruit Extract, Vaccinium Angustifolium (Blueberry) Fruit Extract, Sodium Hyaluronate, Disodium EDTA, Hibiscus Sabdariffa Flower Extract', 'skin_type': 'alle Hauttypen', 'product_property': 'feuchtigkeitsspendend|hautbildverfeinernd|straffend', 'Inhalt': '50 ml', 'scope_of_application': 'Tagespflege', 'Produkttyp': 'Creme'}"||||||||||||||3.0|2|2786777_1.png|https://static.mueller.de/pdzoom/8809663576073_Its_Skin_1_06092024.webp|2786777_2.png|https://static.mueller.de/pdzoom/8809663576073_Its_Skin_2_06092024.webp|2786777_3.png|https://static.mueller.de/pdzoom/8809663576073_Its_Skin_4_06092024.webp|2786777_4.png|https://static.mueller.de/pdzoom/8809663576073_Its_Skin_5_06092024.webp|2786777_5.png|https://static.mueller.de/pdzoom/8809663576073_Its_Skin_3_06092024.webp||||||||||||||It’S Hanbul Co., Ltd.,South-Korea||||||||||50 ml|Aqua, Glycerin, Glycereth-26, Dimethicone, Bis-PEG-18 Methyl Ether Dimethyl Silane, Hydroxyethyl Acrylate/Sodium Acryloyldimethyl Taurate Copolymer, PEG-11 Methyl Ether Dimethicone, Ethylhexyl Isononanoate, PEG-40 Hydrogenated Castor Oil, PPG-26-Buteth-26, Butylene Glycol, Ethylhexylglycerin, Caprylyl Glycol, Carbomer, Portulaca Oleracea Extract, Tromethamine, Parfum, Phenoxyethanol, Tocopheryl Acetate, Malpighia Emarginata (Acerola) Fruit Extract, Vaccinium Angustifolium (Blueberry) Fruit Extract, Sodium Hyaluronate, Disodium EDTA, Hibiscus Sabdariffa Flower Extract||True||2786777P|||||||||10
2786778|mueller||||||||2024-10-28|It'S Skin Hyaluronic Acid Moisture Eye Cream+|ITSSKIN||25|ml|Home|Drogerie|Pflege|Gesichtspflege|Augenpflege|It'S Skin Hyaluronic Acid Moisture Eye Cream+||16,95 €|16,95 €|||||||||||678,00 € / 1 l|||EUR|Home> Drogerie> Pflege> Gesichtspflege> Augenpflege> It'S Skin Hyaluronic Acid Moisture Eye Cream+|https://www.mueller.at/p/its-skin-hyaluronic-acid-moisture-eye-cream-2786778/|25 ml|Eine intensiv feuchtigkeitsspendende Pflegelinie, die die Haut tiefgehend mit Feuchtigkeit versorgt und die Feuchtigkeitsbarriere wieder auffüllt. Diese feuchtigkeitsspendende Augencreme belebt die empfindliche Haut der Augenpartie und erfrischt sie mit dem natürlichen Feuchtigkeitsfaktor Hyaluronsäure, der die Haut mit Feuchtigkeit versorgt, und dem Vitamin C-reichen Extrakt aus der Acerola-Kirsche, der für eine aufhellende Pflege sorgt.||||||||||||||||||||||Non-Organic||||"{'target_group': 'Herren|Unisex|Damen', 'manufacturer': 'It’S Hanbul Co., Ltd.,South-Korea', 'Herstelleradresse': '311, Hakdong-ro, Gangnam-gu, Seoul,  Republic of Korea', 'Kontaktmöglichkeit': 'info@orientrade.com', 'dermatologically_tested': 'Ja', 'Anwendungshinweis': 'Entnehmen Sie eine geeignete Menge und tragen Sie sie mit den Fingern sanft unter den Augen, auf den Augenlidern und unterhalb Augenbrauen auf. Leicht einklopfen, um die Aufnahme zu erleichtern.', 'package_contents': 'Aqua, Glycerin, Butylene Glycol, Cyclopentasiloxane, Dimethicone, Peg/Ppg-18/4 Copolymer, Peg-32, Triethanolamine, Carbomer, Peg-11 Methyl Ether Dimethicone, Peg-40 Hydrogenated Castor Oil, Ppg-26-Buteth-26, Ethyl Hexanediol, Portulaca Oleracea Extract, Polyacrylate-13, Polyisobutene, Glyceryl Caprylate, Acrylates/C10-30 Alkyl Acrylate Crosspolymer, Phenoxyethanol, Vaccinium Angustifolium (Blueberry) Fruit Extract, Xanthan Gum, Parfume, Malpighia Emarginata (Acerola) Fruit Extract, Polysorbate 20, Sodium Hyaluronate, Sorbitan Isostearate, Disodium Edta, Coptis Japonica Root Extract, Ethylhexylglycerin, Porphyra Yezoensis Extract, Hibiscus Sabdariffa Flower Extract', 'skin_type': 'alle Hauttypen', 'product_property': 'feuchtigkeitsspendend|glättend|reinigend|klärend', 'Inhalt': '25 ml', 'scope_of_application': 'Augenpflege', 'Produkttyp': 'Creme'}"||||||||||||||0|0|2786778_1.png|https://static.mueller.de/pdzoom/8809663576080_Its_Skin_1_06092024.webp|2786778_2.png|https://static.mueller.de/pdzoom/8809663576080_Its_Skin_2_06092024.webp|2786778_3.png|https://static.mueller.de/pdzoom/8809663576080_Its_Skin_3_06092024.webp|2786778_4.png|https://static.mueller.de/pdzoom/8809663576080_Its_Skin_4_06092024.webp||||||||||||||||It’S Hanbul Co., Ltd.,South-Korea||||||||||25 ml|Aqua, Glycerin, Butylene Glycol, Cyclopentasiloxane, Dimethicone, Peg/Ppg-18/4 Copolymer, Peg-32, Triethanolamine, Carbomer, Peg-11 Methyl Ether Dimethicone, Peg-40 Hydrogenated Castor Oil, Ppg-26-Buteth-26, Ethyl Hexanediol, Portulaca Oleracea Extract, Polyacrylate-13, Polyisobutene, Glyceryl Caprylate, Acrylates/C10-30 Alkyl Acrylate Crosspolymer, Phenoxyethanol, Vaccinium Angustifolium (Blueberry) Fruit Extract, Xanthan Gum, Parfume, Malpighia Emarginata (Acerola) Fruit Extract, Polysorbate 20, Sodium Hyaluronate, Sorbitan Isostearate, Disodium Edta, Coptis Japonica Root Extract, Ethylhexylglycerin, Porphyra Yezoensis Extract, Hibiscus Sabdariffa Flower Extract||True||2786778P|||||||||10
2786779|mueller||||||||2024-10-28|It'S Skin Hyaluronic Acid Moisture Toner+|ITSSKIN||150|ml|Home|Drogerie|Pflege|Gesichtspflege|Reinigung|Gesichtsreiniger|It'S Skin Hyaluronic Acid Moisture Toner+|16,95 €|16,95 €|||||||||||113,00 € / 1 l|||EUR|Home> Drogerie> Pflege> Gesichtspflege> Reinigung> Gesichtsreiniger> It'S Skin Hyaluronic Acid Moisture Toner+|https://www.mueller.at/p/its-skin-hyaluronic-acid-moisture-toner-2786779/|150 ml|Eine intensiv feuchtigkeitsspendende Pflegelinie, die die Haut tiefgehend mit Feuchtigkeit versorgt und die Feuchtigkeitsbarriere wieder auffüllt. Ein feuchtigkeitsspendendes Gesichtswasser mit dem natürlichen Feuchtigkeitsfaktor Hyaluronsäure für feuchte Haut und Acerola-Kirschfrucht-Extrakt, einer reichhaltigen Vitamin-C-Quelle, die klärend und reinigend wirkt und die Haut lange mit Feuchtigkeit versorgt, um ein gesundes Hautbild zu erhalten.||||||||||||||||||||||Non-Organic||||"{'target_group': 'Herren|Unisex|Damen', 'manufacturer': 'It’S Hanbul Co., Ltd.,South-Korea', 'Herstelleradresse': '311, Hakdong-ro, Gangnam-gu, Seoul,  Republic of Korea', 'Kontaktmöglichkeit': 'info@orientrade.com', 'dermatologically_tested': 'Ja', 'Anwendungshinweis': 'Geben Sie eine angemessene Menge des Produkts auf einen Wattebausch und streichen Sie damit sanft über Gesicht und Hals.', 'package_contents': 'Aqua, Butylene Glycol, Hydroxyethyl Acrylate/Sodium Acryloyldimethyl Taurate Copolymer, Trehalose, PEG-40 Hydrogenated Castor Oil, PPG-26-Buteth-26, Ethylhexylglycerin, Caprylyl Glycol, Parfum, Portulaca Oleracea Extract, Phenoxyethanol, Malpighia Emarginata (Acerola) Fruit Extract, Sodium Hyaluronate, Disodium EDTA, Vaccinium Angustifolium (Blueberry) Fruit Extract, Tromethamine, Hibiscus Sabdariffa Flower Extract', 'product_property': 'feuchtigkeitsspendend|glättend|aufbauend', 'Inhalt': '150 ml', 'scope_of_application': 'Reinigung', 'Produkttyp': 'Gesichtswasser'}"||||||||||||||5.0|1|2786779_1.png|https://static.mueller.de/pdzoom/8809663576042_Its_Skin_1_06092024.webp|2786779_2.png|https://static.mueller.de/pdzoom/8809663576042_Its_Skin_2_06092024.webp|2786779_3.png|https://static.mueller.de/pdzoom/8809663576042_Its_Skin_3_06092024.webp|2786779_4.png|https://static.mueller.de/pdzoom/8809663576042_Its_Skin_4_06092024.webp||||||||||||||||It’S Hanbul Co., Ltd.,South-Korea||||||||||150 ml|Aqua, Butylene Glycol, Hydroxyethyl Acrylate/Sodium Acryloyldimethyl Taurate Copolymer, Trehalose, PEG-40 Hydrogenated Castor Oil, PPG-26-Buteth-26, Ethylhexylglycerin, Caprylyl Glycol, Parfum, Portulaca Oleracea Extract, Phenoxyethanol, Malpighia Emarginata (Acerola) Fruit Extract, Sodium Hyaluronate, Disodium EDTA, Vaccinium Angustifolium (Blueberry) Fruit Extract, Tromethamine, Hibiscus Sabdariffa Flower Extract||True||2786779P|||||||||10
2747129|mueller||||||||2024-10-28|Grissini Rubatà Nonno Cecare mit Olivenöl|||300|g|Home|Drogerie|Lebensmittel|Salzige Snacks|Grissini Rubatà Nonno Cecare mit Olivenöl|||4,95 €|4,95 €|||||||||||16,50 € / 1 kg|||EUR|Home> Drogerie> Lebensmittel> Salzige Snacks> Grissini Rubatà Nonno Cecare mit Olivenöl|https://www.mueller.at/p/grissini-rubata-nonno-cecare-mit-olivenoel-2747129/|300 g|Gottlob gibt es noch Bäcker, die sich die Mühe machen, Grissini von Hand zu ziehen. Aus kleinen Teigportionen werden bei Mulino Vecchio mit geschickter Drehung fingerdicke Stränge geformt. «Artigianale» nennt man auf Italienisch diese Handarbeit. Darin steckt das lateinische Wort ars für Kunst. Jedermann hat grossen Respekt vor dieser Kunstfertigkeit und ist gern bereit, dafür etwas mehr auszugeben.Man kann den knusprigen Stäbchen nicht widerstehen, die man auf Italiens Tischen im Brotkörbchen findet. Sie verführen zum Knabbern und halten den Gast bei Laune, bis das Essen kommt. Ein Bäcker in Turin soll sie vor gut 150 Jahren erfunden haben, weil Umberto, der kleine Sohn von König Vittorio Emanuele II. kein Brot mochte.|||||Italien||||||{'Nährwerte je': '100g', 'Brennwert': '1761 kj / 418 kcal', 'Fett in g': '9.4', '- davon gesättigte Fettsäuren in g': '1.3', 'Kohlenhydrate in g': '72', '- davon Zucker in g': '4.5', 'Eiweiß in g': '9.5', 'Salz in g': '2.6'}|||||||||||Non-Organic||||{'manufacturer': 'Feinkost Käfer GmbH', 'Herstelleradresse': 'Heimstettener Str. 1, 85599 Parsdorf', 'Herkunftsland': 'Italien', 'Inhalt': '300 g', 'Zutaten': 'WEIZENMEHL, Olivenöl 10%, Salz, GEMÄLZTES KORNMEHL, Bierhefe', 'Produkttyp': 'Salzige Snacks'}||||||||||||||0|0|2747129_1.png|https://static.mueller.de/6958433067-PV-0/pdzoom/grissini-rubata-nonno-cecare-mit-olivenoel.webp||||||||||||||||||||||Feinkost Käfer GmbH||||||||||300 g|||False||2747129P|||||||||1
2786781|mueller||||||||2024-10-28|It'S Skin Hyaluronic Acid Moisture Mask Sheet|ITSSKIN||1|Stk.|Home|Drogerie|Pflege|Gesichtspflege|Spezialpflege|Maske|It'S Skin Hyaluronic Acid Moisture Mask Sheet|1,90 €|1,90 €||||||||||||||EUR|Home> Drogerie> Pflege> Gesichtspflege> Spezialpflege> Maske> It'S Skin Hyaluronic Acid Moisture Mask Sheet|https://www.mueller.at/p/its-skin-hyaluronic-acid-moisture-mask-sheet-2786781/|1 Stk.|Auffüllende Hyaluronsäuremaske. Die Maske wirkt revitalisierend, feuchtigkeitsspendend, die Haut erweichend und straffend. Sie stellt das natürliche pH-Gleichgewicht der Haut wieder her. Die Maske macht die Haut seidenweich und stellt ihren natürlichen Glanz wieder her.Hauttypen: Für trockene und müde wirkende Haut||||||||||||||||||||||Non-Organic||||"{'target_group': 'Herren|Unisex|Damen', 'manufacturer': 'It’S Hanbul Co., Ltd.,South-Korea', 'Herstelleradresse': '311, Hakdong-ro, Gangnam-gu, Seoul,  Republic of Korea', 'Kontaktmöglichkeit': 'info@orientrade.com', 'dermatologically_tested': 'Ja', 'Anwendungshinweis': '1. Die Tuchmaske nach der Reinigung auf das Gesicht auflegen. 2. Die Maske 10-20 Minuten einwirken lassen und dann entfernen. 3. Verbleibende Essenz sanft einklopfen, bis sie ganz aufgenommen ist.', 'package_contents': 'Water, Dipropylene Glycol, Glycerin, Caprylic/Capric Triglyceride, Sodium Hyaluronate, Methylpropanediol, Propanediol, Portulaca Oleracea Extract, Vaccinium Angustifolium (Blueberry) Fruit Extract, Hydroxyethylcellulose, Carbomer, Arginine, Sorbitan Stearate, Sucrose Cocoate, Sorbitan Sesquioleate, Disodium EDTA, Chlorphenesin, Glycyrrhiza Glabra (Licorice) Root Extract, Zingiber Officinale (Ginger) Root Extract, Schisandra Chinensis Fruit Extract, Coptis Japonica Root Extract, Camellia Sinensis Leaf Extract, Caprylyl Glycol, Butylene Glycol, 1,2-Hexanediol, Citrus Grandis (Grapefruit) Seed Extract, Acorus Calamus Root Extract, Perilla Ocymoides Leaf Extract, Parfum', 'skin_type': 'alle Hauttypen', 'product_property': 'feuchtigkeitsspendend|glättend|straffend', 'Inhalt': '1 Stk.', 'scope_of_application': 'Spezialpflege', 'Produkttyp': 'Maske'}"||||||||||||||0|0|2786781_1.png|https://static.mueller.de/pdzoom/8809454024103_Its_Skin_1_06092024.webp|2786781_2.png|https://static.mueller.de/pdzoom/8809454024103_Its_Skin_2_06092024.webp||||||||||||||||||||It’S Hanbul Co., Ltd.,South-Korea||||||||||1 Stk.|Water, Dipropylene Glycol, Glycerin, Caprylic/Capric Triglyceride, Sodium Hyaluronate, Methylpropanediol, Propanediol, Portulaca Oleracea Extract, Vaccinium Angustifolium (Blueberry) Fruit Extract, Hydroxyethylcellulose, Carbomer, Arginine, Sorbitan Stearate, Sucrose Cocoate, Sorbitan Sesquioleate, Disodium EDTA, Chlorphenesin, Glycyrrhiza Glabra (Licorice) Root Extract, Zingiber Officinale (Ginger) Root Extract, Schisandra Chinensis Fruit Extract, Coptis Japonica Root Extract, Camellia Sinensis Leaf Extract, Caprylyl Glycol, Butylene Glycol, 1,2-Hexanediol, Citrus Grandis (Grapefruit) Seed Extract, Acorus Calamus Root Extract, Perilla Ocymoides Leaf Extract, Parfum||True||2786781P|||||||||10
2786786|mueller||||||||2024-10-28|Missha Airy Fit Sheet Mask (Cucumber)|MISSHA||1|Stk.|Home|Drogerie|Pflege|Körperpflege|Pflege|Bodylotion & Creme|Missha Airy Fit Sheet Mask (Cucumber)|1,75 €|1,75 €||||||||||||||EUR|Home> Drogerie> Pflege> Körperpflege> Pflege> Bodylotion & Creme> Missha Airy Fit Sheet Mask (Cucumber)|https://www.mueller.at/p/missha-airy-fit-sheet-mask-cucumber-2786786/|1 Stk.|"Diese Tuchmaske mit Gurkenextrakt reinigt die Haut und versorgt sie mit reichlich Feuchtigkeit. Ideal für trockene Haut.
Reispapier ist doppelt so dünn und leichter als normales Papier, wodurch sich die Maske wie eine zweite Hautschicht anfühlt und Wirkstoffe wirksamer abgegeben werden können."||An einem kühlen Ort ohne direkte Sonneneinstrahlung lagern.||||||||||||||||||||Non-Organic||||"{'Lagerhinweis': 'An einem kühlen Ort ohne direkte Sonneneinstrahlung lagern.', 'manufacturer': 'Able C&C Ltd., South Korea', 'Herstelleradresse': '12, Seocho-daero 38-gil(Seocho-dong, MajeStar City Tower 1, 13FL), Seocho-gu, Seoul', 'Kontaktmöglichkeit': 'info@orientrade.com', 'dermatologically_tested': 'Nein', 'Anwendungshinweis': '1. Nach dem Waschen Gesichtswasser zur Vorbereitung der Haut verwenden.\n2. Die Maske herausziehen und gleichmäßig auf das Gesicht auflegen.\n3. 10~20 Minuten lang ruhen und die Maske entfernen.\n4. Überschüssige Essenz zur Aufnahme sanft einklopfen.', 'package_contents': 'Water, Dipropylene Glycol, Glycereth-26, Glycerin, Propanediol, 1,2-Hexanediol, Butylene Glycol, Allantoin, Sodium Carbomer, Hydroxyethylcellulose, Coptis Japonica Root Extract, Camellia Sinensis Leaf Extract, Zingiber Officinale (Ginger) Root Extract, Glycyrrhiza Glabra (Licorice) Root Extract, Ethylhexylglycerin, Dipotassium Glycyrrhizate, Disodium Edta, Olea Europaea (Olive) Fruit Oil, Polyglyceryl-10 Myristate, Polyglyceryl-10 Laurate, Cucumis Sativus (Cucumber) Fruit Extract, Sodium Hyaluronate, Citrus Aurantium Bergamia (Bergamot) Fruit Oil, Beta-Glucan, Amyris Balsamifera Bark Oil', 'skin_type': 'alle Hauttypen', 'product_property': 'feuchtigkeitsspendend|glättend|vitalisierend', 'Inhalt': '1 Stk.', 'scope_of_application': 'Spezialpflege', 'Batterien erforderlich': 'Nein', 'Produkttyp': 'Lotion'}"||||||||||||||4.75|4|2786786_1.png|https://static.mueller.de/markant_08809581454712_pv_4896938/pdzoom/missha-airy-fit-sheet-mask-cucumber.webp||||||||||||||||||||||Able C&C Ltd., South Korea||||||||||1 Stk.|Water, Dipropylene Glycol, Glycereth-26, Glycerin, Propanediol, 1,2-Hexanediol, Butylene Glycol, Allantoin, Sodium Carbomer, Hydroxyethylcellulose, Coptis Japonica Root Extract, Camellia Sinensis Leaf Extract, Zingiber Officinale (Ginger) Root Extract, Glycyrrhiza Glabra (Licorice) Root Extract, Ethylhexylglycerin, Dipotassium Glycyrrhizate, Disodium Edta, Olea Europaea (Olive) Fruit Oil, Polyglyceryl-10 Myristate, Polyglyceryl-10 Laurate, Cucumis Sativus (Cucumber) Fruit Extract, Sodium Hyaluronate, Citrus Aurantium Bergamia (Bergamot) Fruit Oil, Beta-Glucan, Amyris Balsamifera Bark Oil||True||2786786P||||Nur für äußere Anwendung. Nicht auf gebrochener oder geschädigter Haut anwenden. Wenn Anzeichen einer Hautreizung auftreten, brechen Sie die Anwendung ab und suchen Sie einen Arzt auf. Den Kontakt mit den Augen vermeiden. Bei Kontakt die Augen gründlich ausspülen. Außerhalb der Reichweite von Kindern aufbewahren. Bei Verschlucken sofort ärztliche Hilfe holen.|||||10
2786787|mueller||||||||2024-10-28|Missha Airy Fit Sheet Mask (Green Tea)|MISSHA||1|Stk.|Home|Drogerie|Pflege|Körperpflege|Pflege|Bodylotion & Creme|Missha Airy Fit Sheet Mask (Green Tea)|1,75 €|1,75 €||||||||||||||EUR|Home> Drogerie> Pflege> Körperpflege> Pflege> Bodylotion & Creme> Missha Airy Fit Sheet Mask (Green Tea)|https://www.mueller.at/p/missha-airy-fit-sheet-mask-green-tea-2786787/|1 Stk.|"Die Tuchmaske mit Grüntee-Extrakt für intensive Feuchtigkeit und trockene Haut.
Reispapier ist doppelt so dünn und leichter als normales Papier, wodurch sich die Maske wie eine zweite Hautschicht anfühlt und Wirkstoffe wirksamer abgegeben werden können."||An einem kühlen Ort ohne direkte Sonneneinstrahlung lagern.||||||||||||||||||||Non-Organic||||"{'Lagerhinweis': 'An einem kühlen Ort ohne direkte Sonneneinstrahlung lagern.', 'manufacturer': 'Able C&C Ltd., South Korea', 'Herstelleradresse': '12, Seocho-daero 38-gil(Seocho-dong, MajeStar City Tower 1, 13FL), Seocho-gu, Seoul', 'Kontaktmöglichkeit': 'info@orientrade.com', 'dermatologically_tested': 'Nein', 'Anwendungshinweis': '1. Nach dem Waschen Gesichtswasser zur Vorbereitung der Haut verwenden.\n2. Die Maske herausziehen und gleichmäßig auf das Gesicht auflegen.\n3. 10~20 Minuten lang ruhen und die Maske entfernen.\n4. Überschüssige Essenz zur Aufnahme sanft einklopfen.', 'package_contents': 'Water, Dipropylene Glycol, Glycereth-26, Glycerin, Propanediol, 1,2-Hexanediol, Butylene Glycol, Sodium Carbomer, Allantoin, Hydroxyethylcellulose, Coptis Japonica Root Extract, Glycyrrhiza Glabra (Licorice) Root Extract, Zingiber Officinale (Ginger) Root Extract, Camellia Sinensis Leaf Extract, Ethylhexylglycerin, Dipotassium Glycyrrhizate, Disodium Edta, Polyglyceryl-10 Myristate, Polyglyceryl-10 Laurate, Sodium Hyaluronate, Aloe Barbadensis Leaf Extract, Olea Europaea (Olive) Fruit Oil, Citrus Aurantium Dulcis (Orange) Oil, Beta-Glucan, Citrus Aurantium Bergamia (Bergamot) Fruit Oil, Copaifera Officinalis (Balsam Copaiba) Resin, Cymbopogon Martini Oil, Lavandula Hybrida Oil, Salvia Sclarea (Clary) Oil', 'skin_type': 'alle Hauttypen', 'product_property': 'feuchtigkeitsspendend|glättend|beruhigend', 'Inhalt': '1 Stk.', 'scope_of_application': 'Spezialpflege', 'Batterien erforderlich': 'Nein', 'Produkttyp': 'Lotion'}"||||||||||||||5.0|1|2786787_1.png|https://static.mueller.de/markant_08809581454729_pv_4896940/pdzoom/missha-airy-fit-sheet-mask-green-tea.webp||||||||||||||||||||||Able C&C Ltd., South Korea||||||||||1 Stk.|Water, Dipropylene Glycol, Glycereth-26, Glycerin, Propanediol, 1,2-Hexanediol, Butylene Glycol, Sodium Carbomer, Allantoin, Hydroxyethylcellulose, Coptis Japonica Root Extract, Glycyrrhiza Glabra (Licorice) Root Extract, Zingiber Officinale (Ginger) Root Extract, Camellia Sinensis Leaf Extract, Ethylhexylglycerin, Dipotassium Glycyrrhizate, Disodium Edta, Polyglyceryl-10 Myristate, Polyglyceryl-10 Laurate, Sodium Hyaluronate, Aloe Barbadensis Leaf Extract, Olea Europaea (Olive) Fruit Oil, Citrus Aurantium Dulcis (Orange) Oil, Beta-Glucan, Citrus Aurantium Bergamia (Bergamot) Fruit Oil, Copaifera Officinalis (Balsam Copaiba) Resin, Cymbopogon Martini Oil, Lavandula Hybrida Oil, Salvia Sclarea (Clary) Oil||True||2786787P||||Nur für äußere Anwendung. Nicht auf gebrochener oder geschädigter Haut anwenden. Wenn Anzeichen einer Hautreizung auftreten, brechen Sie die Anwendung ab und suchen Sie einen Arzt auf. Den Kontakt mit den Augen vermeiden. Bei Kontakt die Augen gründlich ausspülen. Außerhalb der Reichweite von Kindern aufbewahren. Bei Verschlucken sofort ärztliche Hilfe holen.|||||10
2786788|mueller||||||||2024-10-28|Missha Airy Fit Sheet Mask (Pearl)|MISSHA||1|Stk.|Home|Drogerie|Pflege|Körperpflege|Pflege|Bodylotion & Creme|Missha Airy Fit Sheet Mask (Pearl)|1,75 €|1,75 €||||||||||||||EUR|Home> Drogerie> Pflege> Körperpflege> Pflege> Bodylotion & Creme> Missha Airy Fit Sheet Mask (Pearl)|https://www.mueller.at/p/missha-airy-fit-sheet-mask-pearl-2786788/|1 Stk.|"Diese Tuchmaske mit Perlenextrakt macht die Haut strahlend und liefert essentielle Mineralien! Schimmernde Perlen hellen die Haut auf und glätten sie.
Reispapier ist doppelt so dünn und leichter als normales Papier, wodurch sich die Maske wie eine zweite Hautschicht anfühlt und Wirkstoffe wirksamer abgegeben werden können."||An einem kühlen Ort ohne direkte Sonneneinstrahlung lagern.||||||||||||||||||||Non-Organic||||"{'Lagerhinweis': 'An einem kühlen Ort ohne direkte Sonneneinstrahlung lagern.', 'manufacturer': 'Able C&C Ltd., South Korea', 'Herstelleradresse': '12, Seocho-daero 38-gil(Seocho-dong, MajeStar City Tower 1, 13FL), Seocho-gu, Seoul', 'Kontaktmöglichkeit': 'info@orientrade.com', 'dermatologically_tested': 'Nein', 'Anwendungshinweis': '1. Nach dem Waschen Gesichtswasser zur Vorbereitung der Haut verwenden.\n2. Die Maske herausziehen und gleichmäßig auf das Gesicht auflegen.\n3. 10~20 Minuten lang ruhen und die Maske entfernen.\n4. Überschüssige Essenz zur Aufnahme sanft einklopfen.', 'package_contents': 'Aqua (Water), Glycerin, Dipropylene Glycol, Cetyl Ethylhexanoate, 1,2-Hexanediol, Stearic Acid, Sorbitan Sesquioleate, Cetearyl Alcohol, Sorbitan Stearate, Glyceryl Stearate, Carbomer, Arginine, Butylene Glycol, Caprylic/Capric Triglyceride, Coptis Japonica Root Extract, Glycyrrhiza Glabra (Licorice) Root Extract, Zingiber Officinale (Ginger) Root Extract, Camellia Sinensis Leaf Extract, Trehalose, Ethylhexylglycerin, Cellulose Gum, Xanthan Gum, Disodium Edta, Dipotassium Glycyrrhizate, Sodium Hyaluronate, Citrus Limon (Lemon) Fruit Extract, Pearl Extract, Melaleuca Alternifolia (Tea Tree) Leaf Oil, Citrus Paradisi (Grapefruit) Peel Oil, Geranium Maculatum Oil, Rosmarinus Officinalis (Rosemary) Leaf Oil', 'skin_type': 'alle Hauttypen', 'product_property': 'feuchtigkeitsspendend|glättend', 'Inhalt': '1 Stk.', 'scope_of_application': 'Spezialpflege', 'Batterien erforderlich': 'Nein', 'Produkttyp': 'Lotion'}"||||||||||||||5.0|3|2786788_1.png|https://static.mueller.de/markant_08809581454781_pv_4896936/pdzoom/missha-airy-fit-sheet-mask-pearl.webp||||||||||||||||||||||Able C&C Ltd., South Korea||||||||||1 Stk.|Aqua (Water), Glycerin, Dipropylene Glycol, Cetyl Ethylhexanoate, 1,2-Hexanediol, Stearic Acid, Sorbitan Sesquioleate, Cetearyl Alcohol, Sorbitan Stearate, Glyceryl Stearate, Carbomer, Arginine, Butylene Glycol, Caprylic/Capric Triglyceride, Coptis Japonica Root Extract, Glycyrrhiza Glabra (Licorice) Root Extract, Zingiber Officinale (Ginger) Root Extract, Camellia Sinensis Leaf Extract, Trehalose, Ethylhexylglycerin, Cellulose Gum, Xanthan Gum, Disodium Edta, Dipotassium Glycyrrhizate, Sodium Hyaluronate, Citrus Limon (Lemon) Fruit Extract, Pearl Extract, Melaleuca Alternifolia (Tea Tree) Leaf Oil, Citrus Paradisi (Grapefruit) Peel Oil, Geranium Maculatum Oil, Rosmarinus Officinalis (Rosemary) Leaf Oil||True||2786788P||||Nur für äußere Anwendung. Nicht auf gebrochener oder geschädigter Haut anwenden. Wenn Anzeichen einer Hautreizung auftreten, brechen Sie die Anwendung ab und suchen Sie einen Arzt auf. Den Kontakt mit den Augen vermeiden. Bei Kontakt die Augen gründlich ausspülen. Außerhalb der Reichweite von Kindern aufbewahren. Bei Verschlucken sofort ärztliche Hilfe holen.|||||10
2786789|mueller||||||||2024-10-28|Missha Airy Fit Sheet Mask (Shea Butter)|MISSHA||1|Stk.|Home|Drogerie|Pflege|Körperpflege|Pflege|Bodylotion & Creme|Missha Airy Fit Sheet Mask (Shea Butter)|1,75 €|1,75 €||||||||||||||EUR|Home> Drogerie> Pflege> Körperpflege> Pflege> Bodylotion & Creme> Missha Airy Fit Sheet Mask (Shea Butter)|https://www.mueller.at/p/missha-airy-fit-sheet-mask-shea-butter-2786789/|1 Stk.|"Diese Tuchmaske mit Sheabutter bildet eine seidige Schicht und steigert die Feuchtigkeitsversorgung!
Reispapier ist doppelt so dünn und leichter als normales Papier, wodurch sich die Maske wie eine zweite Hautschicht anfühlt und Wirkstoffe wirksamer abgegeben werden können."||An einem kühlen Ort ohne direkte Sonneneinstrahlung lagern.||||||||||||||||||||Non-Organic||||"{'Lagerhinweis': 'An einem kühlen Ort ohne direkte Sonneneinstrahlung lagern.', 'manufacturer': 'Able C&C Ltd., South Korea', 'Herstelleradresse': '12, Seocho-daero 38-gil(Seocho-dong, MajeStar City Tower 1, 13FL), Seocho-gu, Seoul', 'Kontaktmöglichkeit': 'info@orientrade.com', 'dermatologically_tested': 'Nein', 'Anwendungshinweis': '1. Nach dem Waschen Gesichtswasser zur Vorbereitung der Haut verwenden.\n2. Die Maske herausziehen und gleichmäßig auf das Gesicht auflegen.\n3. 10~20 Minuten lang ruhen und die Maske entfernen.\n4. Überschüssige Essenz zur Aufnahme sanft einklopfen.', 'package_contents': 'Water, Glycerin, Dipropylene Glycol, Cetyl Ethylhexanoate, 1,2-Hexanediol, Stearic Acid, Sorbitan Sesquioleate, Cetearyl Alcohol, Sorbitan Stearate, Glyceryl Stearate, Carbomer, Arginine, Butylene Glycol, Caprylic/Capric Triglyceride, Coptis Japonica Root Extract, Glycyrrhiza Glabra (Licorice) Root Extract, Zingiber Officinale (Ginger) Root Extract, Camellia Sinensis Leaf Extract, Glycerin, Trehalose, Ethylhexylglycerin, Cellulose Gum, Xanthan Gum, Disodium Edta, Dipotassium Glycyrrhizate, Sodium Hyaluronate, Olea Europaea (Olive) Fruit Oil, Cedrus Deodara Wood Oil, Butyrospermum Parkii (Shea Butter) Extract, Vitis Vinifera (Grape) Leaf Oil, Amyris Balsamifera Bark Oil', 'skin_type': 'alle Hauttypen', 'product_property': 'feuchtigkeitsspendend|regenerierend|hautbildverfeinernd', 'Inhalt': '1 Stk.', 'scope_of_application': 'Spezialpflege', 'Batterien erforderlich': 'Nein', 'Produkttyp': 'Lotion'}"||||||||||||||5.0|2|2786789_1.png|https://static.mueller.de/markant_08809581454798_pv_4896960/pdzoom/missha-airy-fit-sheet-mask-shea-butter.webp||||||||||||||||||||||Able C&C Ltd., South Korea||||||||||1 Stk.|Water, Glycerin, Dipropylene Glycol, Cetyl Ethylhexanoate, 1,2-Hexanediol, Stearic Acid, Sorbitan Sesquioleate, Cetearyl Alcohol, Sorbitan Stearate, Glyceryl Stearate, Carbomer, Arginine, Butylene Glycol, Caprylic/Capric Triglyceride, Coptis Japonica Root Extract, Glycyrrhiza Glabra (Licorice) Root Extract, Zingiber Officinale (Ginger) Root Extract, Camellia Sinensis Leaf Extract, Glycerin, Trehalose, Ethylhexylglycerin, Cellulose Gum, Xanthan Gum, Disodium Edta, Dipotassium Glycyrrhizate, Sodium Hyaluronate, Olea Europaea (Olive) Fruit Oil, Cedrus Deodara Wood Oil, Butyrospermum Parkii (Shea Butter) Extract, Vitis Vinifera (Grape) Leaf Oil, Amyris Balsamifera Bark Oil||True||2786789P||||Nur für äußere Anwendung. Nicht auf gebrochener oder geschädigter Haut anwenden. Wenn Anzeichen einer Hautreizung auftreten, brechen Sie die Anwendung ab und suchen Sie einen Arzt auf. Den Kontakt mit den Augen vermeiden. Bei Kontakt die Augen gründlich ausspülen. Außerhalb der Reichweite von Kindern aufbewahren. Bei Verschlucken sofort ärztliche Hilfe holen.|||||10
2904693|mueller||||||||2024-10-28|HYPOAllergenic Lippenstift|HYPOALLERGENIC||3.9|g|Home|Parfümerie|Make-up|Lippen|Lippenstift|HYPOAllergenic Lippenstift||6,49 €|6,49 €||||||||||||||EUR|Home> Parfümerie> Make-up> Lippen> Lippenstift> HYPOAllergenic Lippenstift|https://www.mueller.at/p/hypoallergenic-lippenstift-IPN2904693/|3.9 g|Veganer, nach Himbeeren duftender Lippenstift, der die Form der Lippen optisch aufpolstert und betont. Die Formel enthält veganes Kollagen, Mangosamenbutter und spezielle Emollients, die trockene Lippenhaut pflegen und mit Feuchtigkeit versorgen. Rizinusöl verleiht ihnen Glanz und Geschmeidigkeit, und die Pflanzenbutter macht die Textur perfekt streichfähig. Ideal für das tägliche Lippen-Make-Up oder als Ergänzung zum Abend-Look. In 6 Farben erhältlich. Das Produkt ist für Veganer geeignet und entspricht unserem Clean Beauty-Ansatz. PETA cruelty free-zertifiziert. Geeignet für Personen mit empfindlicher, zu Allergien neigender Haut. Getestet unter der Aufsicht von Dermatologen:innen.||||||||||||||||||||||Non-Organic||||"{'target_group': 'Damen|Herren|Unisex', 'manufacturer': 'Bell-Dekorative Kosmetik Deutschland GmbH', 'Herstelleradresse': 'Brookstieg 4, 22145 Stapelfeld', 'Anwendungshinweis': 'Den Lippenstift gleichmäßig von der Mitte ausgehend auftragen. Makeup Artist Trick: Für einen besonders natürlichen Effekt, den Lippenstift mit den Fingerspitzen auftragen.', 'package_contents': 'Tridecyl Trimellitate, Ricinus Communis (Castor) Seed Oil, Isostearyl Isostearate, Candelilla Cera (Euphorbia Cerifera (Candelilla) Wax), Bis-Diglyceryl Polyacyladipate-2, Octyldodecanol, VP/Hexadecene Copolymer, Caprylic/Capric Triglyceride, Diisostearyl Malate, Tribehenin, Candelilla Cera Hydrocarbons (Candelilla Wax Hydrocarbons), Parfum (Fragrance), C10-18 Triglycerides, Cocoyl Hydrolyzed Collagen, Mangifera Indica (Mango) Seed Butter, Glyceryl Caprylate, Pentaerythrityl Tetra-di-t-butyl Hydroxyhydrocinnamate, [may contain +/- CI 15850 (Red 6 Lake, Red 7 Lake), CI 42090 (Blue 1 Lake), CI 45410 (Red 27 Lake), CI 77491, CI 77492, CI 77499 (Iron Oxides), CI 77891 (Titanium Dioxide), Aluminum Hydroxide]', 'Farbnummer': '06', 'Farbe': 'Cherry', 'Inhalt': '3.9 g', 'scope_of_application': 'Lippen', 'Produkttyp': 'Lippenfarbe'}"||||||Cherry||||||||0|0|2904693_1.png|https://static.mueller.de/pdzoom/5902082563679.webp||||||||||||||||||||||Bell-Dekorative Kosmetik Deutschland GmbH||||||||||3.9 g|Tridecyl Trimellitate, Ricinus Communis (Castor) Seed Oil, Isostearyl Isostearate, Candelilla Cera (Euphorbia Cerifera (Candelilla) Wax), Bis-Diglyceryl Polyacyladipate-2, Octyldodecanol, VP/Hexadecene Copolymer, Caprylic/Capric Triglyceride, Diisostearyl Malate, Tribehenin, Candelilla Cera Hydrocarbons (Candelilla Wax Hydrocarbons), Parfum (Fragrance), C10-18 Triglycerides, Cocoyl Hydrolyzed Collagen, Mangifera Indica (Mango) Seed Butter, Glyceryl Caprylate, Pentaerythrityl Tetra-di-t-butyl Hydroxyhydrocinnamate, [may contain +/- CI 15850 (Red 6 Lake, Red 7 Lake), CI 42090 (Blue 1 Lake), CI 45410 (Red 27 Lake), CI 77491, CI 77492, CI 77499 (Iron Oxides), CI 77891 (Titanium Dioxide), Aluminum Hydroxide]||True||2904693P|||||||||10
2879154|mueller||||||||2024-10-28|Vesper Chronicles|||1|Stk.|Home|Multi-Media|Filme & TV|Action & Abenteuer|Vesper Chronicles|||9,99 €|9,99 €||||||||||||||EUR|Home> Multi-Media> Filme & TV> Action & Abenteuer> Vesper Chronicles|https://www.mueller.at/p/vesper-chronicles-IPN2879154/|1 Stk.|"Die Menschheit hat versagt, das Ökosystem der Erde ist zusammengebrochen. Seitdem thronen gigantische Bauwerke der Reichen und Mächtigen, genannt Citadels, über den Besitzlosen. Eine von ihnen ist die junge Vesper, die gemeinsam mit ihrem Vater im nahezu unbewohnbaren Ödland ums Überleben kämpft. Als in der Nähe ihres Hauses ein Raumgleiter mit einem mysteriösen Passagier abstürzt, sieht Vesper ihre Chance gekommen. Ein gefährliches Abenteuer nimmt seinen Lauf, das über die Zukunft der gesamten Menschheit entscheiden wird. Denn das Ende der Welt ist erst der Anfang!

Ein visuell atemberaubendes Science-Fiction-Märchen: VESPER CHRONICLES zeigt eine beeindruckende Fantasy-Welt auf, in der genetisch mutierte Virusvarianten und Organismen die meisten essbaren Pflanzen und Tiere vernichtet haben und eine junge Frau mit Biohacking-Skills und viel Einfallsreichtum den Kampf gegen das System nicht aufgibt. In den Hauptrollen dieses imposanten Science-Fiction-Hits glänzen Shooting-Star Raffiella Chapman (DIE ENTDECKUNG DER UNENDLICHKEIT) und Eddie Marsan (SHERLOCK HOLMES)."|||||||||||||||Europa, Vorderasien, Afrika, Australien|||||||Non-Organic||||"{'medium': 'Blu-ray Disc', 'Untertitel': 'Deutsch', 'manufacturer': 'PLAION PICTURES', 'Bildformat': 'HD|Widescreen', 'Zusatzinfos / Bonusmaterial beim Film dabei': 'Trailer; Bildergalerie;', 'Inhalt': '1 Stk.', 'Laufzeit in min (gesamt)': '114', 'Produktionsjahr': '2022', 'Produktionsland': 'Frankreich,Belgien,Litauen', 'Regionalcode': 'Europa, Vorderasien, Afrika, Australien', 'Regisseur': 'Bruno Samper,Kristina Buozyte', 'Schauspieler': 'Eddie Marsan,Raffiella Chapman,Rosy McEwen', 'Special Edition': 'Nein', 'Tonformat-Sprache': 'Englisch,Deutsch', 'packaging_type': 'Softbox', 'Hauptgenre': 'Science Fiction|Abenteuer'}"||||||||||||||0|0|2879154_1.png|https://static.mueller.de/videojakob_4020628687793_pv_644037/pdzoom/vesper-chronicles.webp|2879154_2.png|https://static.mueller.de/pdzoom/videojakob_4020628687793_pr_644037-back.webp|2879154_3.png|https://static.mueller.de/videojakob_4020628687793_pd_66608532/pdzoom/vesper-chronicles.webp|2879154_4.png|https://static.mueller.de/videojakob_4020628687793_pd_66608626/pdzoom/vesper-chronicles.webp|2879154_5.png|https://static.mueller.de/videojakob_4020628687793_pd_66608719/pdzoom/vesper-chronicles.webp|2879154_6.png|https://static.mueller.de/videojakob_4020628687793_pd_66608829/pdzoom/vesper-chronicles.webp||||||||||||PLAION PICTURES||||||||||1 Stk.|||True||2879154P|||||||||5
2879155|mueller||||||||2024-10-28|Vesper Chronicles|||1|Stk.|Home|Multi-Media|Filme & TV|Action & Abenteuer|Vesper Chronicles|||7,99 €|7,99 €||||||||||||||EUR|Home> Multi-Media> Filme & TV> Action & Abenteuer> Vesper Chronicles|https://www.mueller.at/p/vesper-chronicles-IPN2879155/|1 Stk.|"Die Menschheit hat versagt, das Ökosystem der Erde ist zusammengebrochen. Seitdem thronen gigantische Bauwerke der Reichen und Mächtigen, genannt Citadels, über den Besitzlosen. Eine von ihnen ist die junge Vesper, die gemeinsam mit ihrem Vater im nahezu unbewohnbaren Ödland ums Überleben kämpft. Als in der Nähe ihres Hauses ein Raumgleiter mit einem mysteriösen Passagier abstürzt, sieht Vesper ihre Chance gekommen. Ein gefährliches Abenteuer nimmt seinen Lauf, das über die Zukunft der gesamten Menschheit entscheiden wird. Denn das Ende der Welt ist erst der Anfang!

Ein visuell atemberaubendes Science-Fiction-Märchen: VESPER CHRONICLES zeigt eine beeindruckende Fantasy-Welt auf, in der genetisch mutierte Virusvarianten und Organismen die meisten essbaren Pflanzen und Tiere vernichtet haben und eine junge Frau mit Biohacking-Skills und viel Einfallsreichtum den Kampf gegen das System nicht aufgibt. In den Hauptrollen dieses imposanten Science-Fiction-Hits glänzen Shooting-Star Raffiella Chapman (DIE ENTDECKUNG DER UNENDLICHKEIT) und Eddie Marsan (SHERLOCK HOLMES)."||||||||||||||||||||||Non-Organic||||"{'medium': 'DVD', 'Untertitel': 'Deutsch', 'manufacturer': 'PLAION PICTURES', 'Bildformat': 'Widescreen', 'Zusatzinfos / Bonusmaterial beim Film dabei': 'Trailer; Bildergalerie;', 'Inhalt': '1 Stk.', 'Laufzeit in min (gesamt)': '110', 'Produktionsjahr': '2022', 'Produktionsland': 'Frankreich,Belgien,Litauen', 'Regisseur': 'Bruno Samper,Kristina Buozyte', 'Schauspieler': 'Eddie Marsan,Raffiella Chapman,Rosy McEwen', 'Special Edition': 'Nein', 'Tonformat-Sprache': 'Deutsch,Englisch', 'packaging_type': 'Softbox', 'Hauptgenre': 'Science Fiction|Abenteuer'}"||||||||||||||0|0|2879155_1.png|https://static.mueller.de/videojakob_4020628687816_pv_644038/pdzoom/vesper-chronicles.webp|2879155_2.png|https://static.mueller.de/pdzoom/videojakob_4020628687816_pr_644038-back.webp|2879155_3.png|https://static.mueller.de/videojakob_4020628687816_pd_66609016/pdzoom/vesper-chronicles.webp|2879155_4.png|https://static.mueller.de/videojakob_4020628687816_pd_66609126/pdzoom/vesper-chronicles.webp|2879155_5.png|https://static.mueller.de/videojakob_4020628687816_pd_66609204/pdzoom/vesper-chronicles.webp|2879155_6.png|https://static.mueller.de/videojakob_4020628687816_pd_66609313/pdzoom/vesper-chronicles.webp||||||||||||PLAION PICTURES||||||||||1 Stk.|||True||2879155P|||||||||5
2062990|mueller||||||||2024-10-28|Alnatura Bio Knäckebrot Delikatess|ALNATURA||250|g|Home|Naturshop|Lebensmittel|Nahrung|Backwaren|Alnatura Bio Knäckebrot Delikatess||1,79 €|1,79 €|||||||||||7,16 € / 1 kg|||EUR|Home> Naturshop> Lebensmittel> Nahrung> Backwaren> Alnatura Bio Knäckebrot Delikatess|https://www.mueller.at/p/alnatura-bio-knaeckebrot-delikatess-2062990/|250 g|Für dieses knusprig-feine Bio-Vollkornknäckebrot wird Roggen frisch vermahlen und traditionell verarbeitet. Das Brot ist ballaststoffreich und wird ohne Hefezusatz hergestellt. Bio-Qualität; aus Roggenvollkornmehl; knusprig-fein; ballaststoffreich; ohne Zusatz von Hefe||Bitte trocken lagern.,Conserver dans un endroit sec.|||||||||{'Nährwerte je': '100  g', 'Brennwert': '1412 kj / 335 kcal', 'Fett in g': '1.8 g', '- davon gesättigte Fettsäuren in g': '0.3 g', 'Kohlenhydrate in g': '63.0 g', '- davon Zucker in g': '2.4 g', 'Ballaststoffe in g': '16.0 g', 'Eiweiß in g': '8.6 g', 'Salz in g': '1.3 g'}|||||||||||Organic||||"{'Lagerhinweis': 'Bitte trocken lagern.,Conserver dans un endroit sec.', 'manufacturer': 'Alnatura GmbH', 'Herstelleradresse': 'Mahatma-Gandhi-Straße 7, 64295 Darmstadt', 'Kontaktmöglichkeit': 'www.alnatura.de', 'Öko-Kontrollstelle': 'DE-ÖKO-001', 'Inhalt': '250 g', 'Bio': 'Ja', 'Eigenschaften': 'vegan laut Zutaten|vegetarisch gemaeß Rezeptur', 'Zutaten': 'ROGGENVOLLKORNMEHL* 94%, Meersalz *aus biologischer Landwirtschaft. Kann Spuren von Sesam enthalten', 'Produkttyp': 'Backwaren'}"||||||||||||||5.0|1|2062990_1.png|https://static.mueller.de/markant_04104420016057_pv_3622271/pdzoom/alnatura-bio-knaeckebrot-delikatess.webp||||||||||||||||||||||Alnatura GmbH||||||||||250 g|||True||2062990P|||||||||10
2904673|mueller||||||||2024-10-28|H&H Kinderbecher MELINA|H&H||1|Stk.|Home|Spielwaren|Kostüme & Partyartikel|Trends|H&H Kinderbecher MELINA|||8,99 €|8,99 €||||||||||||||EUR|Home> Spielwaren> Kostüme & Partyartikel> Trends> H&H Kinderbecher MELINA|https://www.mueller.at/p/h-h-kinderbecher-melina-IPN2904673/|1 Stk.|Der Personalisierte Kinderbecher besteht aus dem langlebigen, robusten aber leichten Material Melamin – somit ideal für kleine Kinderhände. Es wurde darauf geachtet, dass die Becher spülmaschinengeeignet sind. Ihr Fassungsvermögen beträgt 250ml.||||||||2 Jahre||||||||||||||Non-Organic||||"{'target_group': 'Kleinkinder|Kindergartenkinder|Grundschüler', 'Artikelnummer des Herstellers': '03225060069', 'Altersempfehlung ab': '2 Jahre', 'Inhalt': '1 Stk.', 'Produkttyp': 'Kleinspielzeug'}"||||||||||||||0|0|2904673_1.png|https://static.mueller.de/pdzoom/5099563201295_03225060069_Melina.webp||||||||||||||||||||||03225060069||||||||||1 Stk.|||True||2904673P|||||||||5
2062994|mueller||||||||2024-10-28|Alnatura Bioland-Roggen Vollkorn Brot|ALNATURA||500|g|Home|Naturshop|Lebensmittel|Nahrung|Backwaren|Alnatura Bioland-Roggen Vollkorn Brot||1,59 €|1,59 €|||||||||||3,18 € / 1 kg|||EUR|Home> Naturshop> Lebensmittel> Nahrung> Backwaren> Alnatura Bioland-Roggen Vollkorn Brot|https://www.mueller.at/p/alnatura-bioland-roggen-vollkorn-brot-2062994/|500 g|Ein kräftig-aromatisches Roggenvollkornbrot in Bioland-Qualität – mit Natursauerteig und Getreide aus Deutschland; saftig, ballaststoffreich und praktischerweise bereits vorgeschnitten. Bio-Qualität (Bioland)mit Natursauerteig und Getreide aus Deutschlandballaststoffreichbereits geschnitten||Nach dem Öffnen im Kühlschrank lagern und innerhalb von 5 Tagen verbrauchen.,Une fois ouvert, conserver au réfrigérateur et consommer dans les 5 jours.|||||||||{'Nährwerte je': '100  g', 'Brennwert': '766 kj / 182 kcal', 'Fett in g': '1.2 g', '- davon gesättigte Fettsäuren in g': '0.1 g', 'Kohlenhydrate in g': '34.0 g', '- davon Zucker in g': '2.5 g', 'Ballaststoffe in g': '9.0 g', 'Eiweiß in g': '4.2 g', 'Salz in g': '0.93 g'}|||||||||||Organic||||{'Lagerhinweis': 'Nach dem Öffnen im Kühlschrank lagern und innerhalb von 5 Tagen verbrauchen.,Une fois ouvert, conserver au réfrigérateur et consommer dans les 5 jours.', 'manufacturer': 'Alnatura GmbH', 'Herstelleradresse': 'Mahatma-Gandhi-Straße 7, DE-64295 Darmstadt', 'Kontaktmöglichkeit': 'www.alnatura.de', 'Öko-Kontrollstelle': 'DE-ÖKO-001', 'Inhalt': '500 g', 'Bio': 'Ja', 'Eigenschaften': 'vegetarisch gemaeß Rezeptur', 'Zutaten': 'ROGGENVOLLKORNSCHROT* 44 %, Natursauerteig 29 % (ROGGENVOLLKORNSCHROT*, Wasser), Wasser, Meersalz, Hefe* *aus biologischer Landwirtschaft\nKann Spuren von Lupine enthalten', 'Produkttyp': 'Backwaren'}||||||||||||||5.0|2|2062994_1.png|https://static.mueller.de/markant_04104420224728_pv_4878038/pdzoom/alnatura-bioland-roggen-vollkorn-brot.webp||||||||||||||||||||||Alnatura GmbH||||||||||500 g|||True||2062994P|||||||||10
2786790|mueller||||||||2024-10-28|Missha M Perfect Cover BB Cream SPF42/PA+++|MISSHA||20|ml|Home|Parfümerie|Make-up|Teint|Getönte Tagescreme|Missha M Perfect Cover BB Cream SPF42/PA+++||9,90 €|9,90 €|||||||||||495,00 € / 1 l|||EUR|Home> Parfümerie> Make-up> Teint> Getönte Tagescreme> Missha M Perfect Cover BB Cream SPF42/PA+++|https://www.mueller.at/p/missha-m-perfect-cover-bb-cream-spf42-pa-2786790/|20 ml|"""MISSHA M Perfect Cover B.B-Creme bietet ein neues Hautpflegekonzept durch die B.B-Creme, die den Hautton aufhellt, indem sie sichtbare Falten und Mängel ausgleicht, kombiniert mit ausgezeichneten abdeckenden Fähigkeiten, und außerdem die Hautalterung durch wirksame Aufhell- und Anti-Falten-Eigenschaften verhindert. Nr. 27 (honigfarbenes Beige) 

Diese multifunktionale BB-Creme mit den Fähigkeiten zur UV-Filterung, Aufhellung und Faltenpflege ist das perfekte abdeckende Make-up."""||||||||||||||||||||||Non-Organic||||"{'consistency': 'Creme', 'Lichtschutzfaktor': '40', 'target_group': 'Damen', 'manufacturer': 'Able C&C Ltd., South Korea', 'Herstelleradresse': '12, Seocho-daero 38-gil(Seocho-dong, MajeStar City Tower 1, 13FL), Seocho-gu, Seoul', 'Kontaktmöglichkeit': 'info@orientrade.com', 'dermatologically_tested': 'Nein', 'Anwendungshinweis': 'Nach der Hautgrundpflege tragen Sie eine entsprechende Menge entlang der Hauttextur auf und schließen dann mit Puder ab. Bitte keine zusätzliche Sonnencreme auftragen.', 'package_contents': 'Water (Aqua), Cyclopentasiloxane, Ethylhexyl Methoxycinnamate, Zinc Oxide, Propylene Glycol, Titanium Dioxide, Caprylic/Capric Triglyceride, PEG-10 Dimethicone, Glycerin, Cetyl PEG/PPG-10/1 Dimethicone, Arbutin, Mineral Oil, Polyethylene, Talc, Phenyl Trimethicone, Beeswax (Cera Alba), Iron Oxides (CI 77492), Sodium Chloride, Iron Oxides (CI 77491), Iron Oxides (CI 77499), Methylparaben, Dimethicone, Propylparaben, Rosa Canina Fruit Oil, Squalane, Macadamia Ternifolia Seed Oil, Simmondsia Chinensis (Jojoba) Seed Oil, Cyclotetrasiloxane, Disodium EDTA, Adenosine, Algae Extract, Rosmarinus Officinalis (Rosemary) Leaf Extract, Chamomilla Recutita (Matricaria) Flower Extract, Ceramide NP, Butylene Glycol, Fagus Sylvatica Bud Extract, Hydrolyzed collagen, Caprylyl Glycol, Benzyl Alcohol, 1,2-Hexanediol, Caprylhydroxamic Acid, Tocopherol, Benzoic Acid, Sodium Hyaluronate, Phenoxyethanol, Tropolone, Fragrance (Parfum)', 'Farbnummer': '21', 'Farbe': 'Light Beige', 'Deckkraft': 'mittel', 'skin_type': 'alle Hauttypen', 'product_property': 'feuchtigkeitsspendend|schützend', 'Inhalt': '20 ml', 'scope_of_application': 'Tagespflege', 'Produkttyp': 'getönte Tagescreme'}"||||||Light Beige||||||||5.0|2|2786790_1.png|https://static.mueller.de/pdzoom/8809747940752_1_06092024.webp|2786790_2.png|https://static.mueller.de/pdzoom/8809747940752_3_06092024.webp|2786790_3.png|https://static.mueller.de/pdzoom/8809747940752_2__06092024.webp|2786790_4.png|https://static.mueller.de/pdzoom/8809747940752_6_06092024.webp|2786790_5.png|https://static.mueller.de/pdzoom/8809747940752_4_06092024.webp|2786790_6.png|https://static.mueller.de/pdzoom/8809747940752_5_06092024.webp||||||||||||Able C&C Ltd., South Korea||||||||||20 ml|Water (Aqua), Cyclopentasiloxane, Ethylhexyl Methoxycinnamate, Zinc Oxide, Propylene Glycol, Titanium Dioxide, Caprylic/Capric Triglyceride, PEG-10 Dimethicone, Glycerin, Cetyl PEG/PPG-10/1 Dimethicone, Arbutin, Mineral Oil, Polyethylene, Talc, Phenyl Trimethicone, Beeswax (Cera Alba), Iron Oxides (CI 77492), Sodium Chloride, Iron Oxides (CI 77491), Iron Oxides (CI 77499), Methylparaben, Dimethicone, Propylparaben, Rosa Canina Fruit Oil, Squalane, Macadamia Ternifolia Seed Oil, Simmondsia Chinensis (Jojoba) Seed Oil, Cyclotetrasiloxane, Disodium EDTA, Adenosine, Algae Extract, Rosmarinus Officinalis (Rosemary) Leaf Extract, Chamomilla Recutita (Matricaria) Flower Extract, Ceramide NP, Butylene Glycol, Fagus Sylvatica Bud Extract, Hydrolyzed collagen, Caprylyl Glycol, Benzyl Alcohol, 1,2-Hexanediol, Caprylhydroxamic Acid, Tocopherol, Benzoic Acid, Sodium Hyaluronate, Phenoxyethanol, Tropolone, Fragrance (Parfum)||True||2786790P|||||||||10
2786791|mueller||||||||2024-10-28|Missha M Perfect Cover BB Cream SPF42/PA+++|MISSHA||20|ml|Home|Parfümerie|Make-up|Teint|Getönte Tagescreme|Missha M Perfect Cover BB Cream SPF42/PA+++||9,90 €|9,90 €|||||||||||495,00 € / 1 l|||EUR|Home> Parfümerie> Make-up> Teint> Getönte Tagescreme> Missha M Perfect Cover BB Cream SPF42/PA+++|https://www.mueller.at/p/missha-m-perfect-cover-bb-cream-spf42-pa-2786791/|20 ml|"""MISSHA M Perfect Cover B.B-Creme bietet ein neues Hautpflegekonzept durch die B.B-Creme, die den Hautton aufhellt, indem sie sichtbare Falten und Mängel ausgleicht, kombiniert mit ausgezeichneten abdeckenden Fähigkeiten, und außerdem die Hautalterung durch wirksame Aufhell- und Anti-Falten-Eigenschaften verhindert. Nr. 27 (honigfarbenes Beige) 

Diese multifunktionale BB-Creme mit den Fähigkeiten zur UV-Filterung, Aufhellung und Faltenpflege ist das perfekte abdeckende Make-up."""||||||||||||||||||||||Non-Organic||||"{'consistency': 'Creme', 'target_group': 'Damen', 'manufacturer': 'Able C&C Ltd., South Korea', 'Herstelleradresse': '12, Seocho-daero 38-gil(Seocho-dong, MajeStar City Tower 1, 13FL), Seocho-gu, Seoul', 'Kontaktmöglichkeit': 'info@orientrade.com', 'dermatologically_tested': 'Nein', 'Anwendungshinweis': 'Nach der Hautgrundpflege tragen Sie eine entsprechende Menge entlang der Hauttextur auf und schließen dann mit Puder ab. Bitte keine zusätzliche Sonnencreme auftragen.', 'package_contents': 'Water (Aqua), Cyclopentasiloxane, Ethylhexyl Methoxycinnamate, Zinc Oxide, Propylene Glycol, Titanium Dioxide, Caprylic/Capric Triglyceride, PEG-10 Dimethicone, Glycerin, Cetyl PEG/PPG-10/1 Dimethicone, Arbutin, Mineral Oil, Polyethylene, Talc, Phenyl Trimethicone, Beeswax (Cera Alba), Iron Oxides (CI 77492), Sodium Chloride, Iron Oxides (CI 77499), Iron Oxides (CI 77491), Methylparaben, Dimethicone, Propylparaben, Rosa Canina Fruit Oil, Squalane, Macadamia Ternifolia Seed Oil, Simmondsia Chinensis (Jojoba) Seed Oil, Cyclotetrasiloxane, Disodium EDTA, Adenosine, Algae Extract, Rosmarinus Officinalis (Rosemary) Leaf Extract, Chamomilla Recutita (Matricaria) Flower Extract, Ceramide NP, Butylene Glycol, Fagus Sylvatica Bud Extract, Hydrolyzed collagen, Caprylyl Glycol, Benzyl Alcohol, 1,2-Hexanediol, Caprylhydroxamic Acid, Tocopherol, Benzoic Acid, Sodium Hyaluronate, Phenoxyethanol, Tropolone, Fragrance (Parfum), Benzyl Salicylate, Hydroxycitronellal, Alpha-Isomethyl Ionone, Hexyl Cinna', 'Farbnummer': '23', 'Farbe': 'Natural Beige', 'Deckkraft': 'mittel', 'skin_type': 'alle Hauttypen', 'product_property': 'feuchtigkeitsspendend|schützend', 'Inhalt': '20 ml', 'scope_of_application': 'Tagespflege', 'Produkttyp': 'getönte Tagescreme'}"||||||Natural Beige||||||||5.0|2|2786791_1.png|https://static.mueller.de/pdzoom/8809747940738_1_06092024.webp|2786791_2.png|https://static.mueller.de/pdzoom/8809747940738_2_06092024.webp|2786791_3.png|https://static.mueller.de/pdzoom/8809747940738_4_06092024.webp|2786791_4.png|https://static.mueller.de/pdzoom/8809747940738_3_06092024.webp||||||||||||||||Able C&C Ltd., South Korea||||||||||20 ml|Water (Aqua), Cyclopentasiloxane, Ethylhexyl Methoxycinnamate, Zinc Oxide, Propylene Glycol, Titanium Dioxide, Caprylic/Capric Triglyceride, PEG-10 Dimethicone, Glycerin, Cetyl PEG/PPG-10/1 Dimethicone, Arbutin, Mineral Oil, Polyethylene, Talc, Phenyl Trimethicone, Beeswax (Cera Alba), Iron Oxides (CI 77492), Sodium Chloride, Iron Oxides (CI 77499), Iron Oxides (CI 77491), Methylparaben, Dimethicone, Propylparaben, Rosa Canina Fruit Oil, Squalane, Macadamia Ternifolia Seed Oil, Simmondsia Chinensis (Jojoba) Seed Oil, Cyclotetrasiloxane, Disodium EDTA, Adenosine, Algae Extract, Rosmarinus Officinalis (Rosemary) Leaf Extract, Chamomilla Recutita (Matricaria) Flower Extract, Ceramide NP, Butylene Glycol, Fagus Sylvatica Bud Extract, Hydrolyzed collagen, Caprylyl Glycol, Benzyl Alcohol, 1,2-Hexanediol, Caprylhydroxamic Acid, Tocopherol, Benzoic Acid, Sodium Hyaluronate, Phenoxyethanol, Tropolone, Fragrance (Parfum), Benzyl Salicylate, Hydroxycitronellal, Alpha-Isomethyl Ionone, Hexyl Cinna||True||2786791P|||||||||10
2062996|mueller||||||||2024-10-28|Alnatura Bio Dinkel Grünkern Brot|ALNATURA||500|g|Home|Naturshop|Lebensmittel|Nahrung|Backwaren|Alnatura Bio Dinkel Grünkern Brot||1,99 €|1,99 €|||||||||||3,98 € / 1 kg|||EUR|Home> Naturshop> Lebensmittel> Nahrung> Backwaren> Alnatura Bio Dinkel Grünkern Brot|https://www.mueller.at/p/alnatura-bio-dinkel-gruenkern-brot-2062996/|500 g|Ein saftiges Bio-Vollkornbrot aus Roggen, Dinkel und Grünkern – aromatisch, ballaststoffreich und praktischerweise bereits vorgeschnitten. Bio-QualitätVollkornbrot aus Roggen, Dinkel und Grünkernballaststoffreichbereits geschnitten||Nach dem Öffnen im Kühlschrank aufbewahren und innerhalb von 3 Tagen verbrauchen.,Une fois ouvert, conserver au réfrigérateur et consommer dans les 3 jours.|||||||||{'Nährwerte je': '100  g', 'Brennwert': '815 kj / 193 kcal', 'Fett in g': '1.4 g', '- davon gesättigte Fettsäuren in g': '0.2 g', 'Kohlenhydrate in g': '35.0 g', '- davon Zucker in g': '3.0 g', 'Ballaststoffe in g': '9.7 g', 'Eiweiß in g': '5.4 g', 'Salz in g': '1.3 g'}|||||||||||Organic||||{'Lagerhinweis': 'Nach dem Öffnen im Kühlschrank aufbewahren und innerhalb von 3 Tagen verbrauchen.,Une fois ouvert, conserver au réfrigérateur et consommer dans les 3 jours.', 'manufacturer': 'Alnatura GmbH', 'Herstelleradresse': 'Mahatma-Gandhi-Straße 7, DE-64295 Darmstadt', 'Kontaktmöglichkeit': 'www.alnatura.de', 'Öko-Kontrollstelle': 'DE-ÖKO-001', 'Inhalt': '500 g', 'Bio': 'Ja', 'Eigenschaften': 'vegetarisch gemaeß Rezeptur', 'Zutaten': 'Wasser, ROGGENVOLLKORNSCHROT*, DINKELSCHROT*¹, ROGGENVOLLKORNMEHL*, GRÜNKERNSCHROT*¹, Meersalz, Hefe* *aus biologischer Landwirtschaft ¹Dinkel/Grünkern ist eine WEIZENART\nKann Spuren Soja, Mandel, Nüssen und Sesam enthalten', 'Produkttyp': 'Backwaren'}||||||||||||||5.0|2|2062996_1.png|https://static.mueller.de/markant_04104420225602_pv_3872881/pdzoom/alnatura-bio-dinkel-gruenkern-brot.webp||||||||||||||||||||||Alnatura GmbH||||||||||500 g|||True||2062996P|||||||||10
2786792|mueller||||||||2024-10-28|Missha M Perfect Cover BB Cream SPF42/PA+++|MISSHA||20|ml|Home|Drogerie|Pflege|Gesichtspflege|Tagespflege|Missha M Perfect Cover BB Cream SPF42/PA+++||9,90 €|9,90 €|||||||||||495,00 € / 1 l|||EUR|Home> Drogerie> Pflege> Gesichtspflege> Tagespflege> Missha M Perfect Cover BB Cream SPF42/PA+++|https://www.mueller.at/p/missha-m-perfect-cover-bb-cream-spf42-pa-2786792/|20 ml|"""MISSHA M Perfect Cover B.B-Creme bietet ein neues Hautpflegekonzept durch die B.B-Creme, die den Hautton aufhellt, indem sie sichtbare Falten und Mängel ausgleicht, kombiniert mit ausgezeichneten abdeckenden Fähigkeiten, und außerdem die Hautalterung durch wirksame Aufhell- und Anti-Falten-Eigenschaften verhindert. Nr. 27 (honigfarbenes Beige) 

Diese multifunktionale BB-Creme mit den Fähigkeiten zur UV-Filterung, Aufhellung und Faltenpflege ist das perfekte abdeckende Make-up."""||||||||||||||||||||||Non-Organic||||"{'consistency': 'Creme', 'target_group': 'Damen', 'manufacturer': 'Able C&C Ltd., South Korea', 'Herstelleradresse': '12, Seocho-daero 38-gil(Seocho-dong, MajeStar City Tower 1, 13FL), Seocho-gu, Seoul', 'Kontaktmöglichkeit': 'info@orientrade.com', 'dermatologically_tested': 'Nein', 'Anwendungshinweis': 'Nach der Hautgrundpflege tragen Sie eine entsprechende Menge entlang der Hauttextur auf und schließen dann mit Puder ab. Bitte keine zusätzliche Sonnencreme auftragen.', 'package_contents': 'Water (Aqua), Cyclopentasiloxane, Ethylhexyl Methoxycinnamate, Zinc Oxide, Propylene Glycol, Titanium Dioxide, Caprylic/Capric Triglyceride, PEG-10 Dimethicone, Iron Oxides (CI 77492), Glycerin, Cetyl PEG/PPG-10/1 Dimethicone, Arbutin, Mineral Oil, Polyethylene, Talc, Phenyl Trimethicone, Beeswax (Cera Alba), Sodium Chloride, Iron Oxides (CI 77491), Methylparaben, Iron Oxides (CI 77499), Dimethicone, Propylparaben, Rosa Canina Fruit Oil, Squalane, Macadamia Ternifolia Seed Oil, Simmondsia Chinensis (Jojoba) Seed Oil, Cyclotetrasiloxane, Disodium EDTA, Adenosine, Algae Extract, Rosmarinus Officinalis (Rosemary) Leaf Extract, Chamomilla Recutita (Matricaria) Flower Extract, Ceramide NP, Butylene Glycol, Fagus Sylvatica Bud Extract, Hydrolyzed collagen, Caprylyl Glycol, Benzyl Alcohol, 1,2-Hexanediol, Caprylhydroxamic Acid, Tocopherol, Benzoic Acid, Sodium Hyaluronate, Phenoxyethanol, Tropolone, Fragrance (Parfum), Benzyl Salicylate, Hydroxycitronellal, Alpha-Isomethyl Ionone, Hexyl Cinna', 'Farbnummer': '25', 'Farbe': 'Warm Beige', 'Deckkraft': 'mittel', 'skin_type': 'alle Hauttypen', 'product_property': 'feuchtigkeitsspendend|schützend', 'Inhalt': '20 ml', 'scope_of_application': 'Tagespflege', 'Produkttyp': 'getönte Tagescreme'}"||||||Warm Beige||||||||5.0|4|2786792_1.png|https://static.mueller.de/pdzoom/8809747940677_1_06092024.webp|2786792_2.png|https://static.mueller.de/pdzoom/8809747940677_2_06092024.webp|2786792_3.png|https://static.mueller.de/pdzoom/8809747940677_3_06092024.webp|2786792_4.png|https://static.mueller.de/pdzoom/8809747940677_4_06092024.webp||||||||||||||||Able C&C Ltd., South Korea||||||||||20 ml|Water (Aqua), Cyclopentasiloxane, Ethylhexyl Methoxycinnamate, Zinc Oxide, Propylene Glycol, Titanium Dioxide, Caprylic/Capric Triglyceride, PEG-10 Dimethicone, Iron Oxides (CI 77492), Glycerin, Cetyl PEG/PPG-10/1 Dimethicone, Arbutin, Mineral Oil, Polyethylene, Talc, Phenyl Trimethicone, Beeswax (Cera Alba), Sodium Chloride, Iron Oxides (CI 77491), Methylparaben, Iron Oxides (CI 77499), Dimethicone, Propylparaben, Rosa Canina Fruit Oil, Squalane, Macadamia Ternifolia Seed Oil, Simmondsia Chinensis (Jojoba) Seed Oil, Cyclotetrasiloxane, Disodium EDTA, Adenosine, Algae Extract, Rosmarinus Officinalis (Rosemary) Leaf Extract, Chamomilla Recutita (Matricaria) Flower Extract, Ceramide NP, Butylene Glycol, Fagus Sylvatica Bud Extract, Hydrolyzed collagen, Caprylyl Glycol, Benzyl Alcohol, 1,2-Hexanediol, Caprylhydroxamic Acid, Tocopherol, Benzoic Acid, Sodium Hyaluronate, Phenoxyethanol, Tropolone, Fragrance (Parfum), Benzyl Salicylate, Hydroxycitronellal, Alpha-Isomethyl Ionone, Hexyl Cinna||True||2786792P|||||||||10
2786793|mueller||||||||2024-10-28|Missha M Perfect Cover BB Cream SPF42/PA+++|MISSHA||20|ml|Home|Drogerie|Pflege|Gesichtspflege|Tagespflege|Missha M Perfect Cover BB Cream SPF42/PA+++||9,90 €|9,90 €|||||||||||495,00 € / 1 l|||EUR|Home> Drogerie> Pflege> Gesichtspflege> Tagespflege> Missha M Perfect Cover BB Cream SPF42/PA+++|https://www.mueller.at/p/missha-m-perfect-cover-bb-cream-spf42-pa-2786793/|20 ml|"""MISSHA M Perfect Cover B.B-Creme bietet ein neues Hautpflegekonzept durch die B.B-Creme, die den Hautton aufhellt, indem sie sichtbare Falten und Mängel ausgleicht, kombiniert mit ausgezeichneten abdeckenden Fähigkeiten, und außerdem die Hautalterung durch wirksame Aufhell- und Anti-Falten-Eigenschaften verhindert. Nr. 27 (honigfarbenes Beige) 

Diese multifunktionale BB-Creme mit den Fähigkeiten zur UV-Filterung, Aufhellung und Faltenpflege ist das perfekte abdeckende Make-up."""||||||||||||||||||||||Non-Organic||||"{'consistency': 'Creme', 'target_group': 'Damen', 'manufacturer': 'Able C&C Ltd., South Korea', 'Herstelleradresse': '12, Seocho-daero 38-gil(Seocho-dong, MajeStar City Tower 1, 13FL), Seocho-gu, Seoul', 'Kontaktmöglichkeit': 'info@orientrade.com', 'dermatologically_tested': 'Nein', 'Anwendungshinweis': 'Nach der Hautgrundpflege tragen Sie eine entsprechende Menge entlang der Hauttextur auf und schließen dann mit Puder ab. Bitte keine zusätzliche Sonnencreme auftragen.', 'package_contents': 'Water (Aqua), Cyclopentasiloxane, Ethylhexyl Methoxycinnamate, Zinc Oxide, Propylene Glycol, Titanium Dioxide, Caprylic/Capric Triglyceride, PEG-10 Dimethicone, Glycerin, Cetyl PEG/PPG-10/1 Dimethicone, Arbutin, Mineral Oil, Iron Oxides (CI 77492), Polyethylene, Talc, Phenyl Trimethicone, Beeswax (Cera Alba), Sodium Chloride, Iron Oxides (CI 77491), Iron Oxides (CI 77499), Methylparaben, Dimethicone, Propylparaben, Rosa Canina Fruit Oil, Squalane, Macadamia Ternifolia Seed Oil, Simmondsia Chinensis (Jojoba) Seed Oil, Cyclotetrasiloxane, Disodium EDTA, Adenosine, Algae Extract, Rosmarinus Officinalis (Rosemary) Leaf Extract, Chamomilla Recutita (Matricaria) Flower Extract, Ceramide NP, Butylene Glycol, Fagus Sylvatica Bud Extract, Hydrolyzed collagen, Caprylyl Glycol, Benzyl Alcohol, 1,2-Hexanediol, Caprylhydroxamic Acid, Tocopherol, Benzoic Acid, Sodium Hyaluronate, Phenoxyethanol, Tropolone, Fragrance (Parfum)', 'Farbnummer': '27', 'Farbe': 'Honey Beige', 'Deckkraft': 'mittel', 'skin_type': 'alle Hauttypen', 'product_property': 'feuchtigkeitsspendend|schützend', 'Inhalt': '20 ml', 'scope_of_application': 'Tagespflege', 'Produkttyp': 'getönte Tagescreme'}"||||||Honey Beige||||||||5.0|1|2786793_1.png|https://static.mueller.de/pdzoom/8809747940707_1_06092024.webp|2786793_2.png|https://static.mueller.de/pdzoom/8809747940707_2_06092024.webp|2786793_3.png|https://static.mueller.de/pdzoom/8809747940707_3_06092024.webp|2786793_4.png|https://static.mueller.de/pdzoom/8809747940707_4_06092024.webp||||||||||||||||Able C&C Ltd., South Korea||||||||||20 ml|Water (Aqua), Cyclopentasiloxane, Ethylhexyl Methoxycinnamate, Zinc Oxide, Propylene Glycol, Titanium Dioxide, Caprylic/Capric Triglyceride, PEG-10 Dimethicone, Glycerin, Cetyl PEG/PPG-10/1 Dimethicone, Arbutin, Mineral Oil, Iron Oxides (CI 77492), Polyethylene, Talc, Phenyl Trimethicone, Beeswax (Cera Alba), Sodium Chloride, Iron Oxides (CI 77491), Iron Oxides (CI 77499), Methylparaben, Dimethicone, Propylparaben, Rosa Canina Fruit Oil, Squalane, Macadamia Ternifolia Seed Oil, Simmondsia Chinensis (Jojoba) Seed Oil, Cyclotetrasiloxane, Disodium EDTA, Adenosine, Algae Extract, Rosmarinus Officinalis (Rosemary) Leaf Extract, Chamomilla Recutita (Matricaria) Flower Extract, Ceramide NP, Butylene Glycol, Fagus Sylvatica Bud Extract, Hydrolyzed collagen, Caprylyl Glycol, Benzyl Alcohol, 1,2-Hexanediol, Caprylhydroxamic Acid, Tocopherol, Benzoic Acid, Sodium Hyaluronate, Phenoxyethanol, Tropolone, Fragrance (Parfum)||True||2786793P|||||||||10
2062998|mueller||||||||2024-10-28|Alnatura Bio Eiweißbrot|ALNATURA||250|g|Home|Naturshop|Lebensmittel|Nahrung|Backwaren|Alnatura Bio Eiweißbrot||1,99 €|1,99 €|||||||||||7,96 € / 1 kg|||EUR|Home> Naturshop> Lebensmittel> Nahrung> Backwaren> Alnatura Bio Eiweißbrot|https://www.mueller.at/p/alnatura-bio-eiweissbrot-2062998/|250 g|Ein saftiges Bio-Roggenbrot mit der dreifachen Menge Eiweiß und 69 Prozent weniger Kohlenhydraten als ein herkömmliches Roggenbrot. Ideal zum Toasten. Vegan. Bio-Qualitätsaftiges eiweißreiches Roggenbrotdreifache Menge Eiweiß und 69 Prozent weniger Kohlenhydrate als ein herkömmliches Roggenbrotideal zum Toastenvegan||Nach dem Öffnen im Kühlschrank aufbewahren und innerhalb von 3 Tagen verbrauchen.,Une fois ouvert, conserver au réfrigérateur et consommer dans les 3 jours.|||||||||{'Nährwerte je': '100  g', 'Brennwert': '1036 kj / 248 kcal', 'Fett in g': '10.0 g', '- davon gesättigte Fettsäuren in g': '1.0 g', 'Kohlenhydrate in g': '14.0 g', '- davon Zucker in g': '1.7 g', 'Ballaststoffe in g': '11.0 g', 'Eiweiß in g': '20.0 g', 'Salz in g': '1.0 g'}|||||||||||Organic||||"{'Lagerhinweis': 'Nach dem Öffnen im Kühlschrank aufbewahren und innerhalb von 3 Tagen verbrauchen.,Une fois ouvert, conserver au réfrigérateur et consommer dans les 3 jours.', 'manufacturer': 'Alnatura GmbH', 'Herstelleradresse': 'Mahatma-Gandhi-Straße 7, DE-64295 Darmstadt', 'Kontaktmöglichkeit': 'www.alnatura.de', 'Öko-Kontrollstelle': 'DE-ÖKO-001', 'Inhalt': '250 g', 'Bio': 'Ja', 'Eigenschaften': 'vegetarisch gemaeß Rezeptur|vegan laut Zutaten', 'Zutaten': 'Wasser, ROGGENVOLLKORNMEHL* 20%, WEIZENEIWEIß* 13%, Leinsamen* 10%, SOJASCHROT* 10%, SOJAMEHL* 4%, Apfelessig*, Sonnenblumenkerne* 2%, WEIZENKLEIE*, Apfelfaser* Meersalz, Hefe* *aus biologischer Landwirtschaft\nKann Spuren von Mandel, Nüssen und Sesam enthalten', 'Produkttyp': 'Backwaren'}"||||||||||||||0|0|2062998_1.png|https://static.mueller.de/markant_04104420230866_pv_4933884/pdzoom/alnatura-bio-eiweissbrot.webp||||||||||||||||||||||Alnatura GmbH||||||||||250 g|||True||2062998P|||||||||10
2786795|mueller||||||||2024-10-28|PUREDERM Gold Energy Hydrogel Eye Patch|PUREDERM||60|Stk.|Home|Drogerie|Pflege|Gesichtspflege|Augenpflege|PUREDERM Gold Energy Hydrogel Eye Patch||19,90 €|19,90 €|||||||||||3,32 € / 10 Stk.|||EUR|Home> Drogerie> Pflege> Gesichtspflege> Augenpflege> PUREDERM Gold Energy Hydrogel Eye Patch|https://www.mueller.at/p/purederm-gold-energy-hydrogel-eye-patch-2786795/|60 Stk.|"""Der Purederm Gold Energy Hydrogel Eye Patch enthält eine klebrige Essenz, die auch auf der gewölbten Haut fest haftet und die Augenpartie intensiv mit einem gleichmäßigen Feuchtigkeitseffekt behandelt.
Die Haut wird durch Bestandteile wie Gold, das hilft, die Haut rein zu halten, und Zitronengrasextrakt, der reich an Nährstoffen ist, schützen die Haut davor, durch Umwelteinflüsse rau zu werden und bringen die Haut zum Strahlen.
Enthält 60 Tücher.

"""||||||||||||||||||||||Non-Organic||||"{'target_group': 'Herren|Unisex|Damen', 'manufacturer': 'ADWIN KOREA CORP.', 'Herstelleradresse': '212 Yeoksam-ro, Gangnam-gu, Seoul (06227)', 'Kontaktmöglichkeit': 'adwinkor.gobizkorea.com', 'dermatologically_tested': 'Nein', 'Anwendungshinweis': '""1. Das Gesicht gründlich reinigen und abtrocknen.\n2. Den Behälter öffnen und Pflaster mit dem beiliegenden Spatel aus dem Behälter nehmen.\n3. Die Pflaster auf das Gesicht aufbringen und eventuelle Luftblasen mit den Fingern glätten.\n4. Die Pflaster für 20~40 Minuten tragen und dann langsam von den Rändern her abziehen. Die verbleibende Essenz sanft in die Haut einmassieren.""', 'package_contents': 'Aqua, Glycerin, Methylpropanediol, Chondrus Crispus Extract, Portulaca Oleracea Extract, Acetyl Hexapeptide-8, Retinyl Palmitate, Thiamine HCl, Riboflavin, Niacin, Carnitine HCl, Pantothenic Acid, Biotin, Folic Acid, Ascorbic Acid, Tocopherol, Cymbopogon Schoenanthus Extract, Ceratonia Siliqua (Carob) Gum, Colloidal Gold, Allantoin, Potassium Chloride, Sucrose, Xanthan Gum, Cellulose Gum, Disodium EDTA, PEG-60 Hydrogenated Castor Oil, 1,2-Hexanediol, Hydroxyacetophenone, Glyceryl Caprylate, Mica (CI 77019), Titanium Dioxide (CI 77891), Iron Oxide Red (CI 77491), Parfum', 'skin_type': 'alle Hauttypen', 'product_property': 'straffend|regenerierend', 'Inhalt': '60 Stk.', 'scope_of_application': 'Augenpflege', 'Produkttyp': 'Pads'}"||||||||||||||5.0|1|2786795_1.png|https://static.mueller.de/pdzoom/8809411184383_2_06092024.webp|2786795_2.png|https://static.mueller.de/pdzoom/8809411184383_1_06092024.webp|2786795_3.png|https://static.mueller.de/pdzoom/8809411184383_3_06092024.webp||||||||||||||||||ADWIN KOREA CORP.||||||||||60 Stk.|Aqua, Glycerin, Methylpropanediol, Chondrus Crispus Extract, Portulaca Oleracea Extract, Acetyl Hexapeptide-8, Retinyl Palmitate, Thiamine HCl, Riboflavin, Niacin, Carnitine HCl, Pantothenic Acid, Biotin, Folic Acid, Ascorbic Acid, Tocopherol, Cymbopogon Schoenanthus Extract, Ceratonia Siliqua (Carob) Gum, Colloidal Gold, Allantoin, Potassium Chloride, Sucrose, Xanthan Gum, Cellulose Gum, Disodium EDTA, PEG-60 Hydrogenated Castor Oil, 1,2-Hexanediol, Hydroxyacetophenone, Glyceryl Caprylate, Mica (CI 77019), Titanium Dioxide (CI 77891), Iron Oxide Red (CI 77491), Parfum||True||2786795P|||||||||10
2786798|mueller||||||||2024-10-28|PUREDERM Black Solution Hydrogel Eye Patch|PUREDERM||60|Stk.|Home|Drogerie|Pflege|Gesichtspflege|Augenpflege|PUREDERM Black Solution Hydrogel Eye Patch||19,90 €|19,90 €|||||||||||3,32 € / 10 Stk.|||EUR|Home> Drogerie> Pflege> Gesichtspflege> Augenpflege> PUREDERM Black Solution Hydrogel Eye Patch|https://www.mueller.at/p/purederm-black-solution-hydrogel-eye-patch-2786798/|60 Stk.|"""Purederm Black Solution Hydrogel Eye Patch enthält eine klebrige Essenz, die auch auf der gewölbten Haut fest haftet und die Augenpartie intensiv mit einem gleichmäßigen Feuchtigkeitseffekt behandelt.
Der Black Complex, der sich aus Inhaltsstoffen wie Extrakt aus schwarzen Bohnen und Extrakt aus schwarzen Sesamsamen zusammensetzt, nährt die Haut
und lässt sie leuchten, zudem hilft Pearl Extract, die Haut hell und glatt zu halten.
Enthält 60 Tücher."""||||||||||||||||||||||Non-Organic||||"{'target_group': 'Herren|Unisex|Damen', 'manufacturer': 'ADWIN KOREA CORP.', 'Herstelleradresse': '212 Yeoksam-ro, Gangnam-gu, Seoul (06227)', 'Kontaktmöglichkeit': 'adwinkor.gobizkorea.com', 'dermatologically_tested': 'Nein', 'Anwendungshinweis': '""1. Das Gesicht gründlich reinigen und abtrocknen.\n2. Den Behälter öffnen und Pflaster mit dem beiliegenden Spatel aus dem Behälter nehmen.\n3. Die Pflaster auf das Gesicht aufbringen und eventuelle Luftblasen mit den Fingern glätten.\n4. Die Pflaster für 20~40 Minuten tragen und dann langsam von den Rändern her abziehen. Die verbleibende Essenz sanft in die Haut einmassieren.""', 'package_contents': 'Aqua, Glycerin, Methylpropanediol, Chondrus Crispus Extract, Portulaca Oleracea Extract, Acetyl Hexapeptide-8, Glycine Soja (Soybean) Seed Extract, Oryza Sativa (Rice) Extract, Sesamum Indicum (Sesame) Seed Extract, Camellia Sinensis Leaf Extract, Pearl Extract, Ceratonia Siliqua (Carob) Gum, Allantoin, Potassium Chloride, Sucrose, Xanthan Gum, Cellulose Gum, Disodium EDTA, PEG-60 Hydrogenated Castor Oil, 1,2-Hexanediol, Hydroxyacetophenone, Glyceryl Caprylate, Mica (CI 77019), Titanium Dioxide (CI 77891), Iron Oxide Black (CI 77499), Parfum', 'skin_type': 'alle Hauttypen', 'product_property': 'feuchtigkeitsspendend|glättend', 'Inhalt': '60 Stk.', 'scope_of_application': 'Augenpflege', 'Produkttyp': 'Pads'}"||||||||||||||0|0|2786798_1.png|https://static.mueller.de/pdzoom/8809411184406_2_06092024.webp|2786798_2.png|https://static.mueller.de/pdzoom/8809411184406_1_06092024.webp|2786798_3.png|https://static.mueller.de/pdzoom/8809411184406_3_06092024.webp||||||||||||||||||ADWIN KOREA CORP.||||||||||60 Stk.|Aqua, Glycerin, Methylpropanediol, Chondrus Crispus Extract, Portulaca Oleracea Extract, Acetyl Hexapeptide-8, Glycine Soja (Soybean) Seed Extract, Oryza Sativa (Rice) Extract, Sesamum Indicum (Sesame) Seed Extract, Camellia Sinensis Leaf Extract, Pearl Extract, Ceratonia Siliqua (Carob) Gum, Allantoin, Potassium Chloride, Sucrose, Xanthan Gum, Cellulose Gum, Disodium EDTA, PEG-60 Hydrogenated Castor Oil, 1,2-Hexanediol, Hydroxyacetophenone, Glyceryl Caprylate, Mica (CI 77019), Titanium Dioxide (CI 77891), Iron Oxide Black (CI 77499), Parfum||True||2786798P|||||||||10
2747107|mueller||||||||2024-10-28|Käfer Hausmischung Espresso ganze Bohne|KÄFER||200|g|Home|Drogerie|Lebensmittel|Tee & Kaffee|Kaffee|Käfer Hausmischung Espresso ganze Bohne||7,95 €|7,95 €|||||||||||39,75 € / 1 kg|||EUR|Home> Drogerie> Lebensmittel> Tee & Kaffee> Kaffee> Käfer Hausmischung Espresso ganze Bohne|https://www.mueller.at/p/kaefer-hausmischung-espresso-ganze-bohne-2747107/|200 g|Die von Hand gerösteten Espresso-Bohnen verströmen einen intensiven Duft, der sofort Lust auf einen kräftigen Espresso oder einen cremigen Cappuccino machen.|||||El Salvador|||||||||||||||||Non-Organic||||{'manufacturer': 'Feinkost Käfer GmbH', 'Herstelleradresse': 'Heimstettener Str. 1, 85599 Parsdorf', 'Herkunftsland': 'El Salvador', 'Inhalt': '200 g', 'Zutaten': '30% Arabica, 70% Robusta aus\xa0El Salvador, Indien', 'Produkttyp': 'Kaffee gemahlen & ganze Bohnen'}||||||||||||||0|0|2747107_1.png|https://static.mueller.de/6958432832-PV-0/pdzoom/kaefer-hausmischung-espresso-ganze-bohne.webp||||||||||||||||||||||Feinkost Käfer GmbH||||||||||200 g|||False||2747107P|||||||||1
2879180|mueller||||||||2024-10-28|XCOAST XC30 Powerbank 30.000mAh|||1|Stk.|Home|Multi-Media|Unterhaltungselektronik|Kabel & Adapter|XCOAST XC30 Powerbank 30.000mAh|||34,99 €|34,99 €||||||||||||||EUR|Home> Multi-Media> Unterhaltungselektronik> Kabel & Adapter> XCOAST XC30 Powerbank 30.000mAh|https://www.mueller.at/p/xcoast-xc30-powerbank-30-000mah-IPN2879180/|1 Stk.|"• 3 Geräte gleichzeitig bis zu 4x schneller Laden
• Digitale Ladestandsanzeige
• Schlankes Design
• Externer Akku-/ USB Ladegerät mit Schnellladefunktion
• Power Delivery via USB-C (USB-PD)
• Quick Charge via USB-A (QC 3.0)
• für Android Smartphones, Apple iPhones, Tablets, Action Cams, Digitalkameras, mobile Lautsprecher, Drohnen uvm.
• Zuverlässig, leistungsstark und kompakt: Entdecken Sie die XCOAST XC30 Powerbank - die ultimative Lösung für unterwegs!
Die XC30 Powerbank versorgt Sie jederzeit und überall mit Energie. Dank der fortschrittlichen Power Delivery- und Quick Charge-Funktionen können Sie modernste Schnellladetechnologie nutzen. Schnelleres Aufladen ist nicht möglich: Laden Sie Ihre Geräte bis zu 4-mal schneller wieder auf.
Wer braucht schon eine Steckdose? Ihre XCOAST XC30 ist eine echte Kraftstation. Mit einer beeindruckenden Kapazität von 30.000mAh bietet Ihnen die Powerbank genügend Energie, um den ganzen Tag über versorgt zu bleiben. Egal, ob Sie auf Geschäftsreisen sind, ein Abenteuer in der Natur erleben oder einfach nur einen langen Tag unterwegs verbringen - diese Powerbank hält problemlos mit Ihrem aktiven Lebensstil Schritt. Laden Sie mühelos mehrere Geräte gleichzeitig mit dieser ultimativen Energiereserve auf.
Keine unangenehmen Überraschungen mehr - dank des integrierten LED-Displays behalten Sie die Kontrolle über Ihre Energieversorgung. Mit einem Blick können Sie jederzeit den aktuellen Ladestand in Prozent auf der digitalen Anzeige ablesen. Bleiben Sie so immer informiert, wie viel Energie Ihnen noch zur Verfügung steht und wie lange Sie noch mit der Powerbank laden können, bevor sie leer ist. Aktivieren Sie das Display bei Bedarf manuell per Knopfdruck.
Keine Lust, lange darauf zu warten, bis Ihre Geräte endlich aufgeladen sind? Die XC30 Powerbank verfügt über einen USB-C-Anschluss mit 22,5W. Laden Sie Ihr Smartphone, Tablet oder andere kompatible Geräte in kürzester Zeit per Quick Charge 3.0 auf. Auch das Wiederaufladen der Mega-Powerbank über den USB-C-Anschluss mit Quick Charge ist schneller und effizienter als je zuvor. Alternativ können Sie die Energiestation über den Micro-USB-Anschluss aufladen. Während des Ladevorgangs blinkt die LED-Anzeige Ihrer High-End-Powerbank.
Ihr ultimativer Zusatzakku: Laden Sie mit diesem Allroundtalent bis zu drei Geräte gleichzeitig auf. Mit zwei USB-A-Anschlüssen und einem USB-C-Anschluss ist Ihre XCOAST XC30 mit allen gängigen Smartphones, Smartwatches und vielen weiteren Geräten kompatibel. Dank der modernen Power Delivery (PD) Technology versorgt die XC30 problemlos und schnell sogar Tablets oder Laptops mit Strom. Das Besondere: Sie können mehrere Geräte anschließen und alle gleichzeitig mit Energie versorgen. Kein Warten, kein Wechseln - die XC30 Powerbank macht es möglich. Mithilfe von Power Delivery oder Quick Charge lädt Ihre XC30 kompatible Geräte deutlich schneller als herkömmliche Ladegeräte ohne Schnellladefunktion.
Schlanker als man vermuten würde: Trotz ihrer enormen Leistungsfähigkeit und Energiereserve verfügt die XCOAST XC30 über ein unerwartet schlankes Design. Dank der intelligenten Slimbauweise der modernen Lithium-Ionen-Batterien hat Ihre XC30 Maße von nur 171 × 71,5 × 25 mm und wiegt nur 490 g.
Worauf warten Sie noch? Genießen Sie die Freiheit, immer und überall Energie zur Hand zu haben. Egal, ob Sie auf Reisen oder in der Natur unterwegs sind oder einfach nur den ganzen Tag über produktiv bleiben möchten - die XC30 Powerbank von XCOAST ist die perfekte Wahl.
Spezifikationen:
• Lithium-Ionen-Akkutechnologie mit 30.000 mAh
• Mikro-USB-Eingang 5V-2.0A/9V-2.0A
• USB-C-Eingang 5V-3.0A/9V-2.0A
• USB-C-Ausgang 5V-3.0A/9V-2.0A/12V-1.5A
• USB-A-Ausgang 4.5V-5A/5V-4.5A/9V-2.0A/12V-1.5A
• Maximaler Ausgang von 22,5 Watt
• Akkukapazität: 30.000 mAh (3,7 V)
• Produktmaße: 171 × 71,5 × 25 mm
• Gewicht: 490 g"||||||||||||||||||||||Non-Organic||||{'Batterie-Typ': 'Li-Ion', 'Inhalt': '1 Stk.', 'Produkttyp': 'Powerbank'}||||||||||||||5.0|1|2879180_1.png|https://static.mueller.de/pdzoom/4260449575576-pv.webp|2879180_2.png|https://static.mueller.de/4260449575576-pd-1/pdzoom/xcoast-xc30-powerbank-30-000mah.webp|2879180_3.png|https://static.mueller.de/4260449575576-pd-3/pdzoom/xcoast-xc30-powerbank-30-000mah.webp|2879180_4.png|https://static.mueller.de/4260449575576-pd-4/pdzoom/xcoast-xc30-powerbank-30-000mah.webp|2879180_5.png|https://static.mueller.de/4260449575576-pd-5/pdzoom/xcoast-xc30-powerbank-30-000mah.webp|2879180_6.png|https://static.mueller.de/4260449575576-pd-6/pdzoom/xcoast-xc30-powerbank-30-000mah.webp||||||||||||||||||||||1 Stk.|||False||2879180P|||||||||1
2062980|mueller||||||||2024-10-28|Alnatura Bio Speisestärke|ALNATURA||250|g|Home|Drogerie|Lebensmittel|Nahrung|Backzutaten & Süßungsmittel|Alnatura Bio Speisestärke||1,99 €|1,99 €|||||||||||7,96 € / 1 kg|||EUR|Home> Drogerie> Lebensmittel> Nahrung> Backzutaten & Süßungsmittel> Alnatura Bio Speisestärke|https://www.mueller.at/p/alnatura-bio-speisestaerke-2062980/|250 g|Eine reine Bio-Maisstärke, die Kuchen und Gebäck eine fein-lockere Konsistenz gibt und ideal zum Binden von Suppen und Saucen ist. Glutenfrei und vegan. Bio-Qualität; reine Maisstärke; zum Kochen und Backen; glutenfrei und vegan||Bitte trocken lagern und vor Wärme schützen.|||||||||{'Nährwerte je': '100  g', 'Brennwert': '1489 kj / 350 kcal', 'Fett in g': '0.5 g', '- davon gesättigte Fettsäuren in g': '0.2 g', 'Kohlenhydrate in g': '87.0 g', '- davon Zucker in g': '0.5 g', 'Ballaststoffe in g': '0.5 g', 'Eiweiß in g': '0.6 g', 'Salz in g': '0.02 g'}|||||||||||Organic||||"{'Lagerhinweis': 'Bitte trocken lagern und vor Wärme schützen.', 'manufacturer': 'Alnatura GmbH', 'Herstelleradresse': 'Mahatma-Gandhi-Straße 7, 64295 Darmstadt', 'Kontaktmöglichkeit': 'www.alnatura.de', 'Öko-Kontrollstelle': 'DE-ÖKO-007', 'Inhalt': '250 g', 'Bio': 'Ja', 'Eigenschaften': 'vegan laut Zutaten|Glutenfrei|vegetarisch gemaeß Rezeptur', 'Zutaten': 'Maisstärke* *aus biologischer Landwirtschaft . Kann Spuren von Soja, Mandel, Nüssen und Sesam enthalten.', 'Produkttyp': 'Backzutaten & Süßungsmittel', 'Zubereitungshinweis': 'Grundzubereitung zum Backen: Bis zu 1/3 der im Rezept angegebenen Mehlmenge durch Alnatura Speisestärke ersetzen. Grundzubereitung zum Binden von 500 ml Flüssigkeit: Für Suppen und Saucen: ca. 20 g ; Für Cremes: ca. 30 g ; Für Pudding und Grützen: ca. 45 g (1 gestrichener EL = ca. 10 g). Alnatura Speisestärke abwiegen und mit einem Teil der kalten Flüssigkeit verrühren. Übrige Flüssigkeit aufkochen, angerührte Speisestärke einrühren und alles unter Rühren kurz aufkochen lassen.'}"||||||||||||||0|0|2062980_1.png|https://static.mueller.de/markant_04104420226647_pv_3644644/pdzoom/alnatura-bio-speisestaerke.webp||||||||||||||||||||||Alnatura GmbH||||||||||250 g|||True||2062980P|||||||||10
2062982|mueller||||||||2024-10-28|Alnatura Bioland-Käse Kürbiskern Knäcke|ALNATURA||200|g|Home|Naturshop|Lebensmittel|Nahrung|Backwaren|Alnatura Bioland-Käse Kürbiskern Knäcke||2,49 €|2,49 €|||||||||||12,45 € / 1 kg|||EUR|Home> Naturshop> Lebensmittel> Nahrung> Backwaren> Alnatura Bioland-Käse Kürbiskern Knäcke|https://www.mueller.at/p/alnatura-bioland-kaese-kuerbiskern-knaecke-2062982/|200 g|Ein knuspriges Bio-Knäckebrot aus Bioland-Zutaten – gebacken aus Dinkelvollkornmehl und -schrot; Käse, Kürbiskerne und Sesam sorgen für die aromatisch-würzige Note. Bio-Qualität (Bioland); mit Käse, Kürbiskernen und Sesam; Dinkelanteil 67 Prozent (Dinkelvollkornmehl und -schrot); Dinkel aus Deutschland||Bitte trocken und verschlossen lagern. Vor Wärme schützen.,Conserver bien fermé dans un endroit sec. Protéger de la chaleur.|||||||||{'Nährwerte je': '100  g', 'Brennwert': '1818 kj / 433 kcal', 'Fett in g': '16.0 g', '- davon gesättigte Fettsäuren in g': '4.8 g', 'Kohlenhydrate in g': '50.0 g', '- davon Zucker in g': '0.9 g', 'Ballaststoffe in g': '8.7 g', 'Eiweiß in g': '18.0 g', 'Salz in g': '1.8 g'}|||||||||||Organic||||{'Lagerhinweis': 'Bitte trocken und verschlossen lagern. Vor Wärme schützen.,Conserver bien fermé dans un endroit sec. Protéger de la chaleur.', 'manufacturer': 'Alnatura GmbH', 'Herstelleradresse': 'Mahatma-Gandhi-Straße 7, 64295 Darmstadt', 'Kontaktmöglichkeit': 'www.alnatura.de', 'Öko-Kontrollstelle': 'DE-ÖKO-001', 'Inhalt': '200 g', 'Bio': 'Ja', 'Eigenschaften': 'vegetarisch gemaeß Rezeptur', 'Zutaten': 'DINKELVOLLKORNMEHL*¹ 35%, DINKELVOLLKORNSCHROT*¹ 32%, KÄSE* 17% (EMMENTALER*, GOUDA*), HAFERVOLLKORNFLOCKEN*, Kürbiskerne* 8%, SESAM*, Sonnenblumenöl*, Reismehl*, Meersalz, Hefe* *aus biologischer Landwirtschaft ¹DINKEL IST EINE WEIZENART. Kann Spuren von Ei, Soja, Mandel und Nüssen enthalten', 'Produkttyp': 'Backwaren'}||||||||||||||0|0|2062982_1.png|https://static.mueller.de/markant_04104420145986_pv_4625524/pdzoom/alnatura-bioland-kaese-kuerbiskern-knaecke.webp||||||||||||||||||||||Alnatura GmbH||||||||||200 g|||True||2062982P|||||||||10
2062984|mueller||||||||2024-10-28|Alnatura Bioland-Dinkel Knäcke Saaten|ALNATURA||200|g|Home|Naturshop|Lebensmittel|Nahrung|Backwaren|Alnatura Bioland-Dinkel Knäcke Saaten||2,29 €|2,29 €|||||||||||11,45 € / 1 kg|||EUR|Home> Naturshop> Lebensmittel> Nahrung> Backwaren> Alnatura Bioland-Dinkel Knäcke Saaten|https://www.mueller.at/p/alnatura-bioland-dinkel-knaecke-saaten-2062984/|200 g|Ein knuspriges Bio-Knäckebrot aus Bioland-Zutaten – gebacken aus Dinkelvollkornmehl und -schrot; Leinsamen, Sesam und Sonnenblumenkerne sorgen für die aromatische Saatennote. Vegan. Bio-Qualität (Bioland); mit Leinsamen, Sesam und Sonnenblumenkernen; Dinkelanteil 62 Prozent (Dinkelvollkornmehl und -schrot); Dinkel aus Deutschland; vegan||Bitte trocken und verschlossen lagern. Vor Wärme schützen.,Conserver bien fermé dans un endroit sec. Protéger de la chaleur.|||||||||{'Nährwerte je': '100  g', 'Brennwert': '1770 kj / 422 kcal', 'Fett in g': '14.0 g', '- davon gesättigte Fettsäuren in g': '1.8 g', 'Kohlenhydrate in g': '53.0 g', '- davon Zucker in g': '2.2 g', 'Ballaststoffe in g': '12.0 g', 'Eiweiß in g': '15.0 g', 'Salz in g': '1.7 g'}|||||||||||Organic||||{'Lagerhinweis': 'Bitte trocken und verschlossen lagern. Vor Wärme schützen.,Conserver bien fermé dans un endroit sec. Protéger de la chaleur.', 'manufacturer': 'Alnatura GmbH', 'Herstelleradresse': 'Mahatma-Gandhi-Straße 7, 64295 Darmstadt', 'Kontaktmöglichkeit': 'www.alnatura.de', 'Öko-Kontrollstelle': 'DE-ÖKO-001', 'Inhalt': '200 g', 'Bio': 'Ja', 'Eigenschaften': 'vegetarisch gemaeß Rezeptur', 'Zutaten': 'DINKELVOLLKORNMEHL*¹ 34%, DINKELVOLLKORNSCHROT*¹ 28%, HAFERVOLLKORNFLOCKEN*, ROGGENVOLLKORNMEHL*, Leinsamen* 7%, SESAM* 5%, Sonnenblumenkerne* 5%,Sonnenblumenöl*, Reismehl*, Meersalz, Hefe*,GERSTENMALZEXTRAKT* *aus biologischer Landwirtschaft ¹DINKEL IST EINE WEIZENART. Kann Spuren von Ei, Soja, Mandel und Nüssen enthalten', 'Produkttyp': 'Backwaren'}||||||||||||||0|0|2062984_1.png|https://static.mueller.de/markant_04104420145962_pv_3623247/pdzoom/alnatura-bioland-dinkel-knaecke-saaten.webp||||||||||||||||||||||Alnatura GmbH||||||||||200 g|||True||2062984P|||||||||10
2904665|mueller||||||||2024-10-28|H&H Kinderbecher MAX|H&H||1|Stk.|Home|Spielwaren|Kostüme & Partyartikel|Trends|H&H Kinderbecher MAX|||8,99 €|8,99 €||||||||||||||EUR|Home> Spielwaren> Kostüme & Partyartikel> Trends> H&H Kinderbecher MAX|https://www.mueller.at/p/h-h-kinderbecher-max-IPN2904665/|1 Stk.|Der Personalisierte Kinderbecher besteht aus dem langlebigen, robusten aber leichten Material Melamin – somit ideal für kleine Kinderhände. Es wurde darauf geachtet, dass die Becher spülmaschinengeeignet sind. Ihr Fassungsvermögen beträgt 250ml.||||||||2 Jahre||||||||||||||Non-Organic||||"{'target_group': 'Kleinkinder|Kindergartenkinder|Grundschüler', 'Artikelnummer des Herstellers': '03225060067', 'Altersempfehlung ab': '2 Jahre', 'Inhalt': '1 Stk.', 'Produkttyp': 'Kleinspielzeug'}"||||||||||||||0|0|2904665_1.png|https://static.mueller.de/pdzoom/5099563201271_03225060067_Max.webp||||||||||||||||||||||03225060067||||||||||1 Stk.|||True||2904665P|||||||||10
2062986|mueller||||||||2024-10-28|Alnatura Bioland-Chia Knäcke|ALNATURA||200|g|Home|Naturshop|Lebensmittel|Nahrung|Backwaren|Alnatura Bioland-Chia Knäcke||2,29 €|2,29 €|||||||||||11,45 € / 1 kg|||EUR|Home> Naturshop> Lebensmittel> Nahrung> Backwaren> Alnatura Bioland-Chia Knäcke|https://www.mueller.at/p/alnatura-bioland-chia-knaecke-2062986/|200 g|Ein knuspriges Bio-Knäckebrot aus Bioland-Zutaten; gebacken aus Dinkelvollkornmehl und -schrot, Hafervollkornflocken und Roggenvollkornmehl. Fünf Prozent Chiasamen und weitere Saaten geben eine aromatische Note. Vegan. Bio-Qualität (Bioland); mit fünf Prozent Chiasamen; Dinkelanteil 59 Prozent (Dinkelvollkornmehl und -schrot); Dinkel aus Deutschland; vegan||Bitte trocken und verschlossen lagern. Vor Wärme schützen.,Conserver bien fermé dans un endroit sec. Protéger de la chaleur.|||||||||{'Nährwerte je': '100  g', 'Brennwert': '1750 kj / 417 kcal', 'Fett in g': '13.0 g', '- davon gesättigte Fettsäuren in g': '1.7 g', 'Kohlenhydrate in g': '53.0 g', '- davon Zucker in g': '1.0 g', 'Ballaststoffe in g': '12.0 g', 'Eiweiß in g': '16.0 g', 'Salz in g': '1.7 g'}|||||||||||Organic||||{'Lagerhinweis': 'Bitte trocken und verschlossen lagern. Vor Wärme schützen.,Conserver bien fermé dans un endroit sec. Protéger de la chaleur.', 'manufacturer': 'Alnatura GmbH', 'Herstelleradresse': 'Mahatma-Gandhi-Straße 7, 64295 Darmstadt', 'Kontaktmöglichkeit': 'www.alnatura.de', 'Öko-Kontrollstelle': 'DE-ÖKO-001', 'Inhalt': '200 g', 'Bio': 'Ja', 'Eigenschaften': 'vegetarisch gemaeß Rezeptur', 'Zutaten': 'DINKELVOLLKORNMEHL*¹ 32%, DINKELVOLLKORNSCHROT*¹ 27%, HAFERVOLLKORNFLOCKEN*, ROGGENVOLLKORNMEHL*, Leinsamen*, Chiasamen (Salvia hispanica)* 5%, SESAM*, Sonnenblumenkerne*, Sonnenblumenöl*, Reismehl*, Meersalz, Hefe*, GERSTENMALZEXTRAKT* *aus biologischer Landwirtschaft ¹DINKEL IST EINE WEIZENART. Kann Spuren von Ei, Soja, Milch, Mandel und Nüssen enthalten', 'Produkttyp': 'Backwaren'}||||||||||||||5.0|1|2062986_1.png|https://static.mueller.de/markant_04104420145566_pv_3623245/pdzoom/alnatura-bioland-chia-knaecke.webp||||||||||||||||||||||Alnatura GmbH||||||||||200 g|||True||2062986P|||||||||10
2062988|mueller||||||||2024-10-28|Alnatura Bio Knäckebrot Roggen & Dinkel|ALNATURA||250|g|Home|Naturshop|Lebensmittel|Nahrung|Backwaren|Alnatura Bio Knäckebrot Roggen & Dinkel||1,99 €|1,99 €|||||||||||7,96 € / 1 kg|||EUR|Home> Naturshop> Lebensmittel> Nahrung> Backwaren> Alnatura Bio Knäckebrot Roggen & Dinkel|https://www.mueller.at/p/alnatura-bio-knaeckebrot-roggen-dinkel-2062988/|250 g|Für dieses knusprig-feine Bio-Vollkornknäckebrot werden Roggen und Dinkel frisch vermahlen und traditionell verarbeitet. Das Brot ist ballaststoffreich und ohne Hefezusatz hergestellt. Bio-Qualität; aus Roggen- und Dinkelvollkornmehl; knusprig-fein; ballaststoffreich; ohne Zusatz von Hefe||Bitte trocken lagern.,Conserver dans un endroit sec.|||||||||{'Nährwerte je': '100  g', 'Brennwert': '1459 kj / 346 kcal', 'Fett in g': '2.0 g', '- davon gesättigte Fettsäuren in g': '0.4 g', 'Kohlenhydrate in g': '66.0 g', '- davon Zucker in g': '2.4 g', 'Ballaststoffe in g': '15.0 g', 'Eiweiß in g': '8.4 g', 'Salz in g': '1.3 g'}|||||||||||Organic||||"{'Lagerhinweis': 'Bitte trocken lagern.,Conserver dans un endroit sec.', 'manufacturer': 'Alnatura GmbH', 'Herstelleradresse': 'Mahatma-Gandhi-Straße 7, 64295 Darmstadt', 'Kontaktmöglichkeit': 'www.alnatura.de', 'Öko-Kontrollstelle': 'DE-ÖKO-001', 'Inhalt': '250 g', 'Bio': 'Ja', 'Eigenschaften': 'vegan laut Zutaten|vegetarisch gemaeß Rezeptur', 'Zutaten': 'ROGGENVOLLKORNMEHL* 83 %, DINKELVOLLKORNMEHL*¹ 6 %, DINKELFLOCKEN*¹ 5 %, Meersalz *aus biologischer Landwirtschaft ¹DINKEL IST EINE WEIZENART. Kann Spuren von Sesam enthalten', 'Produkttyp': 'Backwaren'}"||||||||||||||5.0|2|2062988_1.png|https://static.mueller.de/markant_04104420016088_pv_3622274/pdzoom/alnatura-bio-knaeckebrot-roggen-dinkel.webp||||||||||||||||||||||Alnatura GmbH||||||||||250 g|||True||2062988P|||||||||10
2904669|mueller||||||||2024-10-28|H&H Kinderbecher MAXIMILIAN|H&H||1|Stk.|Home|Spielwaren|Kostüme & Partyartikel|Trends|H&H Kinderbecher MAXIMILIAN|||8,99 €|8,99 €||||||||||||||EUR|Home> Spielwaren> Kostüme & Partyartikel> Trends> H&H Kinderbecher MAXIMILIAN|https://www.mueller.at/p/h-h-kinderbecher-maximilian-IPN2904669/|1 Stk.|Der Personalisierte Kinderbecher besteht aus dem langlebigen, robusten aber leichten Material Melamin – somit ideal für kleine Kinderhände. Es wurde darauf geachtet, dass die Becher spülmaschinengeeignet sind. Ihr Fassungsvermögen beträgt 250ml.||||||||2 Jahre||||||||||||||Non-Organic||||"{'target_group': 'Kleinkinder|Kindergartenkinder|Grundschüler', 'Artikelnummer des Herstellers': '03225060068', 'Altersempfehlung ab': '2 Jahre', 'Inhalt': '1 Stk.', 'Produkttyp': 'Kleinspielzeug'}"||||||||||||||0|0|2904669_1.png|https://static.mueller.de/pdzoom/5099563201288_03225060068_Maximilian.webp||||||||||||||||||||||03225060068||||||||||1 Stk.|||True||2904669P|||||||||10
335485|mueller||||||||2024-10-28|KUNERT Damen Feinstrumpfhose Glatt & Softig 20 DEN|KUNERT||1|Stk.|Home|Strümpfe|Damen|Strumpfhosen|KUNERT Damen Feinstrumpfhose Glatt & Softig 20 DEN|||10,00 €|10,00 €||||||||||||||EUR|Home> Strümpfe> Damen> Strumpfhosen> KUNERT Damen Feinstrumpfhose Glatt & Softig 20 DEN|https://www.mueller.at/p/kunert-damen-feinstrumpfhose-glatt-softig-20-den-5743332177/|1 Stk.|Bequemer, druckfreier Wohlfühlbund. Eingearbeitetes Pagen-Höschenteil mit Wäscheflachnaht und Komfortzwickel für Gr. V und VI. Verstärkte Spitze mit Maschenstopp und softer Spitzenflachnaht. Eingearbeitete Pendelferse. Die Marke KUNERT produziert seit 1907 qualitativ hochwertige Strümpfe, die bis heute bezahlbaren Stil und unverwechselbare Eleganz verbinden. Die Produktauswahl an Strumpfhosen, Socken und Strümpfen erstreckt sich dabei von klassischen über funktionale Modelle, Basics und verführerische halterlose Strümpfe. Das Credo der Marke „I love my legs“ spiegelt sich in jedem Produkt der Marke wider – Durch die Verwendung von edelsten Materialen, raffinierten Details und handwerklicher Perfektion wird die Leidenschaft für Beine deutlich, die Ästhetik mit Funktionalität und Innovation vereint.||||||||||||||||||||||Non-Organic||||{'DEN': '20', 'Pflegehinweis': 'Schonwaschgang 30°C, Nicht trockenreinigen, Nicht bügeln, Nicht im Wäschetrockner trocknen, Nicht bleichen', 'target_group': 'Damen', 'manufacturer': 'KUNERT FASHION GMBH', 'Herstelleradresse': 'Julius-Kunert-Straße 49, DE-87509 Immenstadt i. Allgäu', 'Kontaktmöglichkeit': 'service@kunert.de', 'Materialdetails': '100% Polyamid', 'Farbe': 'black', 'Inhalt': '1 Stk.'}||||||black||100% Polyamid||||||5.0|1|335485_1.png|https://static.mueller.de/5720242843-PV-0/pdzoom/kunert-damen-feinstrumpfhose-glatt-softig-20-den.webp|335485_2.png|https://static.mueller.de/5743332177-VV-1/pdzoom/kunert-damen-feinstrumpfhose-glatt-softig-20-den.webp|335485_3.png|https://static.mueller.de/5743332177-PB-3/pdzoom/kunert-damen-feinstrumpfhose-glatt-softig-20-den.webp||||||||||||Schonwaschgang 30°C, Nicht trockenreinigen, Nicht bügeln, Nicht im Wäschetrockner trocknen, Nicht bleichen||||||KUNERT FASHION GMBH||||||||||1 Stk.|||True||335485P|||||||||10
2062978|mueller||||||||2024-10-28|Alnatura Bio Kakaobutter|ALNATURA||100|g|Home|Drogerie|Lebensmittel|Nahrung|Backzutaten & Süßungsmittel|Alnatura Bio Kakaobutter||4,99 €|4,99 €|||||||||||49,90 € / 1 kg|||EUR|Home> Drogerie> Lebensmittel> Nahrung> Backzutaten & Süßungsmittel> Alnatura Bio Kakaobutter|https://www.mueller.at/p/alnatura-bio-kakaobutter-2062978/|100 g|Eine Bio-Kakaobutter mit mildem Geschmack. Ideal für Backwaren, Pralinen und die kreative Küche. Von Natur aus vegan. Bio-Qualitätmilder Geschmackideal portionierbarvon Natur aus vegan, kann Butter beim Backen ersetzen||Bitte trocken lagern und vor Wäme schützen.,Conserver au sec et à l'abri de la chaleur.|||||||||{'Nährwerte je': '100  g', 'Brennwert': '3700 kj / 900 kcal', 'Fett in g': '100.0 g', '- davon gesättigte Fettsäuren in g': '68.0 g', 'Kohlenhydrate in g': '0.5 g', '- davon Zucker in g': '0.5 g', 'Ballaststoffe in g': '0.5 g', 'Eiweiß in g': '0.5 g', 'Salz in g': '0.01 g'}|||||||||||Organic||||"{'Lagerhinweis': ""Bitte trocken lagern und vor Wäme schützen.,Conserver au sec et à l'abri de la chaleur."", 'manufacturer': 'Alnatura GmbH', 'Herstelleradresse': 'Mahatma-Gandhi-Straße 7, DE-64295 Darmstadt', 'Kontaktmöglichkeit': 'www.alnatura.de', 'Öko-Kontrollstelle': 'DE-ÖKO-006', 'Inhalt': '100 g', 'Bio': 'Ja', 'Eigenschaften': 'vegan laut Zutaten|vegetarisch gemaeß Rezeptur', 'Zutaten': ""Kakaobutter* *aus biologischer Landwirtschaft,Ingrédients: beurre de cacao* *issu de l'agriculture biologique\nPeut contenir des traces de soja, lait et fruits à coque."", 'Produkttyp': 'Backzutaten & Süßungsmittel', 'Zubereitungshinweis': 'Kakaobutter kann wie Butter für diverse Backkreationen verwendet werden. Vor der Verwendung im Wasserbad bei 30-35°C schmelzen'}"||||||||||||||2.3333|3|2062978_1.png|https://static.mueller.de/markant_04104420242326_pv_3804373/pdzoom/alnatura-bio-kakaobutter.webp||||||||||||||||||||||Alnatura GmbH||||||||||100 g|||True||2062978P|||||||||10
2686941|mueller||||||||2024-10-28|L'ORÉAL PARIS Puder Infaillible Semi Permanent|L'ORÉAL PARIS||9|g|Home|Parfümerie|Make-up|Teint|Grundierung|L'ORÉAL PARIS Puder Infaillible Semi Permanent||14,99 €|14,99 €||||||||||||||EUR|Home> Parfümerie> Make-up> Teint> Grundierung> L'ORÉAL PARIS Puder Infaillible Semi Permanent|https://www.mueller.at/p/loreal-paris-puder-infaillible-semi-permanent-6864611511/|9 g|Das Infaillible 24H Fresh Wear Make-Up-Puder von L’Oréal Paris vereint die Deckkraft und den Halt eines Make-Ups mit dem Matt-Effekt eines Puders. Die langanhaltenden Pigmente sorgen für eine hohe Deckkraft – ganz ohne Verblassen. Die leichte Formel gibt dem Teint ein zuverlässig mattes Finish. Die Puder-Textur sorgt für ein angenehmes Tragegefühl, ohne ein Gefühl von trockener Haut zu hinterlassen. Die atmungsaktive Formel hält bis zu 24H, ist wasserfest, schweißfest und hält auch bei hoher Luftfeuchtigkeit. Neben Make-Up, Primer und Concealer, ergänzt das Make-Up-Puder die High-Performance Infaillible-Reihe von L’Oréal Paris. Einem langanhaltenden Look steht nichts mehr im Wege. Das Infaillible 24H Fresh Wear Make-Up-Puder deckt langanhaltend und mattiert zuverlässigEnthaltene Pigmente sorgen für eine zuverlässige, hohe Deckkraft, ganz ohne VerblassenDie samtig, weiche Puder-Textur hinterlässt ein angenehmes Tragegefühl ohne ein Trockenheitsgefühl zu hinterlassenDie atmungsaktive Formel hält bis zu 24H lang, ist wasserfest, schweißfest und hält auch bei hoher LuftfeuchtigkeitDas Make-Up-Puder reiht sich in die Infaillible-Reihe neben Make-Up, Primer und Concealer ein, für einen langanhaltenden Look, der den ganzen Tag hält||Kühl und trocken lagern.||||||||||||||||||||Non-Organic||||"{'Effekt': 'langanhaltend', 'consistency': 'Puder', 'Lagerhinweis': 'Kühl und trocken lagern.', 'target_group': 'Damen', 'manufacturer': ""L'Oréal Deutschland GmbH"", 'Herstelleradresse': 'TSA 75000 93684 ST OUEN CEDEX FR', 'Kontaktmöglichkeit': '0211 544 13377', 'Anwendungshinweis': 'Das Make-Up-Puder mit dem enthaltenen Schwämmchen in kreisenden Bewegungen auf das Gesicht auftragen. Es kann ganz ohne Make-Up alleinstehend verwendet werden.', 'package_contents': 'TALC • ZINC STEARATE • DIMETHICONE • ZEA MAYS STARCH / CORN STARCH • CAPRYLIC/CAPRIC TRIGLYCERIDE • SILICA • DIMETHICONE/VINYL DIMETHICONE CROSSPOLYMER • TRIETHOXYCAPRYLYLSILANE • CAPRYLYL GLYCOL • ETHYLHEXYLGLYCERIN • POTASSIUM SORBATE • SILICA [NANO] / SILICA • PARFUM / FRAGRANCE • ISOCETETH-10 • ALARIA ESCULENTA EXTRACT • HEXYL CINNAMAL • BENZYL SALICYLATE • LINALOOL • ALPHA-ISOMETHYL IONONE • BENZYL ALCOHOL • CITRONELLOL • TOCOPHEROL ● [+/- MAY CONTAIN: CI 77891 / TITANIUM DIOXIDE • CI 77491, CI 77492, CI 77499 / IRON OXIDES • MICA • CI 19140 / YELLOW 5 LAKE • CI 77007 / ULTRAMARINES • CI 15850 / RED 7 LAKE]. (F.I.L. C260234/1).', 'Farbnummer': '130', 'Farbe': 'True Beige', 'skin_type': 'reife Haut', 'Inhalt': '9 g', 'Batterien erforderlich': 'Nein', 'Produktart': 'Grundierung', 'Produkttyp': 'Puder'}"||||||True Beige||||||||4.6761|247|2686941_1.png|https://static.mueller.de/markant_03600523951543_pv_4986274/pdzoom/loreal-paris-puder-infaillible-semi-permanent.webp|2686941_2.png|https://static.mueller.de/markant_03600523951543_pv_2439445/pdzoom/loreal-paris-puder-infaillible-semi-permanent.webp|2686941_3.png|https://static.mueller.de/markant_03600523951543_pd_4837194/pdzoom/loreal-paris-puder-infaillible-semi-permanent.webp|2686941_4.png|https://static.mueller.de/markant_03600523951543_pd_4837192/pdzoom/loreal-paris-puder-infaillible-semi-permanent.webp|2686941_5.png|https://static.mueller.de/markant_03600523951543_pd_4837191/pdzoom/loreal-paris-puder-infaillible-semi-permanent.webp|2686941_6.png|https://static.mueller.de/markant_03600523951543_pd_4837196/pdzoom/loreal-paris-puder-infaillible-semi-permanent.webp||||||||||||L'Oréal Deutschland GmbH||||||||||9 g|TALC • ZINC STEARATE • DIMETHICONE • ZEA MAYS STARCH / CORN STARCH • CAPRYLIC/CAPRIC TRIGLYCERIDE • SILICA • DIMETHICONE/VINYL DIMETHICONE CROSSPOLYMER • TRIETHOXYCAPRYLYLSILANE • CAPRYLYL GLYCOL • ETHYLHEXYLGLYCERIN • POTASSIUM SORBATE • SILICA [NANO] / SILICA • PARFUM / FRAGRANCE • ISOCETETH-10 • ALARIA ESCULENTA EXTRACT • HEXYL CINNAMAL • BENZYL SALICYLATE • LINALOOL • ALPHA-ISOMETHYL IONONE • BENZYL ALCOHOL • CITRONELLOL • TOCOPHEROL ● [+/- MAY CONTAIN: CI 77891 / TITANIUM DIOXIDE • CI 77491, CI 77492, CI 77499 / IRON OXIDES • MICA • CI 19140 / YELLOW 5 LAKE • CI 77007 / ULTRAMARINES • CI 15850 / RED 7 LAKE]. (F.I.L. C260234/1).||True||2686941P|||||||||10
810249|mueller||||||||2024-10-28|L'Oréal Paris Revitalift Laser X3 Anti Age Intensivpflege Tagescreme|L'ORÉAL PARIS||50|ml|Home|Drogerie|Pflege|Gesichtspflege|Tagespflege|L'Oréal Paris Revitalift Laser X3 Anti Age Intensivpflege Tagescreme||18,45 €|18,45 €|||||||||||369,00 € / 1 l|||EUR|Home> Drogerie> Pflege> Gesichtspflege> Tagespflege> L'Oréal Paris Revitalift Laser X3 Anti Age Intensivpflege Tagescreme|https://www.mueller.at/p/loreal-paris-revitalift-laser-x3-anti-age-intensivpflege-tagescreme-810249/|50 ml|Die L'Oréal Paris Revitalift Laser X3 Tagespflege ist eine leichte, schnell einziehende und nicht fettende Formel, die ein zartes, aber straffes Gefühl auf der Haut hinterlässt. Ihre Dreifach-Power-Formel mit Pro-Retinol, Hyaluronsäure und Vitamin C mildert Falten, strafft die Haut und sorgt für einen gleichmäßigen Hautton. Die Tagespflege spendet intensiv Feuchtigkeit, polstert die Haut auf und verbessert die Strahlkraft der Haut. Tragen Sie die Pflege täglich morgens in aufsteigenden Bewegungen auf das gereinigte Gesicht und den Hals auf. Revitalift Laser X3 Tagespflege mit Pro-Retinol, Hyaluronsäure und Vitamin C für eine strahlende und jugendliche HautSichtbar straffere Haut, gemilderte Falten und ein ebenmäßiger Hautton - für ein jugendliches AussehenAnwendung: Tägliches Auftragen morgens auf das gereinigte Gesicht und den Hals für eine optimale PflegeLeichte, nicht fettende Formel für schnelles Einziehen ohne RückständeLieferumfang: 1x L'Oréal Paris Revitalift Laser X3 Dreifach-Power Anti-Age Tagespflege, Inhalt: 50 ml||Kühl und trocken lagern.||||||||||||||||||||Non-Organic||||"{'Lagerhinweis': 'Kühl und trocken lagern.', 'target_group': 'Damen', 'manufacturer': ""L'Oréal Deutschland GmbH"", 'Herstelleradresse': 'TSA 75000 93684 ST OUEN CEDEX FR', 'Kontaktmöglichkeit': '0211 544 77191', 'Anwendungshinweis': 'Für eine erneuerte Hautstruktur, intensive Feuchtigkeitspflege und verbesserte Strahlkraft der Haut: Täglich morgens in aufsteigenden Bewegungen auf das gereinigte Gesicht und den Hals auftragen. Die leichte Formel zieht schnell ein und hinterlässt ein zartes, aber straffes Gefühl auf der Haut.', 'package_contents': 'AQUA / WATER • GLYCERIN • ISOHEXADECANE • HYDROXYPROPYL TETRAHYDROPYRANTRIOL • DIMETHICONE • ALUMINUM STARCH OCTENYLSUCCINATE • ISOPROPYL ISOSTEARATE • PROPYLENE GLYCOL • OCTYLDODECANOL • CETYL ALCOHOL • BEHENYL ALCOHOL • AMMONIUM POLYACRYLOYLDIMETHYL TAURATE • ACETYL DIPEPTIDE-1 CETYL ESTER • ADENOSINE • CAPRYLOYL SALICYLIC ACID • LAUROYL LYSINE • PENTAERYTHRITYL TETRA-DI-T-BUTYL HYDROXYHYDROCINNAMATE • SODIUM HYALURONATE • TRIETHANOLAMINE • TRISODIUM ETHYLENEDIAMINE DISUCCINATE • ASCORBYL GLUCOSIDE • RETINYL PALMITATE • BORON NITRIDE • BUTYLENE GLYCOL • CAPRYLYL GLYCOL • CETEARYL ALCOHOL • CETEARYL GLUCOSIDE • C13-14 ISOALKANE • DISODIUM STEAROYL GLUTAMATE • HYDROXYETHYLCELLULOSE • LAURETH-7 • MYRISTIC ACID • OXIDIZED STARCH ACETATE • PALMITIC ACID • PEG-100 STEARATE • POLOXAMER 338 • POLYACRYLAMIDE • SORBITAN LAURATE • STEARIC ACID • TOCOPHEROL • BENZYL ALCOHOL • CITRONELLOL • ISOEUGENOL • LIMONENE • LINALOOL • CI 15985 / YELLOW 6 • CI 19140 / YELLOW 5 • PHENOXYETHANOL • PARFUM / F', 'skin_type': 'unreine Haut', 'product_property': 'aufbauend', 'Inhalt': '50 ml', 'Batterien erforderlich': 'Nein', 'Produkttyp': 'Lotion'}"||||||||||||||4.7021|329|810249_1.png|https://static.mueller.de/markant_03600524055745_pv_3266862/pdzoom/loreal-paris-revitalift-laser-x3-anti-age-intensivpflege-tagescreme.webp|810249_2.png|https://static.mueller.de/markant_03600524055745_pr_3266858/pdzoom/loreal-paris-revitalift-laser-x3-anti-age-intensivpflege-tagescreme.webp|810249_3.png|https://static.mueller.de/markant_03600524055745_pd_4502006/pdzoom/loreal-paris-revitalift-laser-x3-anti-age-intensivpflege-tagescreme.webp|810249_4.png|https://static.mueller.de/markant_03600524055745_pd_4125757/pdzoom/loreal-paris-revitalift-laser-x3-anti-age-intensivpflege-tagescreme.webp|810249_5.png|https://static.mueller.de/markant_03600524055745_pd_5018514/pdzoom/loreal-paris-revitalift-laser-x3-anti-age-intensivpflege-tagescreme.webp|810249_6.png|https://static.mueller.de/markant_03600524055745_pd_4502009/pdzoom/loreal-paris-revitalift-laser-x3-anti-age-intensivpflege-tagescreme.webp||||||||||||L'Oréal Deutschland GmbH||||||||||50 ml|AQUA / WATER • GLYCERIN • ISOHEXADECANE • HYDROXYPROPYL TETRAHYDROPYRANTRIOL • DIMETHICONE • ALUMINUM STARCH OCTENYLSUCCINATE • ISOPROPYL ISOSTEARATE • PROPYLENE GLYCOL • OCTYLDODECANOL • CETYL ALCOHOL • BEHENYL ALCOHOL • AMMONIUM POLYACRYLOYLDIMETHYL TAURATE • ACETYL DIPEPTIDE-1 CETYL ESTER • ADENOSINE • CAPRYLOYL SALICYLIC ACID • LAUROYL LYSINE • PENTAERYTHRITYL TETRA-DI-T-BUTYL HYDROXYHYDROCINNAMATE • SODIUM HYALURONATE • TRIETHANOLAMINE • TRISODIUM ETHYLENEDIAMINE DISUCCINATE • ASCORBYL GLUCOSIDE • RETINYL PALMITATE • BORON NITRIDE • BUTYLENE GLYCOL • CAPRYLYL GLYCOL • CETEARYL ALCOHOL • CETEARYL GLUCOSIDE • C13-14 ISOALKANE • DISODIUM STEAROYL GLUTAMATE • HYDROXYETHYLCELLULOSE • LAURETH-7 • MYRISTIC ACID • OXIDIZED STARCH ACETATE • PALMITIC ACID • PEG-100 STEARATE • POLOXAMER 338 • POLYACRYLAMIDE • SORBITAN LAURATE • STEARIC ACID • TOCOPHEROL • BENZYL ALCOHOL • CITRONELLOL • ISOEUGENOL • LIMONENE • LINALOOL • CI 15985 / YELLOW 6 • CI 19140 / YELLOW 5 • PHENOXYETHANOL • PARFUM / F||True||810249P|||||||||10
2345451|mueller||||||||2024-10-28|HYPOAllergenic Mat Liquid Lipstick|HYPOALLERGENIC||1|Stk.|Home|Parfümerie|Make-up|Lippen|Lippenstift|HYPOAllergenic Mat Liquid Lipstick||6,49 €|6,49 €||||||||||||||EUR|Home> Parfümerie> Make-up> Lippen> Lippenstift> HYPOAllergenic Mat Liquid Lipstick|https://www.mueller.at/p/hypoallergenic-mat-liquid-lipstick-6252297356/|1 Stk.|Die cremige Formel mit intensiver Pigmentierung lässt die Lippenstifte langanhaltend matt wirken. Die einzigartigen Trendfarben lassen sich hervorragend kombinieren und einfach auftragen.||||||||||||||||||||||Non-Organic||||{'consistency': 'Stift', 'target_group': 'Damen', 'manufacturer': 'Bell-Dekorative Kosmetik Deutschland GmbH', 'Herstelleradresse': 'Brookstieg 4 ,22145 Stapelfeld', 'package_contents': 'Die verbindliche Angabe der Inhaltsstoffe entnehmen Sie bitte der Verpackung des Produktes.', 'Farbnummer': '05', 'Farbe': 'Liquid 05', 'Inhalt': '1 Stk.', 'scope_of_application': 'Lippen', 'Produkttyp': 'Lippenfarbe'}||||||Liquid 05||||||||0|0|2345451_1.png|https://static.mueller.de/6120563477-PV-0/pdzoom/hypoallergenic-mat-liquid-lipstick.webp||||||||||||||||||||||Bell-Dekorative Kosmetik Deutschland GmbH||||||||||1 Stk.|Die verbindliche Angabe der Inhaltsstoffe entnehmen Sie bitte der Verpackung des Produktes.||False||2345451P|||||||||1
192771|mueller||||||||2024-10-28|LEITZ Ringbuch Wow pink|LEITZ||1|Stk.|Home|Schreibwaren|Büro|Ordner & Mappen|Ringbücher|LEITZ Ringbuch Wow pink||4,69 €|4,69 €||||||||||||||EUR|Home> Schreibwaren> Büro> Ordner & Mappen> Ringbücher> LEITZ Ringbuch Wow pink|https://www.mueller.at/p/leitz-ringbuch-wow-pink-192771/|1 Stk.|"Hochwertiges PP Ringbuch in Duo-Optik, für die Aufbewahrung gelochter Unterlagen.Die auffällige und moderne geometrische Prägung sorgt für den WOW-Effekt.
Das Ringbuch in auffälligen Farben mit raffiniertem Design unterstreicht Ihre Persönlichkeit
Ideal für Papier in A4 Format, Prospekthüllen und Register
Mit Rückenschild zur einfachen Beschriftung
2 Rund-Ring Mechanik, Ringdurchmesser 25 mm
Für bis zu 190 Blatt (80 g/m²)"||||||||||||||||||||||Non-Organic||||{'back_width': '32 mm', 'Material': 'Polypropylen', 'Farbe': 'pink', 'Inhalt': '1 Stk.', 'Produkttyp': 'Ringbücher'}||||||pink||||||||0|0|192771_1.png|https://static.mueller.de/5912060767-PV-0/pdzoom/leitz-ringbuch-wow-pink.webp|192771_2.png|https://static.mueller.de/5912060767-VR-1/pdzoom/leitz-ringbuch-wow-pink.webp|192771_3.png|https://static.mueller.de/5912060767-PB-2/pdzoom/leitz-ringbuch-wow-pink.webp||||||||||||||||||||||||||||1 Stk.|||True||192771P|||||||||35
2879194|mueller||||||||2024-10-28|ANNY Silicium Nail Power|ANNY||15|ml|Home|Parfümerie|Pflege|Hand- & Fußpflege|Nagelpflege|ANNY Silicium Nail Power||12,95 €|12,95 €|||||||||||863,33 € / 1 l|||EUR|Home> Parfümerie> Pflege> Hand- & Fußpflege> Nagelpflege> ANNY Silicium Nail Power|https://www.mueller.at/p/anny-silicium-nail-power-IPN2879194/|15 ml|Der schnelltrocknende Silicium Nail Power eignet sich für schwache sowie brüchige Nägel. Die Nägel erstrahlen im Sofort-Effekt, in gesundem Glanz und werden langfristig gekräftigt. Bereits nach 2-wöchiger Behandlung ist ein gesünderes und gestärktes Aussehen sichtbar. Auch als pflegender Unterlack anwendbar.||||||||||||||||||||||Non-Organic||||{'target_group': 'Damen', 'manufacturer': 'ICB innovative cosmetic brands GmbH', 'Herstelleradresse': 'Gaußstr. 13, 85757 Karlsfeld', 'Kontaktmöglichkeit': 'produktdaten@artdeco.com', 'package_contents': 'butyl acetate, ethyl acetate, nitrocellulose, adipic acid/neopentyl glycol/trimellitic anhydride copolymer, acetyl tributyl citrate, isopropyl alcohol, silica, acrylates copolymer, glycolic acid, n-butyl alcohol, dimethyl sulfone, hexanal, dimethyl oxobenzo dioxasilane, lithothamnion calcareum extract, mannitol, aqua (water), diatomaceous earth, zinc sulfate, tocopherol, ci 77891 (titanium dioxide)', 'Farbnummer': '913', 'Farbe': 'silicium nail power', 'Inhalt': '15 ml', 'scope_of_application': 'Nagelpflege', 'Produkttyp': 'Basecoat'}||||||silicium nail power||||||||5.0|2|2879194_1.png|https://static.mueller.de/pdzoom/4051761224293.webp|2879194_2.png|https://static.mueller.de/pdzoom/4051761224293_1.webp||||||||||||||||||||ICB innovative cosmetic brands GmbH||||||||||15 ml|butyl acetate, ethyl acetate, nitrocellulose, adipic acid/neopentyl glycol/trimellitic anhydride copolymer, acetyl tributyl citrate, isopropyl alcohol, silica, acrylates copolymer, glycolic acid, n-butyl alcohol, dimethyl sulfone, hexanal, dimethyl oxobenzo dioxasilane, lithothamnion calcareum extract, mannitol, aqua (water), diatomaceous earth, zinc sulfate, tocopherol, ci 77891 (titanium dioxide)||True||2879194P|||||||||10
2879195|mueller||||||||2024-10-28|ANNY Instant Nail Brightener|ANNY||15|ml|Home|Parfümerie|Pflege|Hand- & Fußpflege|Nagelpflege|ANNY Instant Nail Brightener||9,95 €|9,95 €|||||||||||663,33 € / 1 l|||EUR|Home> Parfümerie> Pflege> Hand- & Fußpflege> Nagelpflege> ANNY Instant Nail Brightener|https://www.mueller.at/p/anny-instant-nail-brightener-IPN2879195/|15 ml|Der Instant Nail Brightener gleicht Verfärbungen der Nägel aus und lässt sie ganz ohne Farbe erstrahlen. Die einzigartige Formulierung punktet mit ihren aufhellenden und schnelltrocknenden Eigenschaften. Der Lack betont die natürlich, rosa Farbe des Nagels und lässt das Nagelbett und Nagelränder weißer wirken.||||||||||||||||||||||Non-Organic||||{'target_group': 'Damen', 'manufacturer': 'ICB innovative cosmetic brands GmbH', 'Herstelleradresse': 'Gaußstr. 13, 85757 Karlsfeld', 'Kontaktmöglichkeit': 'produktdaten@artdeco.com', 'Anwendungshinweis': 'Ein bis zwei Schichten auf den Naturnagel auftragen und trocknen lassen.', 'package_contents': 'ethyl acetate, butyl acetate, nitrocellulose, adipic acid/neopentyl glycol/trimellitic anhydride copolymer, acetyl tributyl citrate, alcohol, etocrylene, fluorescent brightener 367, trimethylpentanediyl dibenzoate, ci 15850 (red 6 lake), ci 47000 (yellow 11)', 'Farbnummer': '926', 'Farbe': 'instant nail brightener', 'Inhalt': '15 ml', 'scope_of_application': 'Nagelpflege', 'Produkttyp': 'Nagellack'}||||||instant nail brightener||||||||0|0|2879195_1.png|https://static.mueller.de/pdzoom/4051761224279.webp|2879195_2.png|https://static.mueller.de/pdzoom/4051761224279_1.webp||||||||||||||||||||ICB innovative cosmetic brands GmbH||||||||||15 ml|ethyl acetate, butyl acetate, nitrocellulose, adipic acid/neopentyl glycol/trimellitic anhydride copolymer, acetyl tributyl citrate, alcohol, etocrylene, fluorescent brightener 367, trimethylpentanediyl dibenzoate, ci 15850 (red 6 lake), ci 47000 (yellow 11)||True||2879195P|||||||||10
2879196|mueller||||||||2024-10-28|Grußkarte Druck mit Holzschriftzug Birthday Sonnenblumen|DIE LASEREI||1|Stk.|Home|Schreibwaren|Bastelbedarf|Geschenkverpackungen|Grußkarte Druck mit Holzschriftzug Birthday Sonnenblumen|||5,90 €|5,90 €||||||||||||||EUR|Home> Schreibwaren> Bastelbedarf> Geschenkverpackungen> Grußkarte Druck mit Holzschriftzug Birthday Sonnenblumen|https://www.mueller.at/p/grusskarte-druck-mit-holzschriftzug-birthday-sonnenblumen-IPN2879196/|1 Stk.|Die faltbare Grußkarte wird aus bedrucktem Papier angefertigt und wird an der Vorderseite mit einem 3D Schriftzug aus Nussholz verfeinert . Auf der Innenseite können Sie die Karte nach Belieben per Hand (Kugelschreiber, Faserstift...) mit Ihren persönlichen Grußworten beschreiben. Die Karte wird mit einem Kuvert in creme in Zellophanpapier verpackt und ist somit bereit zum Verschenken.||||||||||||||||||||||Non-Organic||||{'scope_of_delivery': '1 Stück inkl. Kuvert', 'manufacturer': 'holzgrusskarten.at - Die Laserei', 'Herstelleradresse': 'Wiesenweg 2 ,3632 Bad Traunstein', 'Artikelnummer des Herstellers': 'GDH001', 'Höhe': '140 mm', 'Tiefe': '2 mm', 'Inhalt': '1 Stk.'}||||||||||||||0|0|2879196_1.png|https://static.mueller.de/pdzoom/9120110665874.webp||||||||||||||||||||||holzgrusskarten.at - Die Laserei||||||||||1 Stk.|||True||2879196P|||||||||10
2062970|mueller||||||||2024-10-28|Alnatura Bio Zitronenschale gerieben|ALNATURA||5|g|Home|Drogerie|Lebensmittel|Nahrung|Nüsse & Trockenfrüchte|Alnatura Bio Zitronenschale gerieben||0,69 €|0,69 €||||||||||||||EUR|Home> Drogerie> Lebensmittel> Nahrung> Nüsse & Trockenfrüchte> Alnatura Bio Zitronenschale gerieben|https://www.mueller.at/p/alnatura-bio-zitronenschale-gerieben-2062970/|5 g|Für die fein-fruchtige Zitronennote in Gebäck und Desserts: Geriebene Zitronenschale in Bio-Qualität, abgerundet mit Zitronenöl. Der Beutelinhalt entspricht einer abgeriebenen Zitrone. Bio-Qualitätmit ZitronenölBeutelinhalt entspricht einer abgeriebenen Zitrone||Bitte trocken lagern und vor Wärme schützen.,Conserver au sec et à l'abri de la chaleur.|||||||||{'Nährwerte je': '100  g', 'Brennwert': '1184 kj / 283 kcal', 'Fett in g': '1.0 g', '- davon gesättigte Fettsäuren in g': '0.2 g', 'Kohlenhydrate in g': '42.0 g', '- davon Zucker in g': '23.0 g', 'Ballaststoffe in g': '35.0 g', 'Eiweiß in g': '6.1 g', 'Salz in g': '0.16 g'}|||||||||||Organic||||"{'Lagerhinweis': ""Bitte trocken lagern und vor Wärme schützen.,Conserver au sec et à l'abri de la chaleur."", 'manufacturer': 'Alnatura GmbH', 'Herstelleradresse': 'Mahatma-Gandhi-Straße 7, DE-64295 Darmstadt', 'Kontaktmöglichkeit': 'www.alnatura.de', 'Öko-Kontrollstelle': 'DE-ÖKO-006', 'Inhalt': '5 g', 'Bio': 'Ja', 'Eigenschaften': 'vegan laut Zutaten|vegetarisch gemaeß Rezeptur', 'Zutaten': 'Zitronenschale* gerieben, gefriergetrocknet 68%, Zitronenschale* gerieben, getrocknet 29%, Zitronenöl* 3% *aus biologischer Landwirtschaft,Ingrédients: Écorce de citron* râpée, lyophilisée 68%, écorce de citron* râpée, séchée 29%, huile de citron* 3% *issus de l’agriculture biologique', 'Produkttyp': 'Nüsse, Saaten & Trockenfrüchte'}"||||||||||||||5.0|1|2062970_1.png|https://static.mueller.de/markant_00000042256205_pv_3872894/pdzoom/alnatura-bio-zitronenschale-gerieben.webp||||||||||||||||||||||Alnatura GmbH||||||||||5 g|||True||2062970P||||Unter Schutzatmosphäre verpackt.|||||10
333733|mueller||||||||2024-10-28|Hudson Damen Kniestrümpfe Relax Light|HUDSON||1|Stk.|Home|Strümpfe|Damen|Kniestrümpfe|Hudson Damen Kniestrümpfe Relax Light|||12,00 €|12,00 €||||||||||||||EUR|Home> Strümpfe> Damen> Kniestrümpfe> Hudson Damen Kniestrümpfe Relax Light|https://www.mueller.at/p/hudson-damen-kniestruempfe-relax-light-5743332170/|1 Stk.|Bund ohne einengende Gummifäden. Druckfreier Tragekomfort. Perfekte Passform. It’s time to RELAX! Der Name dieser Serie ist Programm. Mit den Produkten der RELAX Serie können Sie einfach mal die Füße hochlegen und die Seele baumeln lassen. Der hohe Baumwollanteil sorgt für einen besonders angenehmen Tragekomfort. Das absolute Highlight der RELAX Serie ist aber natürlich der druckfreie Komfortbund, der ganz ohne Gummifäden verarbeitet wurde. Was braucht es also mehr, als angenehm weich umschmeichelte Füße ganz ohne Druckgefühl?||||||||||||||||||||||Non-Organic||||{'Pflegehinweis': 'Schonwaschgang 40°C, Nicht bleichen, Nicht im Wäschetrockner trocknen, Nicht bügeln, Nicht trockenreinigen', 'target_group': 'Damen', 'manufacturer': 'KUNERT FASHION GMBH', 'Herstelleradresse': 'Julius-Kunert-Straße 49, DE-87509 Immenstadt i. Allgäu', 'Kontaktmöglichkeit': 'service@hudson-shop.de', 'Materialdetails': '64% Baumwolle, 36% Polyamid', 'Farbe': 'black', 'Inhalt': '1 Stk.'}||||||black||64% Baumwolle, 36% Polyamid||||||0|0|333733_1.png|https://static.mueller.de/5743332170-PV-0/pdzoom/hudson-damen-kniestruempfe-relax-light.webp|333733_2.png|https://static.mueller.de/5743332170-VV-1/pdzoom/hudson-damen-kniestruempfe-relax-light.webp|333733_3.png|https://static.mueller.de/5720208330-PB-3/pdzoom/hudson-damen-kniestruempfe-relax-light.webp||||||||||||Schonwaschgang 40°C, Nicht bleichen, Nicht im Wäschetrockner trocknen, Nicht bügeln, Nicht trockenreinigen||||||KUNERT FASHION GMBH||||||||||1 Stk.|||True||333733P|||||||||10
2904652|mueller||||||||2024-10-28|Gourmet Berner La Vitro Rosensalz Beste Mama|GOURMET BERNER||44.9|g|Home|Drogerie|Lebensmittel|Nahrung|Gewürze|Gourmet Berner La Vitro Rosensalz Beste Mama||7,95 €|7,95 €|||||||||||177,06 € / 1 kg|||EUR|Home> Drogerie> Lebensmittel> Nahrung> Gewürze> Gourmet Berner La Vitro Rosensalz Beste Mama|https://www.mueller.at/p/gourmet-berner-la-vitro-rosensalz-beste-mama-IPN2904652/|44.9 g|Zum Verfeinern von Salaten, Lamm, Fisch, Gemüse, Quarkspeisen, Dips, Reis oder Couscous.||Vor Wärme geschützt und trocken lagern.||||||||||||||||||||Non-Organic||||{'Lagerhinweis': 'Vor Wärme geschützt und trocken lagern.', 'manufacturer': 'Gourmet Berner GmbH & Co. KG', 'Herstelleradresse': 'Bruckwiesenstraße 1, 71384 Weinstadt', 'Inhalt': '44.9 g', 'Zutaten': 'Steinsalz vom Fuße des Himalaya (91%), Rosenblüten (5%), Rosa Pfeffer', 'Produkttyp': 'Gewürze'}||||||||||||||0|0|2904652_1.png|https://static.mueller.de/pdzoom/4260546875456_PV.webp||||||||||||||||||||||Gourmet Berner GmbH & Co. KG||||||||||44.9 g|||True||2904652P|||||||||10
2062972|mueller||||||||2024-10-28|Alnatura Bio Orangenschale gerieben|ALNATURA||5|g|Home|Drogerie|Lebensmittel|Nahrung|Nüsse & Trockenfrüchte|Alnatura Bio Orangenschale gerieben||0,69 €|0,69 €||||||||||||||EUR|Home> Drogerie> Lebensmittel> Nahrung> Nüsse & Trockenfrüchte> Alnatura Bio Orangenschale gerieben|https://www.mueller.at/p/alnatura-bio-orangenschale-gerieben-2062972/|5 g|Für die fein-fruchtige Orangennote in Gebäck und Desserts. Aus der Schale frischer Bio-Orangen gewonnen. Bio-Qualitätmit OrangenölBeutelinhalt entspricht der Schale einer frischen Orange||Bitte trocken lagern und vor Wärme schützen.,Conserver au sec et à l'abri de la chaleur.|||||||||{'Nährwerte je': '100  g', 'Brennwert': '1345 kj / 320 kcal', 'Fett in g': '4.2 g', '- davon gesättigte Fettsäuren in g': '1.2 g', 'Kohlenhydrate in g': '57.0 g', '- davon Zucker in g': '39.0 g', 'Ballaststoffe in g': '18.0 g', 'Eiweiß in g': '4.5 g', 'Salz in g': '0.04 g'}|||||||||||Organic||||"{'Lagerhinweis': ""Bitte trocken lagern und vor Wärme schützen.,Conserver au sec et à l'abri de la chaleur."", 'manufacturer': 'Alnatura GmbH', 'Herstelleradresse': 'Mahatma-Gandhi-Straße 7, DE-64295 Darmstadt', 'Kontaktmöglichkeit': 'www.alnatura.de', 'Öko-Kontrollstelle': 'DE-ÖKO-006', 'Inhalt': '5 g', 'Bio': 'Ja', 'Eigenschaften': 'vegan laut Zutaten|vegetarisch gemaeß Rezeptur', 'Zutaten': ""Orangenschale* gerieben, gefriergetrocknet 68%, Orangenschale* gerieben, getrocknet 29%, Orangenöl* 3 % *aus biologischer Landwirtschaft,Ingrédients: Zeste d'orange* lyophilisé, râpé 97%, huile essentielle d'orange* 3%*issus de l'agriculture biologique"", 'Produkttyp': 'Nüsse, Saaten & Trockenfrüchte'}"||||||||||||||5.0|1|2062972_1.png|https://static.mueller.de/markant_00000042256199_pv_5013959/pdzoom/alnatura-bio-orangenschale-gerieben.webp||||||||||||||||||||||Alnatura GmbH||||||||||5 g|||True||2062972P||||Unter Schutzatmosphäre verpackt.|||||10
2062974|mueller||||||||2024-10-28|Alnatura Bio Kakao, schwach entölt|||125|g|Home|Drogerie|Lebensmittel|Nahrung|Milch & Milchalternativen|Alnatura Bio Kakao, schwach entölt||2,69 €|2,69 €|||||||||||21,52 € / 1 kg|||EUR|Home> Drogerie> Lebensmittel> Nahrung> Milch & Milchalternativen> Alnatura Bio Kakao, schwach entölt|https://www.mueller.at/p/alnatura-bio-kakao-schwach-entoelt-2062974/|125 g|Ein schwach entöltes Bio-Kakaopulver für Getränke, Kuchen und Desserts. Die Zahlung höherer Rohstoffpreise trägt zur Verbesserung der Lebensstandards in den Anbaugebieten bei. Bio-Qualität; schwach entölter Kakao enthält im Vergleich zu stark entöltem einen höheren Kakaobutteranteil – für eine besonders schokoladige Note; der Kakao wird auf traditionelle Weise in Lateinamerika und Afrika angebaut||Bitte trocken lagern und vor Wärme schützen.,Conserver au sec et à l'abri de la chaleur.|||||||||{'Nährwerte je': '100  g', 'Brennwert': '1603 kj / 387 kcal', 'Fett in g': '21.0 g', '- davon gesättigte Fettsäuren in g': '13.0 g', 'Kohlenhydrate in g': '12.0 g', '- davon Zucker in g': '0.5 g', 'Ballaststoffe in g': '31.0 g', 'Eiweiß in g': '22.0 g', 'Salz in g': '0.05 g'}|||||||||||Organic||||"{'Lagerhinweis': ""Bitte trocken lagern und vor Wärme schützen.,Conserver au sec et à l'abri de la chaleur."", 'manufacturer': 'Alnatura GmbH', 'Herstelleradresse': 'Mahatma-Gandhi-Straße 7, 64295 Darmstadt', 'Kontaktmöglichkeit': 'www.alnatura.de', 'Öko-Kontrollstelle': 'DE-ÖKO-001', 'Inhalt': '125 g', 'Bio': 'Ja', 'Eigenschaften': 'vegan laut Zutaten|vegetarisch gemaeß Rezeptur', 'Zutaten': 'Kakaopulver 95%*, Säureregulator: Kaliumcarbonat 5%*aus biologischer Landwirtschaft', 'Produkttyp': 'Getreide- & Sojadrinks', 'Zubereitungshinweis': 'Zubereitung für Trink-Kakao: 1 Teelöffel Alnatura Kakao nach Belieben mit 1-2 Teelöffeln Zucker in einer Tasse vermischen. Etwas Milch oder Wasser zu der Kakao-Zucker-Mischung geben und glatt rühren. Mit heißer Milch unter ständigem Rühren auffüllen'}"||||||||||||||4.0|4|2062974_1.png|https://static.mueller.de/markant_04104420022782_pv_3693112/pdzoom/alnatura-bio-kakao-schwach-entoelt.webp||||||||||||||||||||||Alnatura GmbH||||||||||125 g|||True||2062974P|||||||||10
2062976|mueller||||||||2024-10-28|Alnatura Bio Kuvertüre Zartbitter|ALNATURA||150|g|Home|Drogerie|Lebensmittel|Süßigkeiten|Schokolade|Alnatura Bio Kuvertüre Zartbitter||3,49 €|3,49 €|||||||||||23,27 € / 1 kg|||EUR|Home> Drogerie> Lebensmittel> Süßigkeiten> Schokolade> Alnatura Bio Kuvertüre Zartbitter|https://www.mueller.at/p/alnatura-bio-kuvertuere-zartbitter-2062976/|150 g|Eine fein-herbe Zartbitterschokoladen-Kuvertüre in Bio-Qualität. Mit 60 Prozent Kakaoanteil. Ideal für Kuchen, Plätzchen oder Schokoladenfondue. Bio-Qualität; Kakaoanteil mindestens 60 Prozent; ideal für Pralinen, Plätzchen, Kuchen und Torten oder Schokoladenfondue; ohne Lecithine hergestellt; vegan||Bitte trocken lagern und vor Wärme schützen.,Conserver au sec et à l'abri de la chaleur.|||||||||{'Nährwerte je': '100  g', 'Brennwert': '2346 kj / 564 kcal', 'Fett in g': '39.0 g', '- davon gesättigte Fettsäuren in g': '25.0 g', 'Kohlenhydrate in g': '44.0 g', '- davon Zucker in g': '40.0 g', 'Ballaststoffe in g': '8.3 g', 'Eiweiß in g': '5.2 g', 'Salz in g': '0.01 g'}|||||||||||Organic||||"{'Lagerhinweis': ""Bitte trocken lagern und vor Wärme schützen.,Conserver au sec et à l'abri de la chaleur."", 'manufacturer': 'Alnatura GmbH', 'Herstelleradresse': 'Mahatma-Gandhi-Straße 7, 64295 Darmstadt', 'Kontaktmöglichkeit': 'www.alnatura.de', 'Öko-Kontrollstelle': 'DE-ÖKO-013', 'Inhalt': '150 g', 'Bio': 'Ja', 'Eigenschaften': 'vegetarisch gemaeß Rezeptur', 'Zutaten': 'Kakaomasse*, Rohrohrzucker*, Kakaobutter* *aus biologischer Landwirtschaft. Kann Spuren von Gluten, Milch, Mandel, Haselnuss, Pecannuss und Pistazie enthalten', 'Produkttyp': 'Schokoladenartikel', 'Zubereitungshinweis': 'Die Alnatura Kuvertüre Zartbitter zerkleinert im Wasserbad auf ca. 40°C erwärmen. Gelegentlich umrühren. Kurz abkühlen lassen und zügig verarbeiten. Gebäck, das mit Kuvertüre überzogen wird, sollte Zimmertemperatur haben'}"||||||||||||||0|0|2062976_1.png|https://static.mueller.de/markant_04104420221918_pv_3764245/pdzoom/alnatura-bio-kuvertuere-zartbitter.webp||||||||||||||||||||||Alnatura GmbH||||||||||150 g|||True||2062976P||||Kakaoanteil 60,00 % mindestens in der Schokolade|||||5
2062967|mueller||||||||2024-10-28|Alnatura Bio Kokos, geraspelt|ALNATURA||200|g|Home|Drogerie|Lebensmittel|Nahrung|Nüsse & Trockenfrüchte|Alnatura Bio Kokos, geraspelt||1,89 €|1,89 €|||||||||||9,45 € / 1 kg|||EUR|Home> Drogerie> Lebensmittel> Nahrung> Nüsse & Trockenfrüchte> Alnatura Bio Kokos, geraspelt|https://www.mueller.at/p/alnatura-bio-kokos-geraspelt-2062967/|200 g|Diese saftigen Bio-Kokosraspel bringen in Plätzchen und Gebäck, Suppen und Saucen, aber auch in Müsli und Obstsalate eine aromatisch-exotische Note. Bio-Qualität; saftige Raspel mit exotischer Note; für Plätzchen und Gebäck, Suppen und Saucen, Müsli und Obstsalate||Bitte trocken lagern und vor Wärme schützen.,Conserver au sec et à l' abri de la chaleur.|||||||||{'Nährwerte je': '100  g', 'Brennwert': '2674 kj / 649 kcal', 'Fett in g': '62.0 g', '- davon gesättigte Fettsäuren in g': '58.0 g', 'Kohlenhydrate in g': '7.5 g', '- davon Zucker in g': '6.6 g', 'Ballaststoffe in g': '15.0 g', 'Eiweiß in g': '7.8 g', 'Salz in g': '0.09 g'}|||||||||||Organic||||"{'Lagerhinweis': ""Bitte trocken lagern und vor Wärme schützen.,Conserver au sec et à l' abri de la chaleur."", 'manufacturer': 'Alnatura GmbH', 'Herstelleradresse': 'Mahatma-Gandhi-Straße 7, 64295 Darmstadt', 'Kontaktmöglichkeit': 'www.alnatura.de', 'Öko-Kontrollstelle': 'AT-BIO-301', 'Inhalt': '200 g', 'Bio': 'Ja', 'Eigenschaften': 'vegan laut Zutaten|vegetarisch gemaeß Rezeptur', 'Zutaten': 'Kokosraspel *aus biologischer Landwirtschaft. Kann Spuren von Erdnuss, Mandel und Nüssen enthalten. Kann Schalenbestandteile enthalten', 'Produkttyp': 'Nüsse, Saaten & Trockenfrüchte'}"||||||||||||||5.0|1|2062967_1.png|https://static.mueller.de/markant_04104420015289_pv_3622265/pdzoom/alnatura-bio-kokos-geraspelt.webp||||||||||||||||||||||Alnatura GmbH||||||||||200 g|||True||2062967P||||Unter Schutzatmosphäre verpackt.|||||10
2904660|mueller||||||||2024-10-28|HYPOAllergenic Lip Serum|HYPOALLERGENIC||4.1|g|Home|Parfümerie|Pflege|Gesichtspflege|Spezialpflege|Seren & Ampullen|HYPOAllergenic Lip Serum|5,99 €|5,99 €||||||||||||||EUR|Home> Parfümerie> Pflege> Gesichtspflege> Spezialpflege> Seren & Ampullen> HYPOAllergenic Lip Serum|https://www.mueller.at/p/hypoallergenic-lip-serum-IPN2904660/|4.1 g|Das optisch vergrößernde Lippenserum mit exotischem Ananasduft und einer lichtreflektierenden Formel mit Menthol verleiht ein sanftes Prickeln und einen angenehm kühlenden Effekt. Die halbtransparente Farbe mit schönen Schimmerpartikeln hebt die Lippen natürlich hervor und verleiht ihnen einen dreidimensionalen Glanz mit Wasseroberflächeneffekt. Das in der Formulierung enthaltene Jojoba-Samenöl reduziert den Wasserverlust über die Epidermis, macht die Lippen weich und pflegt sie, während Sonnenblumenöl sie glatt und geschmeidig macht. Die vegane Formel ist reich an Wassermelonen- und Guavenfruchtextrakt, die antioxidative Eigenschaften haben und die Haut vor schädlichen äußeren Einflüssen schützen. Der praktische Applikator macht es einfach, das Serum gleichmäßig aufzutragen. Der Lip Serum Volumizer ist in der Farbe Holo Glow erhältlich. Das Produkt ist für Veganer:innen geeignet. PETA cruelty free-zertifiziert. Geeignet für Personen mit empfindlicher, zu Allergien neigender Haut. Getestet unter der Aufsicht von Dermatologen:innen.||||||||||||||||||||||Non-Organic||||"{'target_group': 'Damen|Herren|Unisex', 'manufacturer': 'Bell-Dekorative Kosmetik Deutschland GmbH', 'Herstelleradresse': 'Brookstieg 4, 22145 Stapelfeld', 'Anwendungshinweis': 'Das Serum direkt auf die Lippen auftragen, ohne über die Lippenkontur hinauszugehen. Make-Up Artist Trick: Tragen Sie das Serum über Ihrem Lieblings-Lippenstift auf. Es verleiht der Lippenstiftfarbe einen außergewöhnlichen, dreidimensionalen Effekt, ein glänzendes Finish und lässt die Lippen voller wirken.', 'package_contents': 'Paraffinum Liquidum (Mineral Oil), Polybutene, Pentaerythrityl Tetraisostearate, Octyldodecanol, Ethylene/Propylene/Styrene Copolymer, Silica Dimethyl Silylate, Helianthus Annuus (Sunflower) Seed Oil, Simmondsia Chinensis (Jojoba) Seed Oil, Menthol, Silica, Menthyl Lactate, Glyceryl Caprylate, Butylene/Ethylene/Styrene Copolymer, Propylene Carbonate, Citrullus Lanatus (Watermelon) Fruit Extract, Psidium Guajava (Guava) Fruit Extract, Tin Oxide, Aluminum Hydroxide, Tocopherol, Pentaerythrityl Tetra-di-t-butyl Hydroxyhydrocinnamate, Parfum (Fragrance), CI 15850 (Red 7 Lake), CI 77891 (Titanium Dioxide)', 'skin_type': 'alle Hauttypen|sensible Haut', 'Inhalt': '4.1 g', 'scope_of_application': 'Spezialpflege', 'Produkttyp': 'Serum'}"||||||||||||||0|0|2904660_1.png|https://static.mueller.de/pdzoom/5902082564416.webp||||||||||||||||||||||Bell-Dekorative Kosmetik Deutschland GmbH||||||||||4.1 g|Paraffinum Liquidum (Mineral Oil), Polybutene, Pentaerythrityl Tetraisostearate, Octyldodecanol, Ethylene/Propylene/Styrene Copolymer, Silica Dimethyl Silylate, Helianthus Annuus (Sunflower) Seed Oil, Simmondsia Chinensis (Jojoba) Seed Oil, Menthol, Silica, Menthyl Lactate, Glyceryl Caprylate, Butylene/Ethylene/Styrene Copolymer, Propylene Carbonate, Citrullus Lanatus (Watermelon) Fruit Extract, Psidium Guajava (Guava) Fruit Extract, Tin Oxide, Aluminum Hydroxide, Tocopherol, Pentaerythrityl Tetra-di-t-butyl Hydroxyhydrocinnamate, Parfum (Fragrance), CI 15850 (Red 7 Lake), CI 77891 (Titanium Dioxide)||True||2904660P|||||||||10
2062963|mueller||||||||2024-10-28|Alnatura Bioland-Sauerteigextrakt|ALNATURA||15|g|Home|Drogerie|Lebensmittel|Nahrung|Backzutaten & Süßungsmittel|Alnatura Bioland-Sauerteigextrakt||0,69 €|0,69 €|||||||||||46,00 € / 1 kg|||EUR|Home> Drogerie> Lebensmittel> Nahrung> Backzutaten & Süßungsmittel> Alnatura Bioland-Sauerteigextrakt|https://www.mueller.at/p/alnatura-bioland-sauerteigextrakt-2062963/|15 g|Ein Bio-Sauerteigextrakt zum geschmacklichen Verfeinern von Broten und Brötchen. Ausreichend für ein Kilogramm Mehl. Hergestellt nach Bioland-Richtlinien und vegan. zum geschmacklichen Verfeinern von Broten und Brötchenfür ein Kilogramm MehlveganBio-Qualität (Bioland)||Bitte trocken lagern und vor Wärme schützen.,Conserver au sec et à l’abri de la chaleur.|||||||||{'Nährwerte je': '100  g', 'Brennwert': '1400 kj / 331 kcal', 'Fett in g': '1.8 g', '- davon gesättigte Fettsäuren in g': '0.5 g', 'Kohlenhydrate in g': '52.0 g', '- davon Zucker in g': '2.1 g', 'Ballaststoffe in g': '14.0 g', 'Eiweiß in g': '11.0 g', 'Salz in g': '0.01 g'}|||||||||||Organic||||"{'Lagerhinweis': 'Bitte trocken lagern und vor Wärme schützen.,Conserver au sec et à l’abri de la chaleur.', 'manufacturer': 'Alnatura GmbH', 'Herstelleradresse': 'Mahatma-Gandhi-Straße 7, 64295 Darmstadt', 'Kontaktmöglichkeit': 'www.alnatura.de', 'Öko-Kontrollstelle': 'DE-ÖKO-006', 'Inhalt': '15 g', 'Bio': 'Ja', 'Eigenschaften': 'vegan laut Zutaten|vegetarisch gemaeß Rezeptur', 'Zutaten': 'ROGGENVOLLKORNMEHL*, Starterkulturen *aus biologischer Landwirtschaft', 'Zubereitungshinweis': 'Zum geschmacklichen Verfeinern von Broten und Brötchen: 1 Pck. Sauerteigextrakt für je 1 kg Mehl verwenden und mit 2 Pck. Trockenhefe ergänzen. Der Sauerteigextrakt allein hat keine Triebkraft'}"||||||||||||||4.0|1|2062963_1.png|https://static.mueller.de/markant_00000040045078_pv_4299210/pdzoom/alnatura-bioland-sauerteigextrakt.webp||||||||||||||||||||||Alnatura GmbH||||||||||15 g|||True||2062963P|||||||||10
2654901|mueller||||||||2024-10-28|Ruf der Wildnis|||1|Stk.|Home|Multi-Media|Filme & TV|Action & Abenteuer|Ruf der Wildnis|||7,99 €|7,99 €||||||||||||||EUR|Home> Multi-Media> Filme & TV> Action & Abenteuer> Ruf der Wildnis|https://www.mueller.at/p/ruf-der-wildnis-2654901/|1 Stk.|Basierend auf dem beliebten Literatur-Klassiker THE CALL OF THE WILD (‚Der Ruf der Wildnis') von Jack London kommt die Geschichte des großherzigen Hundes Buck erneut auf die große Leinwand. Bucks glückliches Hundeleben wird vollkommen auf den Kopf gestellt, als er dem heimischen Kalifornien entrissen wird und sich plötzlich in der fremden Wildnis Alaskas, in Yukon, zu Zeiten des Goldrauschs in den 1860er Jahren wiederfindet. Er kommt zu einem Rudel von Post-Schlittenhunden  - deren Anführer er später wird  - und erlebt das Abenteuer seines Lebens, bis er schließlich seinen wahren Platz in der Welt findet und sein eigener Herr wird.||||||||||||||||||||||Non-Organic||||"{'medium': 'DVD', 'Untertitel': 'Deutsch,Italienisch,Spanisch', 'manufacturer': 'LEONINE', 'Bildformat': '16:9|Widescreen', 'Inhalt': '1 Stk.', 'Laufzeit in min (gesamt)': '95', 'Produktionsjahr': '2020', 'Regisseur': 'Christopher Sanders', 'Schauspieler': 'Harrison Ford,Dan Stevens,Karen Gillan', 'Special Edition': 'Nein', 'Tonformat-Sprache': 'Deutsch,Englisch,Spanisch,Italienisch', 'Untertitel für Gehörlose': 'Englisch', 'packaging_type': 'Softbox', 'Hauptgenre': 'Abenteuer'}"||||||||||||||5.0|1|2654901_1.png|https://static.mueller.de/videojakob_8717418571771_pv_594357/pdzoom/ruf-der-wildnis.webp|2654901_2.png|https://static.mueller.de/pdzoom/videojakob_8717418571771_pr_594357-back.webp|2654901_3.png|https://static.mueller.de/videojakob_8717418571771_pd_66621650/pdzoom/ruf-der-wildnis.webp|2654901_4.png|https://static.mueller.de/videojakob_8717418571771_pd_66621925/pdzoom/ruf-der-wildnis.webp|2654901_5.png|https://static.mueller.de/videojakob_8717418571771_pd_66622198/pdzoom/ruf-der-wildnis.webp|2654901_6.png|https://static.mueller.de/videojakob_8717418571771_pd_66622505/pdzoom/ruf-der-wildnis.webp||||||||||||LEONINE||||||||||1 Stk.|||True||2654901P|||||||||5
2654902|mueller||||||||2024-10-28|Ruf der Wildnis|||1|Stk.|Home|Multi-Media|Filme & TV|Action & Abenteuer|Ruf der Wildnis|||9,99 €|9,99 €||||||||||||||EUR|Home> Multi-Media> Filme & TV> Action & Abenteuer> Ruf der Wildnis|https://www.mueller.at/p/ruf-der-wildnis-2654902/|1 Stk.|Basierend auf dem beliebten Literatur-Klassiker THE CALL OF THE WILD (‚Der Ruf der Wildnis') von Jack London kommt die Geschichte des großherzigen Hundes Buck erneut auf die große Leinwand. Bucks glückliches Hundeleben wird vollkommen auf den Kopf gestellt, als er dem heimischen Kalifornien entrissen wird und sich plötzlich in der fremden Wildnis Alaskas, in Yukon, zu Zeiten des Goldrauschs in den 1860er Jahren wiederfindet. Er kommt zu einem Rudel von Post-Schlittenhunden  - deren Anführer er später wird  - und erlebt das Abenteuer seines Lebens, bis er schließlich seinen wahren Platz in der Welt findet und sein eigener Herr wird.|||||||||||||||"Nord- und Südamerika, Korea, Hongkong, Taiwan|Europa, Vorderasien, Afrika, Australien|Indien, China, Russland, Zentral- und Südasien"|||||||Non-Organic||||"{'medium': 'Blu-ray Disc', 'Untertitel': 'Deutsch,Französisch,Portugiesisch,Holländisch,Kantonesisch,Koreanisch,Chinesisch', 'manufacturer': 'LEONINE', 'Bildformat': 'HD|Widescreen', 'Zusatzinfos / Bonusmaterial beim Film dabei': 'Extras:\n- Wie alles begann\n- Erlebnisse am Set\n- Visuelle Effekte\n- Die Wildnis entsteht', 'Inhalt': '1 Stk.', 'Laufzeit in min (gesamt)': '99', 'Produktionsjahr': '2020', 'Regionalcode': 'Nord- und Südamerika, Korea, Hongkong, Taiwan|Europa, Vorderasien, Afrika, Australien|Indien, China, Russland, Zentral- und Südasien', 'Regisseur': 'Christopher Sanders', 'Schauspieler': 'Harrison Ford,Dan Stevens,Karen Gillan', 'Special Edition': 'Nein', 'Tonformat-Sprache': 'Deutsch,Französisch,Portugiesisch,Flämisch,Englisch', 'Untertitel für Gehörlose': 'Englisch', 'packaging_type': 'Softbox', 'Hauptgenre': 'Abenteuer'}"||||||||||||||5.0|2|2654902_1.png|https://static.mueller.de/videojakob_8717418571788_pv_594359/pdzoom/ruf-der-wildnis.webp|2654902_2.png|https://static.mueller.de/pdzoom/videojakob_8717418571788_pr_594359-back.webp|2654902_3.png|https://static.mueller.de/videojakob_8717418571788_pd_66621650/pdzoom/ruf-der-wildnis.webp|2654902_4.png|https://static.mueller.de/videojakob_8717418571788_pd_66621925/pdzoom/ruf-der-wildnis.webp|2654902_5.png|https://static.mueller.de/videojakob_8717418571788_pd_66622198/pdzoom/ruf-der-wildnis.webp|2654902_6.png|https://static.mueller.de/videojakob_8717418571788_pd_66622505/pdzoom/ruf-der-wildnis.webp||||||||||||LEONINE||||||||||1 Stk.|||True||2654902P|||||||||5
2654903|mueller||||||||2024-10-28|Vaiana - Disney Classics|||1|Stk.|Home|Multi-Media|Filme & TV|Kinderfilme|Vaiana - Disney Classics|||7,99 €|7,99 €||||||||||||||EUR|Home> Multi-Media> Filme & TV> Kinderfilme> Vaiana - Disney Classics|https://www.mueller.at/p/vaiana-disney-classics-2654903/|1 Stk.|Vaiana, die von Geburt an eine einzigartige und besondere Verbindung zum mächtigen, weiten Ozean in sich trägt, setzt ihre Segel, um auf den Spuren ihrer Urahnen zu wandeln. Gemeinsam mit ihrem persönlichen Helden, dem legendären Halbgott Maui, begibt sich der unbändige Wildfang auf die Suche nach einer sagenumwobenen Insel. Auf ihrer faszinierenden Entdeckungsreise erleben sie sagenhafte Abenteuer, ergründen traumhafte Unterwasserwelten und erwecken alte Traditionen zu unerwartet neuem Leben…||||||||||||||||||||||Non-Organic||||"{'medium': 'DVD', 'Untertitel': 'Deutsch,Italienisch', 'manufacturer': 'LEONINE', 'Bildformat': 'Widescreen', 'Zusatzinfos / Bonusmaterial beim Film dabei': 'Kurzfilm: ""Herz ohne Kopf - Inner Workings"";', 'Inhalt': '1 Stk.', 'Laufzeit in min (gesamt)': '103', 'Produktionsjahr': '2016', 'Produktionsland': 'USA', 'Regisseur': 'John Musker,Ron Clements', 'Special Edition': 'Nein', 'Tonformat-Sprache': 'Deutsch,Englisch,Italienisch', 'Untertitel für Gehörlose': 'Englisch', 'packaging_type': 'Softbox in O-Card', 'Hauptgenre': 'Animationsfilm|Kinder'}"||||||||||||||0|0|2654903_1.png|https://static.mueller.de/videojakob_8717418571955_pv_594361/pdzoom/vaiana-disney-classics.webp|2654903_2.png|https://static.mueller.de/pdzoom/videojakob_8717418571955_pr_594361-back.webp|2654903_3.png|https://static.mueller.de/videojakob_8717418571955_pd_66900996/pdzoom/vaiana-disney-classics.webp|2654903_4.png|https://static.mueller.de/videojakob_8717418571955_pd_66901324/pdzoom/vaiana-disney-classics.webp|2654903_5.png|https://static.mueller.de/videojakob_8717418571955_pd_66901512/pdzoom/vaiana-disney-classics.webp|2654903_6.png|https://static.mueller.de/videojakob_8717418571955_pd_66612757/pdzoom/vaiana-disney-classics.webp||||||||||||LEONINE||||||||||1 Stk.|||True||2654903P|||||||||5
2654904|mueller||||||||2024-10-28|Vaiana - Disney Classics|||1|Stk.|Home|Multi-Media|Filme & TV|Kinderfilme|Vaiana - Disney Classics|||9,99 €|9,99 €||||||||||||||EUR|Home> Multi-Media> Filme & TV> Kinderfilme> Vaiana - Disney Classics|https://www.mueller.at/p/vaiana-disney-classics-2654904/|1 Stk.|Vaiana, die von Geburt an eine einzigartige und besondere Verbindung zum mächtigen, weiten Ozean in sich trägt, setzt ihre Segel, um auf den Spuren ihrer Urahnen zu wandeln. Gemeinsam mit ihrem persönlichen Helden, dem legendären Halbgott Maui, begibt sich der unbändige Wildfang auf die Suche nach einer sagenumwobenen Insel. Auf ihrer faszinierenden Entdeckungsreise erleben sie sagenhafte Abenteuer, ergründen traumhafte Unterwasserwelten und erwecken alte Traditionen zu unerwartet neuem Leben…|||||||||||||||Europa, Vorderasien, Afrika, Australien|||||||Non-Organic||||"{'medium': 'Blu-ray Disc', 'manufacturer': 'LEONINE', 'Bildformat': 'HD', 'Inhalt': '1 Stk.', 'Laufzeit in min (gesamt)': '103', 'Produktionsjahr': '2016', 'Produktionsland': 'USA', 'Regionalcode': 'Europa, Vorderasien, Afrika, Australien', 'Regisseur': 'Ron Clements,John Musker', 'Special Edition': 'Nein', 'Hauptgenre': 'Animationsfilm|Kinder'}"||||||||||||||0|0|2654904_1.png|https://static.mueller.de/videojakob_8717418571962_pv_594362/pdzoom/vaiana-disney-classics.webp|2654904_2.png|https://static.mueller.de/videojakob_8717418571962_pd_66900996/pdzoom/vaiana-disney-classics.webp|2654904_3.png|https://static.mueller.de/videojakob_8717418571962_pd_66901324/pdzoom/vaiana-disney-classics.webp|2654904_4.png|https://static.mueller.de/videojakob_8717418571962_pd_66901512/pdzoom/vaiana-disney-classics.webp|2654904_5.png|https://static.mueller.de/videojakob_8717418571962_pd_66612757/pdzoom/vaiana-disney-classics.webp|2654904_6.png|https://static.mueller.de/videojakob_8717418571962_pd_66613554/pdzoom/vaiana-disney-classics.webp||||||||||||LEONINE||||||||||1 Stk.|||True||2654904P|||||||||5
2654907|mueller||||||||2024-10-28|Hard Car - Liebe auf Asphalt|||1|Stk.|Home|Multi-Media|Filme & TV|Erotik|Hard Car - Liebe auf Asphalt|||4,99 €|4,99 €||||||||||||||EUR|Home> Multi-Media> Filme & TV> Erotik> Hard Car - Liebe auf Asphalt|https://www.mueller.at/p/hard-car-liebe-auf-asphalt-2654907/|1 Stk.|Eine junge Frau beobachtet zufällig den Mord an einem Unbekannten in dem Büros ihres Liebhabers. Von nun an ist sie auf der Flucht, verfolgt von einem Geländewagen, der ihr nach dem Leben trachtet. Verzweifelt versucht die Frau ihrem Schicksal zu entgehen und erlebt eine Welt voller Erniedrigung und Angst. Nach einer Vergewaltigung nimmt sie ihr Schicksal selbst in die Hand – die Gejagte wird zum Jäger!||||||||||||||||||||||Non-Organic||||"{'medium': 'DVD', 'manufacturer': 'Sedna Medien & Distribution GmbH', 'Bildformat': '4:3', 'Zusatzinfos / Bonusmaterial beim Film dabei': 'Diashow;\nFilminformationen;\nanimierte Menüs;', 'Inhalt': '1 Stk.', 'Laufzeit in min (gesamt)': '74', 'Produktionsjahr': '1990', 'Regisseur': 'Giovanni Amadei', 'Schauspieler': ""Alex Berger,David D'Ingeo,Valentine Demy,Carmel"", 'Special Edition': 'Nein', 'Tonformat-Sprache': 'Italienisch,Deutsch', 'packaging_type': 'Softbox', 'Hauptgenre': 'Erotik'}"||||||||||||||0|0|2654907_1.png|https://static.mueller.de/videojakob_4049174420012_pv_595021/pdzoom/hard-car-liebe-auf-asphalt.webp|2654907_2.png|https://static.mueller.de/pdzoom/videojakob_4049174420012_pr_595021-back.webp||||||||||||||||||||Sedna Medien & Distribution GmbH||||||||||1 Stk.|||True||2654907P|||||||||5
2904639|mueller||||||||2024-10-28|Huggies Natural 0% Plastic 99% Pure Water Baby-Pflegetücher|HUGGIES||48|Stk.|Home|Drogerie|Pflege|Gesichtspflege|Watte & Tücher|Huggies Natural 0% Plastic 99% Pure Water Baby-Pflegetücher||2,19 €|2,19 €|||||||||||0,46 € / 10 Stk.|||EUR|Home> Drogerie> Pflege> Gesichtspflege> Watte & Tücher> Huggies Natural 0% Plastic 99% Pure Water Baby-Pflegetücher|https://www.mueller.at/p/huggies-natural-0-plastic-99-pure-water-baby-pflegetuecher-IPN2904639/|48 Stk.|"Keine Sorge, Baby!
Deine Windel braucht einen kleinen Helfer, dem sie vertraut. Und wir haben den perfekten Partner für deine Windel: Huggies Natural Biodegradable Feuchttücher – einfach perfekt für deine empfindliche Haut und für die Umwelt. Die neuen Feuchttücher sind biologisch abbaubar, plastikfrei und bestehen zu 99% aus reinem Wasser.
Wer hat den kleinsten Fußabdruck? Du, Baby.
Huggies® Tiniest Footprint™ hat die Mission, Huggies® Feuchttücher so sanft zur Umwelt sein zu lassen, wie sie zu deiner Haut sind. 
Und Eltern können auch helfen:
1.       Huggies Feuchttücher verwenden und weniger Plastikmüll erzeugen. 
2.       Feuchttücher nie in der Toilette hinunterspülen.
3.       Verpackung wenn möglich recyceln. Biologisch abbaubar und plastikfreiDie feuchten Pflegetücher bestehen zu 99% aus reinem WasserMit 100% natürlichen FasernHautfreundliche Tücher, da hypoallergen und klinisch getestet - ohne Parfüm und ohne AlkoholIdeale Ergänzung zu Windeln, trockenen Tüchern und Einmalwaschlappen"||Außerhalb der Reichweite von Kindern aufbewahren.,An einem kühlen, trockenen Ort unter 30°C lagern.||||||||||||||||||||Non-Organic||||{'Lagerhinweis': 'Außerhalb der Reichweite von Kindern aufbewahren.,An einem kühlen, trockenen Ort unter 30°C lagern.', 'manufacturer': 'Kimberly-Clark B.V.', 'Herstelleradresse': 'Copernicuslaan 35, 6716 BM Ede, Netherlands', 'Kontaktmöglichkeit': '0800 000 36 70', 'Anwendungshinweis': 'Nur zur äußeren Anwendung geeignet.', 'package_contents': 'Aqua,Gluconolactone,Sodium Benzoate,Sodium Citrate,Potassium Sorbate,Citric Acid,Calcium Gluconate', 'Inhalt': '48 Stk.', 'Produkttyp': 'Feuchte Tücher'}||||||||||||||0|0|2904639_1.png|https://static.mueller.de/markant_05029053582313_pv_4379044/pdzoom/huggies-natural-0-plastic-99-pure-water-baby-pflegetuecher.webp|2904639_2.png|https://static.mueller.de/markant_05029053582313_pv_3999724/pdzoom/huggies-natural-0-plastic-99-pure-water-baby-pflegetuecher.webp|2904639_3.png|https://static.mueller.de/markant_05029053582313_pd_4379045/pdzoom/huggies-natural-0-plastic-99-pure-water-baby-pflegetuecher.webp||||||||||||||||||Kimberly-Clark B.V.||||||||||48 Stk.|Aqua,Gluconolactone,Sodium Benzoate,Sodium Citrate,Potassium Sorbate,Citric Acid,Calcium Gluconate||False||2904639P|||||||||1
2904632|mueller||||||||2024-10-28|Gourmet Berner La Vitro Gewürzmischung Spaghetti aglio e olio Danke|GOURMET BERNER||18.9|g|Home|Drogerie|Lebensmittel|Nahrung|Gewürze|Gourmet Berner La Vitro Gewürzmischung Spaghetti aglio e olio Danke||7,95 €|7,95 €|||||||||||420,63 € / 1 kg|||EUR|Home> Drogerie> Lebensmittel> Nahrung> Gewürze> Gourmet Berner La Vitro Gewürzmischung Spaghetti aglio e olio Danke|https://www.mueller.at/p/gourmet-berner-la-vitro-gewuerzmischung-spaghetti-aglio-e-olio-danke-IPN2904632/|18.9 g|Ideal für Bruschetta, Pizza, Brot, Gemüse, Gratins & Suppen, sowie zu Tomaten- & Hackfleischsaucen und zum Einlegen von Schafskäse.||Vor Wärme geschützt und trocken lagern.||||||||||||||||||||Non-Organic||||{'Lagerhinweis': 'Vor Wärme geschützt und trocken lagern.', 'manufacturer': 'Gourmet Berner GmbH & Co. KG', 'Herstelleradresse': 'Bruckwiesenstraße 1, 71384 Weinstadt', 'Inhalt': '18.9 g', 'Zutaten': 'Zwiebeln, Knoblauch, Paprika, Meersalz, Petersilie, Chili, Oregano', 'Produkttyp': 'Gewürze', 'Zubereitungshinweis': '2 EL Gewürz in einer Pfanne mit 100 ml Wasser 15 min. eindünsten. Danach 2 EL Olivenöl zugeben, gekochte Nudeln unterheben & 5 min. köcheln.'}||||||||||||||0|0|2904632_1.png|https://static.mueller.de/pdzoom/4260546875449_PV.webp||||||||||||||||||||||Gourmet Berner GmbH & Co. KG||||||||||18.9 g|||False||2904632P|||||||||1
2904634|mueller||||||||2024-10-28|t: by tetesept Hallo Sonnenschein|T BY TETESEPT||200|ml|Home|Drogerie|Pflege|Körperpflege|Duschen|t: by tetesept Hallo Sonnenschein||3,65 €|3,65 €|||||||||||18,25 € / 1 l|||EUR|Home> Drogerie> Pflege> Körperpflege> Duschen> t: by tetesept Hallo Sonnenschein|https://www.mueller.at/p/t-by-tetesept-hallo-sonnenschein-IPN2904634/|200 ml|Hallo Sonnenschein, erlebe mit mir beflügelte Duschmomente, die pure Vitalisierung und Freude schenken. Die aufmunternde Duftkomposition aus spritziger Limette und Ingwer regt Körper und Geist spürbar an.||||||||||||||||||||||Non-Organic||||"{'target_group': 'Damen|Herren|Jugendliche|Unisex', 'manufacturer': 'Merz Consumer Care GmbH', 'Herstelleradresse': 'Donau-City-Straße 11, 16.OG/2.2, 1220 Wien', 'Kontaktmöglichkeit': 'mlca_office@merz.co.at', 'dermatologically_tested': 'Ja', 'package_contents': 'Aqua | Sodium Laureth Sulfate | Glycerin | Cocamidopropyl Betaine | Coco - Glucoside | Panthenol | Citrus Limon Peel Oil | Zingiber Officinale Root Oil | Citrus Aurantifolia Oil | Citrus Sensis Peel Oil Expressed | Eucalyptus Globulus Leaf Oil | Litsea Cubeba Fruit Oil | Glyceryl Oleate | Tocopherol | Parfum | Hydroxypropyl Guar Hydroxypropyltrimonium Chloride | PEG - 18 Glyceryl Oleate / Cocoate | Hydrogenated Palm Glycerides Citrate | Disodium EDTA | Sodium Benzoate | Potassium Sorbate | Citric Acid | Citral | Eugenol | Geraniol | Limonene | Linalool | CI 42051 | CI 47005', 'skin_type': 'normale Haut', 'product_property': 'erfrischend|feuchtigkeitsspendend', 'Inhalt': '200 ml', 'scope_of_application': 'Duschen', 'Produkttyp': 'Duschgel'}"||||||||||||||0|0|2904634_1.png|https://static.mueller.de/pdzoom/9005356024442_1.webp|2904634_2.png|https://static.mueller.de/pdzoom/9005356024442_2.webp||||||||||||||||||||Merz Consumer Care GmbH||||||||||200 ml|"Aqua | Sodium Laureth Sulfate | Glycerin | Cocamidopropyl Betaine | Coco - Glucoside | Panthenol | Citrus Limon Peel Oil | Zingiber Officinale Root Oil | Citrus Aurantifolia Oil | Citrus Sensis Peel Oil Expressed | Eucalyptus Globulus Leaf Oil | Litsea Cubeba Fruit Oil | Glyceryl Oleate | Tocopherol | Parfum | Hydroxypropyl Guar Hydroxypropyltrimonium Chloride | PEG - 18 Glyceryl Oleate / Cocoate | Hydrogenated Palm Glycerides Citrate | Disodium EDTA | Sodium Benzoate | Potassium Sorbate | Citric Acid | Citral | Eugenol | Geraniol | Limonene | Linalool | CI 42051 | CI 47005"||True||2904634P|||||||||10
2062955|mueller||||||||2024-10-28|Alnatura Bio Edition La Mancha Blanco|ALNATURA||750|ml|Home|Naturshop|Lebensmittel|Getränke|Wein|Alnatura Bio Edition La Mancha Blanco||2,99 €|2,99 €|||||||||||3,99 € / 1 l|||EUR|Home> Naturshop> Lebensmittel> Getränke> Wein> Alnatura Bio Edition La Mancha Blanco|https://www.mueller.at/p/alnatura-bio-edition-la-mancha-blanco-2062955/|750 ml|Ein trockener Weißwein in Bio-Qualität aus der spanischen Rebsorte Airén. Spritzig-fruchtig, unkompliziert und vegan. spritzig-fruchtig und unkompliziertaus der autochthonen (auf Spanien begrenzten) Rebsorte AirénveganBio-Qualitättrockener Weißwein aus Spanien||||||||||||||||||||||Organic||||"{'Weinfarbe': 'weiß', 'Geschmack': 'trocken', 'vintage': '2023', 'manufacturer': 'Peter Riegel Weinimport GmbH', 'Herstelleradresse': 'D-78359 Orsingen-Nenzingen, von: CLM 390/CU/ES, Las Mesas', 'Kontaktmöglichkeit': 'www.alnatura.de', 'Öko-Kontrollstelle': 'ES-ECO-002-CM', 'Inhalt': '750 ml', 'Bio': 'Ja', 'Eigenschaften': 'vegetarisch gemaeß Rezeptur|vegan laut Zutaten', 'Lebensmittel Alkoholgehalt': '11 %', 'Zutaten': 'Enthält Sulfite,Contient des sulfites', 'Geschmackstyp': 'DRY'}"|||||||||||trocken|||5.0|1|2062955_1.png|https://static.mueller.de/markant_04104420225299_pv_3914469/pdzoom/alnatura-bio-edition-la-mancha-blanco.webp||||||||||||||||||||||Peter Riegel Weinimport GmbH||||||['\n          11 %']||||750 ml|||True||2062955P||||Nicht für den Verzehr in der Schwangerschaft geeignet (Piktogramm).|||||6
442547|mueller||||||||2024-10-28|Colgate Max White Expert Original Zahnpasta|COLGATE||75|ml|Home|Drogerie|Pflege|Mund- & Zahnpflege|Zahncreme|Colgate Max White Expert Original Zahnpasta||5,99 €|5,99 €|5,99 €|5,25 €||||12%|Sie sparen 12%||||70,00 € / 1 l|||EUR|Home> Drogerie> Pflege> Mund- & Zahnpflege> Zahncreme> Colgate Max White Expert Original Zahnpasta|https://www.mueller.at/p/colgate-max-white-expert-original-zahnpasta-442547/|75 ml|Für weißere Zähne in 5 Tage||Tube nach Gebrauch schließen.||||||||||||||||||||Non-Organic||||"{'Lagerhinweis': 'Tube nach Gebrauch schließen.', 'manufacturer': 'CP GABA GmbH', 'Herstelleradresse': 'Alsterufer 1-3 Hamburg - 20354', 'Kontaktmöglichkeit': '+49 (0) 40-7319- 0', 'Anwendungshinweis': 'Zweimal täglich 2 Minuten lang putzen.', 'package_contents': 'Glycerin, Propylene Glycol, Calcium Pyrophosphate, PEG/PPG-116/66 Copolymer, PVP, PEG-12, Pentasodium Triphosphate, Sodium Lauryl Sulfate, Silica, Aroma, Sodium Monofluorophosphate, Disodium Pyrophosphate, Sodium Saccharin, Hydrogen Peroxide, Limonene. Enthält: Natriummonofluorphosphat Gesamtfluoridgehalt: 1450 ppm', 'product_property': 'aufhellend|reinigend', 'Inhalt': '75 ml', 'Produkttyp': 'Zahncreme'}"||||||||||||||4.2651|83|442547_1.png|https://static.mueller.de/markant_07509546064864_pv_2857649/pdzoom/colgate-max-white-expert-original-zahnpasta.webp|442547_2.png|https://static.mueller.de/markant_07509546064864_pd_2854385/pdzoom/colgate-max-white-expert-original-zahnpasta.webp|442547_3.png|https://static.mueller.de/markant_07509546064864_pd_2857644/pdzoom/colgate-max-white-expert-original-zahnpasta.webp|442547_4.png|https://static.mueller.de/markant_07509546064864_pd_2857648/pdzoom/colgate-max-white-expert-original-zahnpasta.webp|442547_5.png|https://static.mueller.de/markant_07509546064864_pd_2854387/pdzoom/colgate-max-white-expert-original-zahnpasta.webp|442547_6.png|https://static.mueller.de/markant_07509546064864_pd_2857646/pdzoom/colgate-max-white-expert-original-zahnpasta.webp||||||||||||CP GABA GmbH||||||||||75 ml|Glycerin, Propylene Glycol, Calcium Pyrophosphate, PEG/PPG-116/66 Copolymer, PVP, PEG-12, Pentasodium Triphosphate, Sodium Lauryl Sulfate, Silica, Aroma, Sodium Monofluorophosphate, Disodium Pyrophosphate, Sodium Saccharin, Hydrogen Peroxide, Limonene. Enthält: Natriummonofluorphosphat Gesamtfluoridgehalt: 1450 ppm||True||442547P||||Für Kinder unter 7 Jahren nicht geeignet.|||||10
36993|mueller||||||||2024-10-28|Milka Schokoladentafel Kuhflecken|MILKA||100|g|Home|Drogerie|Lebensmittel|Süßigkeiten|Schokolade|Milka Schokoladentafel Kuhflecken||1,59 €|1,59 €|||||||||||15,90 € / 1 kg|||EUR|Home> Drogerie> Lebensmittel> Süßigkeiten> Schokolade> Milka Schokoladentafel Kuhflecken|https://www.mueller.at/p/milka-schokoladentafel-kuhflecken-36993/|100 g|||Trocken lagern und vor Wärme schützen.||||MAGERMILCHPULVER, MILCH, BUTTERREINFETT, SOJALECITHINE, HASELNUSSMASSE|||||{'Nährwerte je': '100  g', 'Brennwert': '2246 kj / 538 kcal', 'Fett in g': '31.0 g', '- davon gesättigte Fettsäuren in g': '18.0 g', 'Kohlenhydrate in g': '58.0 g', '- davon Zucker in g': '57.0 g', 'Ballaststoffe in g': '1.9 g', 'Eiweiß in g': '6.1 g', 'Salz in g': '0.27 g'}|||||||||||Non-Organic||||{'Lagerhinweis': 'Trocken lagern und vor Wärme schützen.', 'manufacturer': 'Mondelez Deutschland GmbH', 'Herstelleradresse': 'D-28078 Bremen.', 'Kontaktmöglichkeit': 'verbraucherservice@mdlz.com', 'Allergenhinweis': 'MAGERMILCHPULVER, MILCH, BUTTERREINFETT, SOJALECITHINE, HASELNUSSMASSE', 'Inhalt': '100 g', 'Zutaten': 'Zucker, Kakaobutter, MAGERMILCHPULVER, Kakaomasse, Süssmolkenpulver (aus MILCH), BUTTERREINFETT, Emulgator (SOJALECITHINE), HASELNUSSMASSE, Aroma. KANN ENTHALTEN: WEIZEN UND ANDERE NÜSSE.', 'Produkttyp': 'Schokoladenartikel'}||||||||||||||5.0|2|36993_1.png|https://static.mueller.de/markant_07622400005190_pv_3429726/pdzoom/milka-schokoladentafel-kuhflecken.webp||||||||||||||||||||||Mondelez Deutschland GmbH||||||||||100 g|||True||36993P||||Kakao: 33% mindestens in der Alpenmilch Schokolade.|||||5
36996|mueller||||||||2024-10-28|Müller - Toy Place - Hund pink, 35 cm|TOY PLACE||1|Stk.|Home|Spielwaren|Kuscheltiere & Puppen|Kuscheltiere|Stofftiere|Müller - Toy Place - Hund pink, 35 cm||14,99 €|14,99 €||||||||||||||EUR|Home> Spielwaren> Kuscheltiere & Puppen> Kuscheltiere> Stofftiere> Müller - Toy Place - Hund pink, 35 cm|https://www.mueller.at/p/mueller-toy-place-hund-pink-35-cm-36996/|1 Stk.|Plüschhund pink, Größe ca. 35 cm||||||||0 Jahre||||||||||||||Non-Organic||||"{'target_group': 'Kindergartenkinder', 'Artikelnummer des Herstellers': '36996', 'license': 'Toy Place', 'Altersempfehlung ab': '0 Jahre', 'Altersempfehlung bis': '12 Jahre', 'Tierart': 'Hund', 'Materialdetails': 'Plüsch, Plüsch/Stoff (Hauptsächlich)', 'Material': 'Plüsch|Plüsch/Stoff (Hauptsächlich)', 'Inhalt': '1 Stk.', 'Genre | Spielmotivation': 'Spielen|Sammeln', 'Produkttyp': 'Kuschelartikel'}"||||||||Plüsch, Plüsch/Stoff (Hauptsächlich)||||||5.0|1|36996_1.png|https://static.mueller.de/pdzoom/36996_0a.webp|36996_2.png|https://static.mueller.de/pdzoom/36996_X5_01.webp|36996_3.png|https://static.mueller.de/pdzoom/36996_X6_01.webp|36996_4.png|https://static.mueller.de/pdzoom/36996_X4_01.webp||||||||||||||||36996||||||||||1 Stk.|||True||36996P|||||||||10
2904627|mueller||||||||2024-10-28|Gourmet Berner La Vitro Lieblingskräutersalz Glücksbringer|GOURMET BERNER||40|g|Home|Drogerie|Lebensmittel|Nahrung|Gewürze|Gourmet Berner La Vitro Lieblingskräutersalz Glücksbringer||7,95 €|7,95 €|||||||||||198,75 € / 1 kg|||EUR|Home> Drogerie> Lebensmittel> Nahrung> Gewürze> Gourmet Berner La Vitro Lieblingskräutersalz Glücksbringer|https://www.mueller.at/p/gourmet-berner-la-vitro-lieblingskraeutersalz-gluecksbringer-IPN2904627/|40 g|Die Krönung für deinen Salat! Bestreue ihn großzügig & würze dein Dressing damit. Schmeckt auch zu Gemüse, Suppen & Gratins sowie für Beilagen wie Reis & Nudeln. Verwende es auch für Dipsaucen.||Vor Wärme geschützt und trocken lagern.||||||||||||||||||||Non-Organic||||{'Lagerhinweis': 'Vor Wärme geschützt und trocken lagern.', 'manufacturer': 'Gourmet Berner GmbH & Co. KG', 'Herstelleradresse': 'Bruckwiesenstraße 1, 71384 Weinstadt', 'Inhalt': '40 g', 'Zutaten': 'Meersalz (80%), Dillspitzen, Petersilie, Schnittlauch, Liebstöckel, Rosmarin, Thymian', 'Produkttyp': 'Gewürze'}||||||||||||||0|0|2904627_1.png|https://static.mueller.de/pdzoom/4260546875432_PV.webp||||||||||||||||||||||Gourmet Berner GmbH & Co. KG||||||||||40 g|||False||2904627P|||||||||1
2904620|mueller||||||||2024-10-28|HYPOAllergenic Highlighter Stick|HYPOALLERGENIC||3.7|g|Home|Parfümerie|Make-up|Teint|Highlighter|HYPOAllergenic Highlighter Stick||5,99 €|5,99 €||||||||||||||EUR|Home> Parfümerie> Make-up> Teint> Highlighter> HYPOAllergenic Highlighter Stick|https://www.mueller.at/p/hypoallergenic-highlighter-stick-IPN2904620/|3.7 g|Der vegane Highlighter-Stick hinterlässt einen schönen, natürlich schimmernde Wet-Look-Effekt auf der Haut. Die Formel enthält Perlglanzpigmente, die den Teint zum Strahlen bringen und ihn leuchtend und frisch aussehen lassen. Die cremige, leichte Textur lässt sich perfekt mit anderen Produkten vermischen. Der abgerundete Stift ermöglicht ein einfaches Auftragen des Highlighters, ohne Streifen zu hinterlassen. Der Highlighter-Stick ist in der Farbe Radiant Glaze erhältlich. Das Produkt ist für Veganer:innen geeignet. PETA cruelty free zertifiziert. Geeignet für Personen mit empfindlicher, zu Allergien neigender Haut. Getestet unter der Aufsicht von Dermatologen:innen.||||||||||||||||||||||Non-Organic||||"{'consistency': 'Stift', 'target_group': 'Damen|Herren|Unisex', 'manufacturer': 'Bell-Dekorative Kosmetik Deutschland GmbH', 'Herstelleradresse': 'Brookstieg 4, 22145 Stapelfeld', 'Anwendungshinweis': 'Den Highlighter auf das ungepuderte Gesicht, den oberen Teil der Wangenknochen und Schläfen auftragen und mit den Fingern, dem Pinsel oder Schwamm verblenden. Um die Intensität des Glows zu erhöhen, den Vorgang wiederholen. Make-Up Artist Trick: Den Ultra Shiny Highlighter Stick auf die Schläfen und den oberen Teil der Wangenknochen auf die ungepuderte Foundation auftragen und gut verblenden. Für mehr Frische und etwas Farbe den Ultra Light Lip&Blush Stick auf die Lippen und den Wangenknochen geben. Um dem Gesicht mehr Kontur zu geben, den Ultra Bronze Contour Stick direkt unter dem Wangenknochen auftragen und gut verblenden.', 'package_contents': 'PPG-2 Myristyl Ether Propionate, Neopentyl Glycol Dicaprylate/Dicaprate, Phenyl Trimethicone, Cera Microcristallina (Microcrystalline Wax), Synthetic Fluorphlogopite, Mica, Aluminum Starch Octenylsuccinate, Diisostearyl Malate, Disteardimonium Hectorite, Silica, Propylene Carbonate, Glyceryl Caprylate, Tin Oxide, CI 77491 (Iron Oxides), CI 77891 (Titanium Dioxide)', 'Farbnummer': '01', 'Farbe': 'Radiant Glaze', 'skin_type': 'sensible Haut|alle Hauttypen', 'Inhalt': '3.7 g', 'scope_of_application': 'Wangen', 'Produktart': 'Highlighter', 'Produkttyp': 'Highlighter'}"||||||Radiant Glaze||||||||0|0|2904620_1.png|https://static.mueller.de/pdzoom/5902082564447.webp||||||||||||||||||||||Bell-Dekorative Kosmetik Deutschland GmbH||||||||||3.7 g|PPG-2 Myristyl Ether Propionate, Neopentyl Glycol Dicaprylate/Dicaprate, Phenyl Trimethicone, Cera Microcristallina (Microcrystalline Wax), Synthetic Fluorphlogopite, Mica, Aluminum Starch Octenylsuccinate, Diisostearyl Malate, Disteardimonium Hectorite, Silica, Propylene Carbonate, Glyceryl Caprylate, Tin Oxide, CI 77491 (Iron Oxides), CI 77891 (Titanium Dioxide)||True||2904620P|||||||||10
2904621|mueller||||||||2024-10-28|Gourmet Berner La Vitro Gewürzmischung Penne all Arrabbiata Freudemacher|GOURMET BERNER||22.6|g|Home|Drogerie|Lebensmittel|Nahrung|Gewürze|Gourmet Berner La Vitro Gewürzmischung Penne all Arrabbiata Freudemacher||7,95 €|7,95 €|||||||||||351,77 € / 1 kg|||EUR|Home> Drogerie> Lebensmittel> Nahrung> Gewürze> Gourmet Berner La Vitro Gewürzmischung Penne all Arrabbiata Freudemacher|https://www.mueller.at/p/gourmet-berner-la-vitro-gewuerzmischung-penne-all-arrabbiata-freudemacher-IPN2904621/|22.6 g|Italienische Mischung aus erlesenen Kräutern & Gewürzen. Ideal für Antipasti, Bruschetta, Pizza, Nudeln, Brot, Gemüse, Gratins & Suppen sowie zu Tomaten- & Hackfleischsaucen & zum Einlegen von Schafskäse.||Vor Wärme geschützt und trocken lagern.||||||||||||||||||||Non-Organic||||{'Lagerhinweis': 'Vor Wärme geschützt und trocken lagern.', 'manufacturer': 'Gourmet Berner GmbH & Co. KG', 'Herstelleradresse': 'Bruckwiesenstraße 1, 71384 Weinstadt', 'Inhalt': '22.6 g', 'Zutaten': 'Gemüsemischung (Knoblauch, Tomaten, Zwiebeln, Karotten), Chilis, Meersalz, Petersilie, Basilikum, Liebstöckel', 'Produkttyp': 'Gewürze'}||||||||||||||0|0|2904621_1.png|https://static.mueller.de/pdzoom/4260546875425_PV.webp||||||||||||||||||||||Gourmet Berner GmbH & Co. KG||||||||||22.6 g|||True||2904621P|||||||||10
2904622|mueller||||||||2024-10-28|HYPOAllergenic Contour Stick|HYPOALLERGENIC||3.4|g|Home|Drogerie|Pflege|Gesichtspflege|Make-up|Teint|HYPOAllergenic Contour Stick|5,99 €|5,99 €||||||||||||||EUR|Home> Drogerie> Pflege> Gesichtspflege> Make-up> Teint> HYPOAllergenic Contour Stick|https://www.mueller.at/p/hypoallergenic-contour-stick-IPN2904622/|3.4 g|Der vegane Bronzer-Stick eignet sich perfekt zum Konturieren des Gesichts mit leichtem Wet-Look-Effekt. Die cremige, samtige Textur des Produkts sorgt für einen natürlichen Make-Up-Effekt und die universelle Farbe passt perfekt zu jedem Hautton. Auf die ungepuderte Foundation aufgetragen, lässt sich der Bronzer perfekt mit anderen Produkten kombinieren. Der abgerundete Stift ermöglicht ein einfaches, streifenfreies Auftragen. Der Contouring-Stick ist in der Farbe Classic Bronze erhältlich. Das Produkt ist für Veganer:innen geeignet. PETA cruelty free zertifiziert. Geeignet für Personen mit empfindlicher, zu Allergien neigender Haut. Getestet unter der Aufsicht von Dermatologen:innen.||||||||||||||||||||||Non-Organic||||"{'consistency': 'Stift', 'target_group': 'Damen|Herren|Unisex', 'manufacturer': 'Bell-Dekorative Kosmetik Deutschland GmbH', 'Herstelleradresse': 'Brookstieg 4, 22145 Stapelfeld', 'Anwendungshinweis': 'Den Bronzer auf das ungepuderte Gesicht direkt unterhalb des Wangenknochens auftragen und mit den Fingern, einem Pinsel oder Schwamm nach oben hin verblenden. Make-Up Artist Trick: Den Ultra Bronze Contour Stick knapp unterhalb der Wangenknochen auf die ungepuderte Foundation auftragen und gut verblenden. Für mehr Frische und Farbe den Ultra Light Lip&Blush Stick auf die Lippen und den Wangenknochen geben. Für mehr Glow den Ultra Shiny Highlighter Stick auf die Schläfen und den oberen Teil der Wangenknochen auftragen.', 'package_contents': 'PPG-2 Myristyl Ether Propionate, Neopentyl Glycol Dicaprylate/Dicaprate, Phenyl Trimethicone, Cera Microcristallina (Microcrystalline Wax), Synthetic Fluorphlogopite, Titanium Dioxide (nano), Aluminum Starch Octenylsuccinate, Diisostearyl Malate, Disteardimonium Hectorite, Mica, Aluminum Hydroxide, Hydrogen Dimethicone, Propylene Carbonate, Glyceryl Caprylate, CI 77491, CI 77492, CI 77499 (Iron Oxides), CI 77891 (Titanium Dioxide)', 'Farbnummer': '01', 'Farbe': 'Classic Bronze', 'skin_type': 'sensible Haut|alle Hauttypen', 'Inhalt': '3.4 g', 'scope_of_application': 'Gesicht', 'Produktart': 'Grundierung', 'Produkttyp': 'Bronzing'}"||||||Classic Bronze||||||||0|0|2904622_1.png|https://static.mueller.de/pdzoom/5902082564430.webp||||||||||||||||||||||Bell-Dekorative Kosmetik Deutschland GmbH||||||||||3.4 g|PPG-2 Myristyl Ether Propionate, Neopentyl Glycol Dicaprylate/Dicaprate, Phenyl Trimethicone, Cera Microcristallina (Microcrystalline Wax), Synthetic Fluorphlogopite, Titanium Dioxide (nano), Aluminum Starch Octenylsuccinate, Diisostearyl Malate, Disteardimonium Hectorite, Mica, Aluminum Hydroxide, Hydrogen Dimethicone, Propylene Carbonate, Glyceryl Caprylate, CI 77491, CI 77492, CI 77499 (Iron Oxides), CI 77891 (Titanium Dioxide)||True||2904622P|||||||||10
442583|mueller||||||||2024-10-28|BRIO Bahn - Ampel|BRIO||1|Stk.|Home|Spielwaren|Baby & Kleinkind|Kleinkindspielzeug|BRIO Bahn - Ampel|||9,99 €|9,99 €||||||||||||||EUR|Home> Spielwaren> Baby & Kleinkind> Kleinkindspielzeug> BRIO Bahn - Ampel|https://www.mueller.at/p/brio-bahn-ampel-442583/|1 Stk.|Bahn - AmpelMit dem oberen Knopf wird  die Ampel aktiviert. Das Signal schaltet von Rot über Gelb auf Grün. Ein unverzichtbares Zubehör für die BRIO Bahn.||||||||3 Jahre||||||||||||||Non-Organic||||{'scope_of_delivery': '1 Stück', 'target_group': 'Kleinkinder', 'Artikelnummer des Herstellers': '33743', 'license': 'BRIO Gebäude', 'Altersempfehlung ab': '3 Jahre', 'Altersempfehlung bis': '10 Jahre', 'Materialdetails': 'Holz (Hauptsächlich)', 'Inhalt': '1 Stk.', 'Produkttyp': 'Kindergarten'}||||||||Holz (Hauptsächlich)||||||5.0|1|442583_1.png|https://static.mueller.de/509321427-PV-0/pdzoom/brio-bahn-ampel.webp|442583_2.png|https://static.mueller.de/509321427-PB-1/pdzoom/brio-bahn-ampel.webp|442583_3.png|https://static.mueller.de/509321427-PB-2/pdzoom/brio-bahn-ampel.webp||||||||||||||||||33743||||||||||1 Stk.|||False||442583P|||||||||1
2062943|mueller||||||||2024-10-28|Alnatura Bio Edition Merlot Italien|||750|ml|Home|Naturshop|Lebensmittel|Getränke|Wein|Alnatura Bio Edition Merlot Italien||3,99 €|3,99 €|||||||||||5,32 € / 1 l|||EUR|Home> Naturshop> Lebensmittel> Getränke> Wein> Alnatura Bio Edition Merlot Italien|https://www.mueller.at/p/alnatura-bio-edition-merlot-italien-2062943/|750 ml|Halbtrockener italienischer Bio-Rotwein in Demeter-Qualität – rund, weich und gefällig. Der vegan ausgebaute Wein bringt ein Bukett von Kirschen ins Glas. Bio-Qualität (Demeter),halbtrockener Rotwein aus Italien,Rebsorte Merlot,runder, weicher und gefälliger Wein mit einem Bukett von Kirschen,vegan||||||||||||||||||||||Organic||||"{'Weinfarbe': 'rot', 'Geschmack': 'halbtrocken', 'vintage': '2022', 'manufacturer': 'D-BW B 3812', 'Herstelleradresse': 'D-78315 Radolfzell', 'Kontaktmöglichkeit': 'www.alnatura.de', 'Öko-Kontrollstelle': 'DE-ÖKO-001', 'Inhalt': '750 ml', 'Bio': 'Ja', 'Eigenschaften': 'vegetarisch gemaeß Rezeptur|vegan laut Zutaten', 'Lebensmittel Alkoholgehalt': '13 %', 'Zutaten': 'Enthält Sulfite', 'Geschmackstyp': 'MEDIUM_DRY'}"|||||||||||halbtrocken|||0|0|2062943_1.png|https://static.mueller.de/markant_04104420184954_pv_4575977/pdzoom/alnatura-bio-edition-merlot-italien.webp||||||||||||||||||||||D-BW B 3812||||||['\n          13 %']||||750 ml|||True||2062943P|||||||||6
2904624|mueller||||||||2024-10-28|HYPOAllergenic Lip & Blush Stick|HYPOALLERGENIC||3.8|g|Home|Drogerie|Pflege|Gesichtspflege|Make-up|Teint|HYPOAllergenic Lip & Blush Stick|5,99 €|5,99 €||||||||||||||EUR|Home> Drogerie> Pflege> Gesichtspflege> Make-up> Teint> HYPOAllergenic Lip & Blush Stick|https://www.mueller.at/p/hypoallergenic-lip-blush-stick-IPN2904624/|3.8 g|Der vegane, vielseitig einsetzbare Rouge-Stift ermöglicht ein subtiles Hervorheben der Lippen und einen Wet-Look-Effekt auf den Wangen. Die cremige, leichte Textur lässt sich perfekt verteilen und hinterlässt beim Auftragen auf die ungepuderte Foundation einen natürlich wirkenden Rouge-Effekt. Das Rouge verschmilzt perfekt mit dem Teint und verleiht den Lippen eine frische Farbe. Die Formel enthält Rizinusöl, das für eine optisch glatte Haut und einen strahlenden Teint sorgt. Der Rouge-Stick ist in der Farbe Misty Blossom erhältlich. Das Produkt ist für Veganer:innen geeignet. PETA cruelty free zertifiziert. Geeignet für Personen mit empfindlicher, zu Allergien neigender Haut. Getestet unter der Aufsicht von Dermatologen:innen.||||||||||||||||||||||Non-Organic||||"{'consistency': 'Stift', 'target_group': 'Damen|Herren|Unisex', 'manufacturer': 'Bell-Dekorative Kosmetik Deutschland GmbH', 'Herstelleradresse': 'Brookstieg 4, 22145 Stapelfeld', 'Anwendungshinweis': 'Direkt auf die Lippen und Wangen auftragen und mit den Fingern, einem Pinsel oder Schwämmchen gut verblenden. Den Vorgang wiederholen, um die Farbe zu intensivieren. Rouge nicht auf das gepuderte Gesicht auftragen. Make-Up-Artist: Tragen Sie den Ultra Light Lip&Blush Stick auf die Lippen und über die ungepuderte Foundation auf die Wangenknochen auf. Für mehr Kontur den Ultra Bronze Contour Stick direkt unter die Wangenknochen geben und gut verblenden. Für mehr Glow den Ultra Shiny Highlighter Stick auf die Schläfen und oberhalb der Wangenknochen auftragen.', 'package_contents': 'Ricinus Communis (Castor) Seed Oil, Isononyl Isononanoate, Cera Microcristallina (Microcrystalline Wax), Synthetic Fluorphlogopite, Caprylic/Capric Triglyceride, VP/Hexadecene Copolymer, Neopentyl Glycol Dicaprylate/Dicaprate, Ethylhexyl Palmitate, Candelilla Cera (Euphorbia Cerifera (Candelilla) Wax), Copernicia Cerifera Cera (Copernicia Cerifera (Carnauba) Wax), Octyldodecanol, Octyldodecyl Stearate, Parfum (Fragrance), Isopropyl Palmitate, Glyceryl Caprylate, Aluminum Hydroxide, BHT, CI 15850 (Red 6 Lake, Red 7 Lake), CI 77491, CI 77492, CI 77499 (Iron Oxides), CI 77891 (Titanium Dioxide)', 'Farbnummer': '01', 'Farbe': 'Misty Blossom', 'skin_type': 'sensible Haut|alle Hauttypen', 'Inhalt': '3.8 g', 'scope_of_application': 'Wangen', 'Produktart': 'Rouge', 'Produkttyp': 'Rouge'}"||||||Misty Blossom||||||||4.0|1|2904624_1.png|https://static.mueller.de/pdzoom/5902082564423.webp||||||||||||||||||||||Bell-Dekorative Kosmetik Deutschland GmbH||||||||||3.8 g|Ricinus Communis (Castor) Seed Oil, Isononyl Isononanoate, Cera Microcristallina (Microcrystalline Wax), Synthetic Fluorphlogopite, Caprylic/Capric Triglyceride, VP/Hexadecene Copolymer, Neopentyl Glycol Dicaprylate/Dicaprate, Ethylhexyl Palmitate, Candelilla Cera (Euphorbia Cerifera (Candelilla) Wax), Copernicia Cerifera Cera (Copernicia Cerifera (Carnauba) Wax), Octyldodecanol, Octyldodecyl Stearate, Parfum (Fragrance), Isopropyl Palmitate, Glyceryl Caprylate, Aluminum Hydroxide, BHT, CI 15850 (Red 6 Lake, Red 7 Lake), CI 77491, CI 77492, CI 77499 (Iron Oxides), CI 77891 (Titanium Dioxide)||True||2904624P|||||||||10
2062939|mueller||||||||2024-10-28|Alnatura Bio Edition Monastrell|ALNATURA||750|ml|Home|Naturshop|Lebensmittel|Getränke|Wein|Alnatura Bio Edition Monastrell||2,99 €|2,99 €|||||||||||3,99 € / 1 l|||EUR|Home> Naturshop> Lebensmittel> Getränke> Wein> Alnatura Bio Edition Monastrell|https://www.mueller.at/p/alnatura-bio-edition-monastrell-2062939/|750 ml|Ein trockener und veganer Bio-Rotwein. Der Monastrell aus der südspanischen Region Alicante ist kräftig, charaktervoll und bringt Kirsch- und Schokoladenaromen ins Glas. trockener Rotwein aus Spanien (Denominación de Origen Alicante)kräftig und charaktervoll, mit Kirsch- und SchokoladenaromenveganBio-Qualität||||||||||||||||||||||Organic||||"{'Geschmack': 'trocken', 'vintage': '2022', 'Weinfarbe': 'rot', 'manufacturer': 'D-BW B 3812', 'Herstelleradresse': 'DE-78315 Radolfzell', 'Kontaktmöglichkeit': 'www.alnatura.de', 'Öko-Kontrollstelle': 'DE-ÖKO-001', 'Inhalt': '750 ml', 'Bio': 'Ja', 'Eigenschaften': 'vegetarisch gemaeß Rezeptur|vegan laut Zutaten', 'Lebensmittel Alkoholgehalt': '14 %', 'Zutaten': 'Enthält Sulfite,Contient des sulfites', 'Geschmackstyp': 'DRY'}"|||||||||||trocken|||5.0|1|2062939_1.png|https://static.mueller.de/markant_04104420185159_pv_4072640/pdzoom/alnatura-bio-edition-monastrell.webp||||||||||||||||||||||D-BW B 3812||||||['\n          14 %']||||750 ml|||True||2062939P|||||||||6
36983|mueller||||||||2024-10-28|funny-frisch Chipsfrisch Ungarisch|FUNNY-FRISCH||150|g|Home|Drogerie|Lebensmittel|Salzige Snacks|funny-frisch Chipsfrisch Ungarisch|||2,49 €|2,49 €|||||||||||16,60 € / 1 kg|||EUR|Home> Drogerie> Lebensmittel> Salzige Snacks> funny-frisch Chipsfrisch Ungarisch|https://www.mueller.at/p/funny-frisch-chipsfrisch-ungarisch-36983/|150 g|Sind es die 2.000 Sonnenstunden pro Jahr, die der ungarischen Paprika so einen einzigartigen Geschmack verleihen? Oder ist es die Liebe und Erfahrung, mit der wir unsere unvergleichliche Würze herstellen? Eins ist sicher: Nur Chipsfrisch schmecken wie Chipsfrisch – einfach so lecker!||Trocken lagern und vor Sonnenlicht schützen.||||Enhält GERSTE.|||||{'Nährwerte je': '100g', 'Brennwert': '2209 kj / 530 kcal', 'Fett in g': '33', '- davon gesättigte Fettsäuren in g': '3', 'Kohlenhydrate in g': '49', '- davon Zucker in g': '2,5', 'Eiweiß in g': '6,1', 'Salz in g': '1,6'}|||||||||||Non-Organic||||"{'Lagerhinweis': 'Trocken lagern und vor Sonnenlicht schützen.', 'target_group': 'Damen|Herren|Unisex', 'manufacturer': 'Intersnack Deutschland SE', 'Herstelleradresse': 'Grevenbroicher Str. 98\n41516 Grevenbroich, Wevelinghoven', 'Kontaktmöglichkeit': 'info@intersnack.de', 'Allergenhinweis': 'Enhält GERSTE.', 'Inhalt': '150 g', 'Eigenschaften': 'Glutenfrei|vegetarisch gemaeß Rezeptur', 'Zutaten': 'Kartoffeln, Sonnenblumenöl, Aroma, Speisesalz, Hefeextrakt (enthält GERSTE), Paprikapulver, Zucker, Zwiebelpulver, Knoblauchpulver, Farbstoff (Paprikaextrakt), Raucharoma, Gewürzextrakte.', 'Produkttyp': 'Chips'}"||||||||||||||0|0|36983_1.png|https://static.mueller.de/7006420200-PV-0/pdzoom/funny-frisch-chipsfrisch-ungarisch.webp||||||||||||||||||||||Intersnack Deutschland SE||||||||||150 g|||True||36983P|||||||||10
2904619|mueller||||||||2024-10-28|HYPOAllergenic Mascara Ultra Volume|HYPOALLERGENIC||8|g|Home|Parfümerie|Make-up|Augen|Mascara|HYPOAllergenic Mascara Ultra Volume||7,49 €|7,49 €||||||||||||||EUR|Home> Parfümerie> Make-up> Augen> Mascara> HYPOAllergenic Mascara Ultra Volume|https://www.mueller.at/p/hypoallergenic-mascara-ultra-volume-IPN2904619/|8 g|Die intensive schwarze, vegane Mascara verleiht dem Look Definition, voluminöse Wimpern, und verdichtet und verlängert sie bis zum Maximum. Die Formel enthält Jojobasamenöl, um die Wimpern zu nähren, sowie veganes Kollagen, um ihren Zustand zu verbessern. Olivenöl macht die Wimpern flexibler und Panthenol spendet ihnen Feuchtigkeit. Die präzise Silikonbürste trennt die Wimpern perfekt und ermöglicht es, selbst die kürzesten Härchen zu tuschen. Das Produkt ist für Veganer:innen geeignet und entspricht unserem Clean Beauty-Ansatz. Enthält 93 % Inhaltsstoffe natürlichen Ursprungs. PETA cruelty free-zertifiziert. Getestet unter der Aufsicht von Dermatologen:innen und Augenärzten:innen. Geeignet für Personen mit empfindlichen Augen und Kontaktlinsenträger:innen.||||||||||||||||||||||Non-Organic||||"{'consistency': 'Creme', 'Effekt': 'Volumen|verdichtend|verlängernd', 'target_group': 'Damen|Herren|Unisex', 'manufacturer': 'Bell-Dekorative Kosmetik Deutschland GmbH', 'Herstelleradresse': 'Brookstieg 4, 22145 Stapelfeld', 'Anwendungshinweis': 'Mit der Bürste in Zick-Zack-Bewegungen vom Ansatz bis in die Spitzen auftragen. Für einen intensiveren Effekt, den Vorgang wiederholen.', 'package_contents': 'Aqua (Water), Hydrogenated Olive Oil, Bis-Diglyceryl Polyacyladipate-2, Myrica Pubescens Fruit Cera (Myrica Pubescens Fruit Wax), Olea Europaea (Olive) Fruit Oil, Copernicia Cerifera Cera (Copernicia Cerifera (Carnauba) Wax), Glycerin, Oryza Sativa Cera (Oryza Sativa (Rice) Bran Wax), Polyurethane-34, Stearic Acid, Palmitic Acid, Glyceryl Stearate, Shorea Robusta Resin, Cocoyl Hydrolyzed Collagen, Simmondsia Chinensis (Jojoba) Seed Oil, VP/Eicosene Copolymer, Helianthus Annuus (Sunflower) Seed Oil, Caprylyl Glycol, Hydroxyethylcellulose, Olea Europaea (Olive) Oil Unsaponifiables, Aminomethyl Propanol, Panthenol, Xanthan Gum, Hexylene Glycol, Methylpropanediol, Tocopherol, Phenylpropanol, Pentaerythrityl Tetra-di-t-butyl Hydroxyhydrocinnamate, Phenoxyethanol, CI 77499 (Iron Oxides)', 'Farbnummer': '01', 'Farbe': 'Schwarz', 'Inhalt': '8 g', 'scope_of_application': 'Augen', 'Produkttyp': 'Wimperntusche'}"||||||Schwarz||||||||0|0|2904619_1.png|https://static.mueller.de/pdzoom/5902082564478.webp|2904619_2.png|https://static.mueller.de/pdzoom/5902082564478_1.webp||||||||||||||||||||Bell-Dekorative Kosmetik Deutschland GmbH||||||||||8 g|Aqua (Water), Hydrogenated Olive Oil, Bis-Diglyceryl Polyacyladipate-2, Myrica Pubescens Fruit Cera (Myrica Pubescens Fruit Wax), Olea Europaea (Olive) Fruit Oil, Copernicia Cerifera Cera (Copernicia Cerifera (Carnauba) Wax), Glycerin, Oryza Sativa Cera (Oryza Sativa (Rice) Bran Wax), Polyurethane-34, Stearic Acid, Palmitic Acid, Glyceryl Stearate, Shorea Robusta Resin, Cocoyl Hydrolyzed Collagen, Simmondsia Chinensis (Jojoba) Seed Oil, VP/Eicosene Copolymer, Helianthus Annuus (Sunflower) Seed Oil, Caprylyl Glycol, Hydroxyethylcellulose, Olea Europaea (Olive) Oil Unsaponifiables, Aminomethyl Propanol, Panthenol, Xanthan Gum, Hexylene Glycol, Methylpropanediol, Tocopherol, Phenylpropanol, Pentaerythrityl Tetra-di-t-butyl Hydroxyhydrocinnamate, Phenoxyethanol, CI 77499 (Iron Oxides)||True||2904619P|||||||||10
71368|mueller||||||||2024-10-28|Clinique Just browsing brush-on styling mousse|CLINIQUE||2|ml|Home|Parfümerie|Make-up|Augen|Augenbrauenfarbe|Clinique Just browsing brush-on styling mousse||28,95 €|28,95 €||||||||||||||EUR|Home> Parfümerie> Make-up> Augen> Augenbrauenfarbe> Clinique Just browsing brush-on styling mousse|https://www.mueller.at/p/clinique-just-browsing-brush-on-styling-mousse-5565190340/|2 ml|"Das richtige Augenbrauen-Styling ist nicht nur absoluter Trend, sondern ein Must-Have für ein perfektes Augen Makeup. Das Brow Gell verleiht den Brauenbogen ein natürliches Aussehen. Die Brauen werden mit dem Mini-Applikator optimal definiert. 
24-Stunden dichte Brauen in 4 unterschiedlichen Farbtönen. Das neue Brow Gel füllt selbst die feinsten Brauen auf. 
Es ist schweiß- und wischfest. Augenärtzlich getestet.100% parfumfrei ."||||||||||||||||||||||Non-Organic||||{'Augenärztlich getestet': 'Ja', 'consistency': 'Gel', 'target_group': 'Damen', 'manufacturer': 'Estée Lauder Companies', 'Herstelleradresse': 'Domagkstr. 10, 80807 München', 'Kontaktmöglichkeit': 'kundenservice@clinique.com', 'Anwendungshinweis': 'Mit kurzen Streichbewegungen mit dem Applikator über in Haarwuchsrichtung streichen. Fahren Sie zunächst den natürlichen Brauenbogen nach. Verwenden Sie die Spitze des Applikators, um eventuelle Lücken zu füllen. Mit dem Bürstchen können die Brauen noch in die gewünschte Form gebracht werden.', 'package_contents': 'Die verbindliche Angabe der Inhaltsstoffe entnehmen Sie bitte der Verpackung des Produktes.', 'Farbnummer': '02', 'Farbe': 'Soft Brown', 'Inhalt': '2 ml', 'scope_of_application': 'Augen', 'Produkttyp': 'Augenbrauenfarbe'}||||||Soft Brown||||||||0|0|71368_1.png|https://static.mueller.de/5549577787-PV-0/pdzoom/clinique-just-browsing-brush-on-styling-mousse.webp||||||||||||||||||||||Estée Lauder Companies||||||||||2 ml|Die verbindliche Angabe der Inhaltsstoffe entnehmen Sie bitte der Verpackung des Produktes.||True||71368P|||||||||3
2904614|mueller||||||||2024-10-28|Gourmet Berner Knoblauch Chili Dip Bester Papa|GOURMET BERNER||22.8|g|Home|Drogerie|Lebensmittel|Nahrung|Gewürze|Gourmet Berner Knoblauch Chili Dip Bester Papa||7,95 €|7,95 €|||||||||||348,68 € / 1 kg|||EUR|Home> Drogerie> Lebensmittel> Nahrung> Gewürze> Gourmet Berner Knoblauch Chili Dip Bester Papa|https://www.mueller.at/p/gourmet-berner-knoblauch-chili-dip-bester-papa-IPN2904614/|22.8 g|Gourmet Berner Knoblauch Chili Dip Bester Papa||Vor Wärme geschützt und trocken lagern.||||||||||||||||||||Non-Organic||||{'Lagerhinweis': 'Vor Wärme geschützt und trocken lagern.', 'manufacturer': 'Gourmet Berner GmbH', 'Herstelleradresse': 'Bruckwiesenstraße 1, 71384 Weinstadt', 'Inhalt': '22.8 g', 'Zutaten': 'Zwiebeln, Knoblauch (23%), Chili (18%), Meersalz, Petersilie, Koriander, Basilikum, Dillspitzen, Thymian', 'Produkttyp': 'Gewürze'}||||||||||||||0|0|2904614_1.png|https://static.mueller.de/pdzoom/4260546875418_PV.webp||||||||||||||||||||||Gourmet Berner GmbH||||||||||22.8 g|||False||2904614P|||||||||1
2654911|mueller||||||||2024-10-28|LEONARDO Solifleur Vase Novara klar 19 cm|LEONARDO||1|Stk.|Home|Haushalt|Wohnen & Dekorieren|Vasen & Schalen|LEONARDO Solifleur Vase Novara klar 19 cm|||29,95 €|29,95 €||||||||||||||EUR|Home> Haushalt> Wohnen & Dekorieren> Vasen & Schalen> LEONARDO Solifleur Vase Novara klar 19 cm|https://www.mueller.at/p/leonardo-solifleur-vase-novara-klar-19-cm-2654911/|1 Stk.|LEONARDO Solifleur Vase Novara in klarer Optik, aus Kalk-Natron Glas Maße (HxBxT in cm): 19 x 15 x 15||||||||||||||||||||||Non-Organic||||{'manufacturer': 'glaskoch B. Koch jr. GmbH + Co. KG', 'Herstelleradresse': 'Industriestr. 23, 33014 Bad Driburg', 'Kontaktmöglichkeit': 'service@glaskoch.com', 'Höhe': '19 cm', 'Breite': '15 cm', 'Tiefe': '15 cm', 'Durchmesser': '15 cm', 'Inhalt': '1 Stk.'}||||||||||||||0|0|2654911_1.png|https://static.mueller.de/6842557167-PV-0/pdzoom/leonardo-solifleur-vase-novara-klar-19-cm.webp|2654911_2.png|https://static.mueller.de/6842557167-PB-1/pdzoom/leonardo-solifleur-vase-novara-klar-19-cm.webp|2654911_3.png|https://static.mueller.de/6842557167-PB-2/pdzoom/leonardo-solifleur-vase-novara-klar-19-cm.webp||||||||||||||||||glaskoch B. Koch jr. GmbH + Co. KG||||||||||1 Stk.|||True||2654911P|||||||||10
2351483|mueller||||||||2024-10-28|rayher Rocailles 3mm ø Anthrazit|RAYHER||200|Stk.|Home|Schreibwaren|Bastelbedarf|Bastelsets|rayher Rocailles 3mm ø Anthrazit|||3,99 €|3,99 €|||||||||||2,00 € / 100 Stk.|||EUR|Home> Schreibwaren> Bastelbedarf> Bastelsets> rayher Rocailles 3mm ø Anthrazit|https://www.mueller.at/p/rayher-rocailles-3mm-anthrazit-IPN2351483/|200 Stk.|"Rocailles in der gewohnt hochwertigen Qualität, aber in neuen Farben mit mattem Schimmer, machen Lust auf neue Schmuckkreationen. Hol sie dir und los geht’s.
Die Rocailles mit ihren matten samtig schimmernden Farben ermuntern jeden Schmuckbastler zu neuen Kreationen. Am besten machst du dir gleich ein ganzes Set davon. Doch auch um Kleidung oder Handtasche damit aufzupeppen sind sie geeignet. Nähe sie einfach auf und fertig ist ein Unikat.
Die gleichmäßigen Glasperlen zeichnen sich aus durch:
Hohe Abriebsfestigkeit - Hohe Schweißfestigkeit - Hohe Resistenz gegen Parfüm - Handwäsche bei 30 Grad."||||||||||||||||||||||Non-Organic||||{'scope_of_delivery': 'Dose 200 Stück', 'manufacturer': 'Rayher Hobby GmbH', 'Herstelleradresse': 'Fockestr. 15 ,88471 Laupheim', 'Artikelnummer des Herstellers': '14841572', 'Inhalt': '200 Stk.', 'Produkttyp': 'Sonstiges'}||||||||||||||0|0|2351483_1.png|https://static.mueller.de/pdzoom/4006166292576.webp|2351483_2.png|https://static.mueller.de/pdzoom/4006166292576_2.webp||||||||||||||||||||Rayher Hobby GmbH||||||||||200 Stk.|||False||2351483P|||||||||1
2904605|mueller||||||||2024-10-28|Cabrio Regenschirm|CABRIO||1|Stk.|Home|Drogerie|Accessoires|Regenschutz|Regenschirme|Cabrio Regenschirm||9,99 €|9,99 €||||||||||||||EUR|Home> Drogerie> Accessoires> Regenschutz> Regenschirme> Cabrio Regenschirm|https://www.mueller.at/p/cabrio-regenschirm-IPN2904605/|1 Stk.|Damen Supermini, Raindrops||||||||||||||||||||||Non-Organic||||{'manufacturer': 'Dr. Neuser Import GmbH', 'Herstelleradresse': 'Ditthornstraße 28, 93055 Regensburg', 'Materialdetails': '100% Polyester', 'Material': 'Polyester', 'Farbe': 'blau', 'Inhalt': '1 Stk.', 'Produkttyp': 'Taschenschirme'}||||||blau||100% Polyester||||||0|0|2904605_1.png|https://static.mueller.de/pdzoom/4004259000657.webp||||||||||||||||||||||Dr. Neuser Import GmbH||||||||||1 Stk.|||True||2904605P|||||||||10
2023389|mueller||||||||2024-10-28|Metal Resistance|||1|Stk.|Home|Multi-Media|Musik|Heavy Metal|Metal Resistance|||5,99 €|5,99 €||||||||||||||EUR|Home> Multi-Media> Musik> Heavy Metal> Metal Resistance|https://www.mueller.at/p/metal-resistance-IPN2023389/|1 Stk.|||||||||||||||||||||||Non-Organic||||{'medium': 'CD', 'Künstler': 'Babymetal', 'Inhalt': '1 Stk.', 'Anzahl Medien im Artikel': '1', 'genre': 'Metal', 'Label': 'EARMUSIC'}||||||||||||||0|0|2023389_1.png|https://static.mueller.de/pdzoom/phononet_4029759109235_pv_4029759109235-0600px-001.webp|2023389_2.png|https://static.mueller.de/pdzoom/phononet_4029759109235_pr_4029759109235-0600px-002.webp||||||||||||||||||||||||||||||1 Stk.|||True||2023389P|||||||||5
2062912|mueller||||||||2024-10-28|Kögler - Seifenblasenpistole Fishy, Fisch, mit Licht und Geräusch, 2-fach sortiert|KOEGLER||40|ml|Home|Spielwaren|Kostüme & Partyartikel|Trends|Kögler - Seifenblasenpistole Fishy, Fisch, mit Licht und Geräusch, 2-fach sortiert|||9,99 €|9,99 €|||||||||||249,75 € / 1 l|||EUR|Home> Spielwaren> Kostüme & Partyartikel> Trends> Kögler - Seifenblasenpistole Fishy, Fisch, mit Licht und Geräusch, 2-fach sortiert|https://www.mueller.at/p/koegler-seifenblasenpistole-fishy-fisch-mit-licht-und-geraeusch-2-fach-sortiert-2062912/|40 ml|"Seifenblasenpistole Fisch. Mit Licht und Geräusch. ca. 40ml Seifenblasenflüssigkeit. Gelb und blau sortiert.
Diese Pistole macht nicht nur kontinuierlich Seifenblasen, sondern hat noch ein sehr witziges Design. Drückt man den Abzug, ertönt das Geräusch von Blasen. Außerdem leuchtet eine LED im Mund. Die Seifenblasen erstrahlen in bunten Farben.
Eine Kugel im Zulauf für die Flüssigkeit verhindert, dass die Seifenblasenflüssigkeit ausläuft, wenn die Pistole gekippt werden sollte.
Batterien: 3 x AA 1,5V Batterien (nicht inklusive)
Material: PS, ABS und PP.
Maße: 16,5x6,5x17,5cm"||||||||4 Jahre||||||||||||||Non-Organic||||"{'particularities': 'Achtung: diesen Artikel gibt es in verschiedenen Farben. Sie erhalten nur 1 Artikel (zufällige Auswahl im Lager). Eine Vorauswahl ist nicht möglich.', 'target_group': 'Kindergartenkinder|Grundschüler', 'manufacturer': 'Winfried Kögler GmbH', 'Herstelleradresse': 'Andreas - Stihl - Str. 15 71336 Waiblingen', 'Kontaktmöglichkeit': 'http://www.koegler-gmbh.de/', 'Artikelnummer des Herstellers': '50183', 'license': 'Koegler', 'Altersempfehlung ab': '4 Jahre', 'Inhalt': '40 ml', 'Produkttyp': 'Verlosungsartikel'}"||||||||||||||1.0|1|2062912_1.png|https://static.mueller.de/5769619394-PV-0/pdzoom/koegler-seifenblasenpistole-fishy-fisch-mit-licht-und-geraeusch-2-fach-sortiert.webp|2062912_2.png|https://static.mueller.de/5769619394-PB-1/pdzoom/koegler-seifenblasenpistole-fishy-fisch-mit-licht-und-geraeusch-2-fach-sortiert.webp|2062912_3.png|https://static.mueller.de/5769619394-PB-2/pdzoom/koegler-seifenblasenpistole-fishy-fisch-mit-licht-und-geraeusch-2-fach-sortiert.webp||||||||||||||||||Winfried Kögler GmbH||||||||||40 ml|||False||2062912P|||||||||1
2062913|mueller||||||||2024-10-28|Kögler - Anti-Gravity Balloon, Blasenball, mit Aufblasröhrchen, 50cm, sortiert|KOEGLER||1|Stk.|Home|Spielwaren|Kostüme & Partyartikel|Trends|Kögler - Anti-Gravity Balloon, Blasenball, mit Aufblasröhrchen, 50cm, sortiert|||3,99 €|3,99 €||||||||||||||EUR|Home> Spielwaren> Kostüme & Partyartikel> Trends> Kögler - Anti-Gravity Balloon, Blasenball, mit Aufblasröhrchen, 50cm, sortiert|https://www.mueller.at/p/koegler-anti-gravity-balloon-blasenball-mit-aufblasroehrchen-50cm-sortiert-2062913/|1 Stk.|"Gummiball zum Aufblasen mit Gummischnur. Mit Aufblasröhrchen. Den Gummiball gibt es in 6 verschiedenen Farben (zufällige Auswahl im Lager
Lustiger Ball zum Aufblasen. Der 6cm Ball lässt sich auf bis zu 50cm aufblasen. Kicken, werfen, schlagen. Ob zu zweit oder alleine. Mit diesem Ball vergeht die Langweile wie im Flug.
Das spitze Aufblasröhrchen wird in die Öffnung des Balls gesteckt, bis ein Loch entsteht. Ball kräftig aufblasen. Entfernt man das Röhrchen wieder, verschließt sich die Öffnung im Ball.
Material: Thermoplasticher Gummi."||||||||3 Jahre||||||||||||||Non-Organic||||"{'particularities': 'Achtung: diesen Artikel gibt es in verschiedenen Farben. Sie erhalten nur 1 Artikel (zufällige Auswahl im Lager). Eine Vorauswahl ist nicht möglich.', 'target_group': 'Kindergartenkinder|Grundschüler|Jugendliche|Erwachsene', 'manufacturer': 'Winfried Kögler GmbH', 'Herstelleradresse': 'Andreas - Stihl - Str. 15 71336 Waiblingen', 'Kontaktmöglichkeit': 'http://www.koegler-gmbh.de/', 'Artikelnummer des Herstellers': '46000', 'Altersempfehlung ab': '3 Jahre', 'Inhalt': '1 Stk.', 'Produkttyp': 'Verlosungsartikel'}"||||||||||||||4.0|1|2062913_1.png|https://static.mueller.de/5805876938-PV-0/pdzoom/koegler-anti-gravity-balloon-blasenball-mit-aufblasroehrchen-50cm-sortiert.webp|2062913_2.png|https://static.mueller.de/5805876938-PB-1/pdzoom/koegler-anti-gravity-balloon-blasenball-mit-aufblasroehrchen-50cm-sortiert.webp|2062913_3.png|https://static.mueller.de/5805876938-PB-2/pdzoom/koegler-anti-gravity-balloon-blasenball-mit-aufblasroehrchen-50cm-sortiert.webp||||||||||||||||||Winfried Kögler GmbH||||||||||1 Stk.|||True||2062913P|||||||||10
2640303|mueller||||||||2024-10-28|herlitz my.pen Kugelschreiber-Gelschreiber weiss/schwarz|HERLITZ||1|Stk.|Home|Schreibwaren|Schreibgeräte|Kugelschreiber|herlitz my.pen  Kugelschreiber-Gelschreiber weiss/schwarz|||4,29 €|4,29 €||||||||||||||EUR|Home> Schreibwaren> Schreibgeräte> Kugelschreiber> herlitz my.pen  Kugelschreiber-Gelschreiber weiss/schwarz|https://www.mueller.at/p/herlitz-my-pen-kugelschreiber-gelschreiber-weiss-schwarz-2640303/|1 Stk.|Kugelschreiber mit Kunststoff-Schaft mit ergonomischer Gummigriffzone. Formschöner Metallclip. Besonders weiche und langlebige Mine in Schreibfarbe blau.||||||||||||||||||||||Non-Organic||||{'Inhalt': '1 Stk.', 'Produkttyp': 'Kugelschreiber'}||||||||||||||0|0|2640303_1.png|https://static.mueller.de/6796289673-PV-0/pdzoom/herlitz-my-pen-kugelschreiber-gelschreiber-weiss-schwarz.webp||||||||||||||||||||||||||||||||1 Stk.|||True||2640303P|||||||||10
2062909|mueller||||||||2024-10-28|Kögler - Bouncerz, Multicolor Flummis, 10er Set, Bälle im Netz, 25mm|KOEGLER||1|Stk.|Home|Spielwaren|Kostüme & Partyartikel|Trends|Kögler - Bouncerz, Multicolor Flummis, 10er Set, Bälle im Netz, 25mm|||3,99 €|3,99 €||||||||||||||EUR|Home> Spielwaren> Kostüme & Partyartikel> Trends> Kögler - Bouncerz, Multicolor Flummis, 10er Set, Bälle im Netz, 25mm|https://www.mueller.at/p/koegler-bouncerz-multicolor-flummis-10er-set-baelle-im-netz-25mm-2062909/|1 Stk.|Lustige Flummis in verschiedenen leuchtenden Farben. 10 Stück im Netz. 25mm Ø.||||||||3 Jahre||||||||||||||Non-Organic||||"{'target_group': 'Kindergartenkinder|Grundschüler', 'manufacturer': 'Winfried Kögler GmbH', 'Herstelleradresse': 'Andreas - Stihl - Str. 15 71336 Waiblingen', 'Kontaktmöglichkeit': 'http://www.koegler-gmbh.de/', 'Artikelnummer des Herstellers': '28137', 'license': 'Koegler', 'Altersempfehlung ab': '3 Jahre', 'Inhalt': '1 Stk.', 'Produkttyp': 'Verlosungsartikel'}"||||||||||||||0|0|2062909_1.png|https://static.mueller.de/5769619393-PV-0/pdzoom/koegler-bouncerz-multicolor-flummis-10er-set-baelle-im-netz-25mm.webp|2062909_2.png|https://static.mueller.de/5769619393-PB-1/pdzoom/koegler-bouncerz-multicolor-flummis-10er-set-baelle-im-netz-25mm.webp||||||||||||||||||||Winfried Kögler GmbH||||||||||1 Stk.|||True||2062909P|||||||||10
285259|mueller||||||||2024-10-28|Müller - Toy Place - Kassettenrecorder mit zwei Mikrofonen|TOY PLACE||1|Stk.|Home|Spielwaren|Hörspiele & Musik|Kinder-Audiogeräte|Müller - Toy Place - Kassettenrecorder mit zwei Mikrofonen|||24,99 €|24,99 €||||||||||||||EUR|Home> Spielwaren> Hörspiele & Musik> Kinder-Audiogeräte> Müller - Toy Place - Kassettenrecorder mit zwei Mikrofonen|https://www.mueller.at/p/mueller-toy-place-kassettenrecorder-mit-zwei-mikrofonen-285259/|1 Stk.|Der tragbare Kassettenrekorder mit Mikrofon spielt Kassetten in bester Klangqualität ab. Er überzeugt durch ein robustes Gehäuse in kindgerechtem Design mit bunten Funktionstasten zur kinderleichten Bedienung. Die beiden herausnehmbaren Mikrofone verstärken die Stimme durch den eingebauten Lautsprecher. Einfach und kinderleicht zu bedienen. Mit zwei Mikrofonen zum Mitsingen.Anleitungssprache DE, ITA,SLO,HU,ES,HR,FR, ENBatterien sind nicht im Lieferumfang enthalten, Sie benötigen 4 x 1,5 V C Batterien.||||||||3 Jahre||||||||||||||Non-Organic||||{'target_group': 'Kindergartenkinder', 'Artikelnummer des Herstellers': '285259', 'license': 'Toy Place Musikspielzeug', 'Altersempfehlung ab': '3 Jahre', 'Altersempfehlung bis': '8 Jahre', 'Inhalt': '1 Stk.', 'Produkttyp': 'Cassetten, Recorder & Zubehör'}||||||||||||||3.9545|22|285259_1.png|https://static.mueller.de/62686639-PB-0/pdzoom/mueller-toy-place-kassettenrecorder-mit-zwei-mikrofonen.webp||||||||||||||||||||||285259||||||||||1 Stk.|||False||285259P|||||||||1
2640328|mueller||||||||2024-10-28|ALETE Milch-Getreide-Mahlzeit Keks ab 10. Monat 2x200ml|ALETE||400|ml|Home|Drogerie|Kind & Mama|Babynahrung|Beikost|Abendbreie|ALETE Milch-Getreide-Mahlzeit Keks ab 10. Monat 2x200ml|2,95 €|2,95 €|||||||||||7,38 € / 1 l|||EUR|Home> Drogerie> Kind & Mama> Babynahrung> Beikost> Abendbreie> ALETE Milch-Getreide-Mahlzeit Keks ab 10. Monat 2x200ml|https://www.mueller.at/p/alete-milch-getreide-mahlzeit-keks-ab-10-monat-2x200ml-2640328/|400 ml|"Mit viel Vitamin C & Vitamin D.
Mit Calcium, Zink & Jod.
Ohne Palmöl.
Glutenhaltig."||Bei Zimmertemperatur trocken und hygienisch lagern (frostempfindlich). Ungeöffnet (bei max. 25°C) mindestens haltbar bis Ende: siehe oben. Nicht verwendente Reste gut verschlossen und kühl lagern (max. 7°C) innerhalb von 1 Tag aufbrauchen. Erwärmte Reste nicht wiederverwenden.|||||||||{'Nährwerte je': '100  ml', 'Brennwert': '372 kj / 89 kcal', 'Fett in g': '2.6 g', '- davon gesättigte Fettsäuren in g': '0.4 g', 'Kohlenhydrate in g': '13.2 g', '- davon Zucker in g': '5.4 g', 'Ballaststoffe in g': '0.5 g', 'Eiweiß in g': '2.8 g', 'Salz in g': '0.07 g'}|||||||||||Organic||||{'Lagerhinweis': 'Bei Zimmertemperatur trocken und hygienisch lagern (frostempfindlich).\nUngeöffnet (bei max. 25°C) mindestens haltbar bis Ende: siehe oben.\nNicht verwendente Reste gut verschlossen und kühl lagern (max. 7°C) innerhalb von 1 Tag aufbrauchen.\nErwärmte Reste nicht wiederverwenden.', 'manufacturer': 'Humana Vertriebs GmbH', 'Herstelleradresse': 'Postfach 28 61 29, 28361 Bremen', 'Kontaktmöglichkeit': 'kontakt@humana.de', 'Anwendungshinweis': 'Bewusste Ernährung bedeutet auch, das Richtige zur Hand zu haben, wenn es mal schnell gehen muss. Unsere Milch-Getreide Mahlzeit entspricht einer vollständigen Mahlzeit, die Dein Baby kalt oder warm einfach aus dem Becher trinken kann.\nWir empfehlen das Produkt aus der Tasse zu trinken. Zum Durstlöschen solltest du Deinem Baby Wasser geben.\nBitte achte drauf, dass du Deinem Baby nur ein mal pro Tag eine trinkfertige Milch-Getreide-Mahlzeit gibst als Ersatz eines Milch-Getreide-Breis zum Löffeln. Für eine altersgerechte Entwicklung Deines Babys ist es wichtig, zusätzlich Beikost vom Löffel zu füttern.', 'Inhalt': '400 ml', 'Zutaten': 'MAGERMILCH (45%), Wasser, WEIZENMEHL (aufgeschlossen) (5%), Maisstärke, Keksmehl (2%) (WEIZENMEHL (aufgeschlossen); Sonnenblumenöl, ölsäurereich; Rapsöl, erukasäurearm; Sonnenblumenöl, MAGERMILCHPULVER), pflanzliche Öle (Sonnenblumenöl, ölsäurereich; Rapsöl, erukasäurearm, Sonnenblumenöl), Karamell (1%) (Zucker, Wasser), SAHNE, Zucker, Calciumcarbonat, Vitamin C, Vanillin, Eisenfumarat, Zinksulfat, Vitamin E, Niacin, Pantothensäure, Thiamin, Vitamin A, Vitamin B6, Riboflavin, Kaliumiodid, Folsäure, Vitamin K, Biotin, Vitamin D, Vitamin B12.', 'Produkttyp': 'Abendbreie', 'Zubereitungshinweis': 'So einfach geht’s:\nPackung schütteln und an markierter Linie öffnen.\nWenn du eine Teilmenge füttern möchtest diese vorher entnehmen.\nIn Trinklerntasse oder Becher füllen und kalt schmecken lassen.\nOder im Tropf erwärmen und innerhalb 1 Std. verwenden (Wichtig: Temperatur prüfen (ca. 37°C) – nicht kochen, nicht in der Originalverpackung erhitzen). \n1 Packung = 1 Portion (Trinkmenge kann individuell variieren).\nNut unbeschädigte Produkte verwenden.'}||||||||||||||5.0|2|2640328_1.png|https://static.mueller.de/markant_04251099845126_pv_3327987/pdzoom/alete-milch-getreide-mahlzeit-keks-ab-10-monat-2x200ml.webp|2640328_2.png|https://static.mueller.de/markant_04251099845126_pr_3333450/pdzoom/alete-milch-getreide-mahlzeit-keks-ab-10-monat-2x200ml.webp||||||||||||||||||||Humana Vertriebs GmbH||||||||||400 ml|||True||2640328P||||"Wichtige Hinweise:
Zum Schutz vor schweren Zahnschäden durch Karies den Brei nicht zum Dauernuckeln überlassen.
Für eine regelmäßige Zahnpflege schon ab dem ersten Zähnchen sorgen, besonders vor dem Schlafengehen.
Dein Baby so früh wie möglich, spätestens bis zum 1. Geburtstag an das Trinken aus der Tasse gewöhnen.
Bitte beachte die Zubereitungsanleitung."|||||10
442523|mueller||||||||2024-10-28|bionella Nuss-Nougat-Creme|BIONELLA||400|g|Home|Naturshop|Lebensmittel|Nahrung|Brotaufstriche|Süße Brotaufstriche|bionella Nuss-Nougat-Creme|4,49 €|4,49 €|||||||||||11,23 € / 1 kg|||EUR|Home> Naturshop> Lebensmittel> Nahrung> Brotaufstriche> Süße Brotaufstriche> bionella Nuss-Nougat-Creme|https://www.mueller.at/p/bionella-nuss-nougat-creme-442523/|400 g|Vegane Bio-Nouss-Nougat-Creme aus fairem Anbau mit echter Bourbon Vanille.||Bitte vor Hitze schützen und nicht im Kühlschrank lagern.|||Deutschland|Kann Spuren von anderen NÜSSEN, ERDNÜSSEN, SESAM und MILCH enthalten.|||||{'Nährwerte je': '100g', 'Brennwert': '2466 kj / 593 kcal', 'Fett in g': '43', '- davon gesättigte Fettsäuren in g': '11', 'Kohlenhydrate in g': '43', '- davon Zucker in g': '40', 'Eiweiß in g': '6.9', 'Salz in g': '0.01'}|||||||||||Organic||||{'Lagerhinweis': 'Bitte vor Hitze schützen und nicht im Kühlschrank lagern.', 'manufacturer': 'Rapunzel Naturkost GmbH', 'Herstelleradresse': 'Rapunzelstraße 1, 87764 Legau', 'Kontaktmöglichkeit': '+49 (0) 8330 / 529 - 1240', 'Herkunftsland': 'Deutschland', 'Öko-Kontrollstelle': 'DE-ÖKO-006', 'Allergenhinweis': 'Kann Spuren von anderen NÜSSEN, ERDNÜSSEN, SESAM und MILCH enthalten.', 'Inhalt': '400 g', 'Bio': 'Ja', 'Eigenschaften': 'vegan laut Zutaten', 'Zutaten': 'Rohrzucker*, Palmöl*, Sonnenblumenöl, HASELNÜSSE 14%, Kakaopulver* stark entölt, SÜSSLUPINENMEHL, Bourbon Vanille, 100% aus biologischer Landwirtschaft,\n* fair gehandelt von Rapunzel HAND IN HAND-Partnern', 'Produkttyp': 'Schokocremes'}||||||||||||||5.0|2|442523_1.png|https://static.mueller.de/6154610120-PV-0/pdzoom/bionella-nuss-nougat-creme.webp||||||||||||||||||||||Rapunzel Naturkost GmbH||||||||||400 g|||True||442523P|||||||||10
442524|mueller||||||||2024-10-28|NOCH 21995 H0 - Olivenbäume 2 Stück 6 und 9 cm|NOCH||1|Stk.|Home|Spielwaren|Modellbau & Modelleisenbahn|Modelleisenbahn|Landschaftsbau|NOCH 21995 H0 - Olivenbäume 2 Stück 6 und 9 cm||12,99 €|12,99 €||||||||||||||EUR|Home> Spielwaren> Modellbau & Modelleisenbahn> Modelleisenbahn> Landschaftsbau> NOCH 21995 H0 - Olivenbäume 2 Stück 6 und 9 cm|https://www.mueller.at/p/noch-21995-h0-olivenbaeume-2-stueck-6-und-9-cm-442524/|1 Stk.|Olivenbäume     2 Stück  Olivenbäume kommen vorallem im Mittelmeerraum sehr häufig vor. Dort sind sie sowohl in Plantagen als auch als exponierte Einzelbäume zu finden.||||||||8 Jahre||||||||||||||Non-Organic||||{'target_group': 'Erwachsene', 'Artikelnummer des Herstellers': '21995', 'license': 'NOCH Bäume und Büsche', 'Altersempfehlung ab': '8 Jahre', 'Altersempfehlung bis': '99 Jahre', 'Materialdetails': 'Kunststoff (Hauptsächlich)', 'Material': 'Kunststoff (Hauptsächlich)', 'Inhalt': '1 Stk.', 'Produkttyp': 'Bäume'}||||||||Kunststoff (Hauptsächlich)||||||0|0|442524_1.png|https://static.mueller.de/332425416-PB-0/pdzoom/noch-21995-h0-olivenbaeume-2-stueck-6-und-9-cm.webp|442524_2.png|https://static.mueller.de/332425416-PB-1/pdzoom/noch-21995-h0-olivenbaeume-2-stueck-6-und-9-cm.webp||||||||||||||||||||21995||||||||||1 Stk.|||False||442524P|||||||||1
36930|mueller||||||||2024-10-28|Müller - Toy Place - Bär sitzend, 23 cm|TOY PLACE||1|Stk.|Home|Spielwaren|Kuscheltiere & Puppen|Kuscheltiere|Stofftiere|Müller - Toy Place - Bär sitzend, 23 cm|||14,99 €||14,99 €|||||AKTION|||||||EUR|Home> Spielwaren> Kuscheltiere & Puppen> Kuscheltiere> Stofftiere> Müller - Toy Place - Bär sitzend, 23 cm|https://www.mueller.at/p/mueller-toy-place-baer-sitzend-23-cm-36930/|1 Stk.|"Toy Place - Bär sitzend.
Größe 23 cm."||||||||0 Jahre||||||||||||||Non-Organic||||"{'target_group': 'Säuglinge|Kleinkinder|Grundschüler|Kindergartenkinder', 'Artikelnummer des Herstellers': '36930', 'license': 'Toy Place Plüsch', 'Altersempfehlung ab': '0 Jahre', 'Altersempfehlung bis': '12 Jahre', 'Tierart': 'Bär', 'Materialdetails': 'Plüsch, Plüsch/Stoff (Hauptsächlich)', 'Material': 'Plüsch|Plüsch/Stoff (Hauptsächlich)', 'Inhalt': '1 Stk.', 'Genre | Spielmotivation': 'Spielen|Sammeln', 'Produkttyp': 'Kuschelartikel'}"||||||||Plüsch, Plüsch/Stoff (Hauptsächlich)||||||0|0|36930_1.png|https://static.mueller.de/pdzoom/36930_X1_01.webp|36930_2.png|https://static.mueller.de/pdzoom/36930_X3_01.webp|36930_3.png|https://static.mueller.de/pdzoom/36930_X2_01.webp||||||||||||||||||36930||||||||||1 Stk.|||True||36930P|||||||||10
956517|mueller||||||||2024-10-28|Colgate Komplett Ultra Weiss Zahncreme|COLGATE||75|ml|Home|Drogerie|Pflege|Mund- & Zahnpflege|Zahncreme|Colgate Komplett Ultra Weiss Zahncreme||1,99 €|1,99 €|1,99 €|0,95 €||||52%|Sie sparen 52%||||12,67 € / 1 l|||EUR|Home> Drogerie> Pflege> Mund- & Zahnpflege> Zahncreme> Colgate Komplett Ultra Weiss Zahncreme|https://www.mueller.at/p/colgate-komplett-ultra-weiss-zahncreme-956517/|75 ml|||Tube auf den Kopf stellen.||||||||||||||||||||Non-Organic||||{'Lagerhinweis': 'Tube auf den Kopf stellen.', 'manufacturer': 'CP GABA GmbH', 'Herstelleradresse': 'Beim Strohhause 17, 20097 Hamburg', 'Kontaktmöglichkeit': '+49 (0) 40-7319- 0', 'Anwendungshinweis': 'Für Kinder bis 6 Jahre: Nur erbsengroße Menge Zahnpasta benutzen. Zur Vermeidung übermäßigen Verschluckens Zähneputzen nur unter Aufsicht. Bei zusätzlicher Aufnahme von Fluorid den Zahnarzt oder Arzt befragen.', 'package_contents': 'Aqua, Glycerin, Hydrated Silica, Cellulose Gum, Sodium Lauryl Sulfate, Aroma, Sodium Fluoride, Sodium Saccharin, Limonene, Cl 77891, Cl 74160.\n\nEnthält: Natriumfluorid  (1450 ppm F¯).', 'product_property': 'aufhellend', 'Inhalt': '75 ml', 'Produkttyp': 'Zahncreme'}||||||||||||||4.4598|87|956517_1.png|https://static.mueller.de/markant_08718951035430_pv_3584241/pdzoom/colgate-komplett-ultra-weiss-zahncreme.webp|956517_2.png|https://static.mueller.de/markant_08718951035430_pd_2352944/pdzoom/colgate-komplett-ultra-weiss-zahncreme.webp|956517_3.png|https://static.mueller.de/markant_08718951035430_pd_2353151/pdzoom/colgate-komplett-ultra-weiss-zahncreme.webp|956517_4.png|https://static.mueller.de/markant_08718951035430_pd_2353150/pdzoom/colgate-komplett-ultra-weiss-zahncreme.webp||||||||||||||||CP GABA GmbH||||||||||75 ml|"Aqua, Glycerin, Hydrated Silica, Cellulose Gum, Sodium Lauryl Sulfate, Aroma, Sodium Fluoride, Sodium Saccharin, Limonene, Cl 77891, Cl 74160.

Enthält: Natriumfluorid  (1450 ppm F¯)."||True||956517P||||Für Kinder bis 6 Jahre: Nur erbsengroße Menge Zahnpasta benutzen. Zur Vermeidung übermäßigen Verschluckens Zähneputzen nur unter Aufsicht. Bei zusätzlicher Aufnahme von Fluorid den Zahnarzt oder Arzt befragen.|||||10
3013990|mueller||||||||2024-10-28|Gawol Gebäckdose klein|GAWOL||1|Stk.|Home|Haushalt|Kochen & Backen|Aufbewahrung|Vorratsdosen|Gawol Gebäckdose klein||3,99 €|3,99 €||||||||||||||EUR|Home> Haushalt> Kochen & Backen> Aufbewahrung> Vorratsdosen> Gawol Gebäckdose klein|https://www.mueller.at/p/gawol-gebaeckdose-klein-IPN3013990/|1 Stk.|achteckige Form||||||||||||||||||||||Non-Organic||||{'Gewicht': '0.05', 'manufacturer': 'Gawol GmbH', 'Herstelleradresse': 'Am Schäferrain 2 - 4, 76437 Rastatt', 'Kontaktmöglichkeit': 'verkauf@gawol.com', 'Materialdetails': 'Weißblech', 'Material': 'Weißblech', 'Höhe': '5.5 cm', 'Breite': '10.3 cm', 'Tiefe': '10.3 cm', 'Inhalt': '1 Stk.'}||||||||Weißblech||||||0|0|3013990_1.png|https://static.mueller.de/pdzoom/4033051031958.webp||||||||||||||||||||||Gawol GmbH||||||||||1 Stk.|||True||3013990P|||||||||10
574286|mueller||||||||2024-10-28|Maisto - 1:24 Ford Mustang GT 67|MAISTO||1|Stk.|Home|Spielwaren|Verkehr & Action|Fahr- & Flugzeuge|Fahrzeuge & Fluggeräte|Maisto - 1:24 Ford Mustang GT 67||21,99 €|21,99 €||||||||||||||EUR|Home> Spielwaren> Verkehr & Action> Fahr- & Flugzeuge> Fahrzeuge & Fluggeräte> Maisto - 1:24 Ford Mustang GT 67|https://www.mueller.at/p/maisto-1-24-ford-mustang-gt-67-574286/|1 Stk.|Maisto - 1:24 Ford Mustang GT 67Modellauto aus Metall mit detailgetreuen Einbauteilen aus Kunststoff. Voll funktionsfähige Türen, lenkbare Vorderräder||||||||3 Jahre||||||||||||||Non-Organic||||"{'particularities': 'Der Hersteller behält sich farbliche und technische Änderungen vor. Zur Darstellung der Neuheiten werden zum Teil Originalfotos und Prototypen eingesetzt. Abweichungen zum Lieferzustand des Modells sind möglich.', 'target_group': 'Jugendliche|Vorschüler|Freunde', 'Artikelnummer des Herstellers': '531260', 'license': 'Maisto 1:24 - 28 Special - Edition', 'Altersempfehlung ab': '3 Jahre', 'Altersempfehlung bis': '99 Jahre', 'Inhalt': '1 Stk.', 'Maßstab': 'ca. 1:24', 'Produkttyp': 'Metallfertigmodelle mit hoher Modelltreue'}"||||||||||||||0|0|574286_1.png|https://static.mueller.de/62448165-PB-0/pdzoom/maisto-1-24-ford-mustang-gt-67.webp||||||||||||||||||||||531260||||||||||1 Stk.|||True||574286P|||||||||10
3013995|mueller||||||||2024-10-28|Gawol Gebäck- und Aufbewahrungsdose|GAWOL||1|Stk.|Home|Haushalt|Kochen & Backen|Aufbewahrung|Vorratsdosen|Gawol Gebäck- und Aufbewahrungsdose||13,99 €|13,99 €||||||||||||||EUR|Home> Haushalt> Kochen & Backen> Aufbewahrung> Vorratsdosen> Gawol Gebäck- und Aufbewahrungsdose|https://www.mueller.at/p/gawol-gebaeck-und-aufbewahrungsdose-IPN3013995/|1 Stk.|lebensmittelecht||||||||||||||||||||||Non-Organic||||{'Gewicht': '0.5', 'manufacturer': 'Gawol GmbH', 'Herstelleradresse': 'Am Schäferrain 2 - 4, 76437 Rastatt', 'Kontaktmöglichkeit': 'verkauf@gawol.com', 'Materialdetails': 'Weißblech', 'Material': 'Weißblech', 'Höhe': '9.5 cm', 'Breite': '28.7 cm', 'Tiefe': '23.9 cm', 'Inhalt': '1 Stk.'}||||||||Weißblech||||||0|0|3013995_1.png|https://static.mueller.de/pdzoom/4033051031866.webp||||||||||||||||||||||Gawol GmbH||||||||||1 Stk.|||True||3013995P|||||||||10
956525|mueller||||||||2024-10-28|SHISEIDO Makeup Full Lash Serum|SHISEIDO||6|ml|Home|Parfümerie|Make-up|Augen|Wimpernpflege|SHISEIDO Makeup Full Lash Serum||58,95 €|58,95 €||||||||||||||EUR|Home> Parfümerie> Make-up> Augen> Wimpernpflege> SHISEIDO Makeup Full Lash Serum|https://www.mueller.at/p/shiseido-makeup-full-lash-serum-956525/|6 ml|Das Full Lash Serum fördert und beschleunigt das natürliche Wimpernwachstum. Es lässt die Wimpern länger, dichter und voller erscheinen – für einen ausdrucksstarken Augenaufschlag und intensiveren Blick. Das Serum kann auch für die Augenbrauen verwendet werden.||||||||||||||||||||||Non-Organic||||{'target_group': 'Damen', 'manufacturer': 'SHISEIDO GERMANY GmbH', 'Herstelleradresse': 'Kaistr. 20 ,40221 Düsseldorf', 'Anwendungshinweis': 'Morgens und abends nach der Gesichtspflege auf den Wimpernansatz und die –längen auftragen. Bei Bedarf kann das Serum anschließend auch auf den Augenbrauen angewendet werden.', 'package_contents': 'INGREDIENTS:WATER(AQUA/EAU)･DIPROPYLENE GLYCOL･BUTYLENE GLYCOL･SORBITOL･ALCOHOL･POLYVINYL ACETATE･GLYCERIN･CARBOMER･PHENOXYETHANOL･ETHYLHEXYLGLYCERIN･METHYLPARABEN･POLYVINYL ALCOHOL･POTASSIUM HYDROXIDE･ARGININE･XANTHAN GUM･ZIZYPHUS JUJUBA FRUIT EXTRACT･SI', 'Inhalt': '6 ml', 'scope_of_application': 'Augen', 'Produkttyp': 'Wimpernpflege'}||||||||||||||4.2222|54|956525_1.png|https://static.mueller.de/6658642169-PV-0/pdzoom/shiseido-makeup-full-lash-serum.webp|956525_2.png|https://static.mueller.de/6658642169-PB-1/pdzoom/shiseido-makeup-full-lash-serum.webp|956525_3.png|https://static.mueller.de/6658642169-PB-2/pdzoom/shiseido-makeup-full-lash-serum.webp||||||||||||||||||SHISEIDO GERMANY GmbH||||||||||6 ml|INGREDIENTS:WATER(AQUA/EAU)･DIPROPYLENE GLYCOL･BUTYLENE GLYCOL･SORBITOL･ALCOHOL･POLYVINYL ACETATE･GLYCERIN･CARBOMER･PHENOXYETHANOL･ETHYLHEXYLGLYCERIN･METHYLPARABEN･POLYVINYL ALCOHOL･POTASSIUM HYDROXIDE･ARGININE･XANTHAN GUM･ZIZYPHUS JUJUBA FRUIT EXTRACT･SI||True||956525P|||||||||10
2180177|mueller||||||||2024-10-28|ESTÉE LAUDER Double Wear Foundation - Pumpspender|ESTÉE LAUDER||1|Stk.|Home|Parfümerie|Make-up|Teint|Grundierung|ESTÉE LAUDER Double Wear Foundation - Pumpspender||7,95 €|7,95 €||||||||||||||EUR|Home> Parfümerie> Make-up> Teint> Grundierung> ESTÉE LAUDER Double Wear Foundation - Pumpspender|https://www.mueller.at/p/estee-lauder-double-wear-foundation-pumpspender-2180177/|1 Stk.|Mit diesem praktischen, wiederverwendbaren Pumpspender können Sie immer die perfekte Menge Double Wear Stay-in-Place Makeup entnehmen.||||||||||||||||||||||Non-Organic||||{'consistency': 'Fluid', 'target_group': 'Damen', 'manufacturer': 'Estée Lauder Companies', 'Herstelleradresse': 'Domagkstr. 10, 80807 München', 'Anwendungshinweis': 'Ersetzen Sie den Verschluss des Double Wear Fläschchens durch den Pumpspender', 'package_contents': 'Die verbindliche Angabe der Inhaltsstoffe entnehmen Sie bitte der Verpackung des gelieferten Produktes.', 'Deckkraft': 'mittel', 'Inhalt': '1 Stk.', 'Produktart': 'Grundierung', 'Produkttyp': 'Makeup'}||||||||||||||5.0|1|2180177_1.png|https://static.mueller.de/5854965092-PV-0/pdzoom/estee-lauder-double-wear-foundation-pumpspender.webp||||||||||||||||||||||Estée Lauder Companies||||||||||1 Stk.|Die verbindliche Angabe der Inhaltsstoffe entnehmen Sie bitte der Verpackung des gelieferten Produktes.||True||2180177P|||||||||10
2194785|mueller||||||||2024-10-28|umbra Abtropfgestell Sinkin|UMBRA||1|Stk.|Home|Haushalt|Kochen & Backen|Küchenhelfer & -textilien|Spülhelfer|umbra Abtropfgestell Sinkin||29,99 €|29,99 €||||||||||||||EUR|Home> Haushalt> Kochen & Backen> Küchenhelfer & -textilien> Spülhelfer> umbra Abtropfgestell Sinkin|https://www.mueller.at/p/umbra-abtropfgestell-sinkin-2194785/|1 Stk.|"ZURÜCKHALTENDES DESIGN: Die meisten Abtropfgestelle sind viel zu groß und unhandlich, dazu sind sie nicht besonders schön anzusehen; das Sinkin Abtropfgitter zeichnet sich durch sein schlichtes Design aus, das nicht auffällt, selbst wenn es mit Geschirr gefüllt ist. 

ABNEHMBARER BESTECKKORB: Der robuste Besteckkorb aus Kunststoff ist abnehmbar und kann je nach Bedarf an einer anderen Stelle angebracht werden; der Besteckkorb verfügt über praktische Abflusslöcher, die dabei helfen, dass Besteck und Küchenutensilien schnell abtrocknen.

GUMMIFÜSSE: Sinkin’s Gummifüsse garantieren festen Stand und verhindern Verkratzen, deshalb ist er mit allen Spülbecken Materialien kompatibel – Edelstahl, Granit, Kupfer, Quarz, Gusseisen, Naturstein etc.

ROBUST UND STYLISH: Der von der Designerin Helen T. Miller für Umbra entworfene Sinkin Geschirrständer mit seinem schlichten und handlichen Design ist 35,5 x 28 x 13,5 cm groß und passt somit in alle Standard-Spülbecken."||||||||||||||||||||||Non-Organic||||{'manufacturer': 'UMBRA B.V.', 'Herstelleradresse': 'Monitorweg 1, NL-1322 BJ Almere', 'Kontaktmöglichkeit': 'EU.CustomerService@umbra.com', 'Farbe': 'anthrazit', 'Inhalt': '1 Stk.'}||||||anthrazit||||||||0|0|2194785_1.png|https://static.mueller.de/6419659483-PV-0/pdzoom/umbra-abtropfgestell-sinkin.webp|2194785_2.png|https://static.mueller.de/6419659483-PB-1/pdzoom/umbra-abtropfgestell-sinkin.webp|2194785_3.png|https://static.mueller.de/6419659483-PB-2/pdzoom/umbra-abtropfgestell-sinkin.webp||||||||||||||||||UMBRA B.V.||||||||||1 Stk.|||True||2194785P|||||||||3
417540|mueller||||||||2024-10-28|COLLISTAR Thermal Cream Anticellulite|COLLISTAR||400|ml|Home|Parfümerie|Pflege|Körperpflege|Spezialpflege|COLLISTAR Thermal Cream Anticellulite||59,95 €|59,95 €|||||||||||149,88 € / 1 l|||EUR|Home> Parfümerie> Pflege> Körperpflege> Spezialpflege> COLLISTAR Thermal Cream Anticellulite|https://www.mueller.at/p/collistar-thermal-cream-anticellulite-417540/|400 ml|Diese Körpercreme wirkt außergewöhnlich effektiv gegen die unästhetischen Erscheinungen von Cellulite. Sie basiert auf einem neuartigen Mix aus Thermal- und Meereswasser, in Kombination mit ätherischen Ölen, Pflanzenextrakten und straffenden Substanzen. Die Thermalcreme verleiht dem Hautgewebe mehr Festigkeit und strafft es schon nach kurzer Zeit. Der Wirkstoff Fomblin FC-25 verlängert zusätzlich ihre Wirkungszeit. Dank ihrer geschmeidigen und gleitenden Eigenschaften ist diese Creme auch perfekt für Massagen geeignet.||||||||||||||||||||||Non-Organic||||"{'target_group': 'Damen', 'manufacturer': 'Collistar Milano s.p.a.', 'Herstelleradresse': 'Via Giovanni Battista Pirelli, 19, 20124 Milano MI, Italien', 'Anwendungshinweis': 'Durch leichtes Einmassieren mit Aufwärtsbewegungen auftragen. Für eine Intensivbehandlung werden zwei Anwendungen pro Tag, für mindestens 20 Tage in Folge empfohlen. Danach eine Anwendung pro Tag.', 'package_contents': 'AQUA, GLYCERIN, C12-20 ACID PEG-8 ESTER, CETEARYL ETHYLHEXANOATE, PROPYLENE GLYCOL, GLYCERYL STEARATE, ISOSTEARYL AVOCADATE, DI-C12-13 ALKYL MALATE, CORALLINA OFFICINALIS EXTRACT, LAMINARIA DIGITATA EXTRACT, LAMINARIA DIGITATA POWDER, FUCUS VESICULOSUS EXTRACT, LITHOTHAMNIUM CALCAREUM POWDER, ASCOPHYLLUM NODOSUM EXTRACT, HEDERA HELIX LEAF/STEM EXTRACT, AESCULUS HIPPOCASTANUM BARK EXTRACT, CITRUS AURANTIUM AMARA PEEL EXTRACT, COFFEA ARABICA SEED EXTRACT, SPHACELARIA SCOPARIA EXTRACT, MARIS SAL, MACADAMIA TERNIFOLIA SEED OIL, CITRUS AURANTIUM DULCIS OIL, CITRUS MEDICA LIMONUM PEEL OIL, PRUNUS ARMENIACA KERNEL OIL, PRUNUS PERSICA KERNEL OIL, HYDROGENATED VEGETABLE OIL, ISOPROPYL ISOSTEARATE, DIMETHICONE, CERA ALBA, CETYL ALCOHOL, CYCLOPENTASILOXANE, TRIETHANOLAMINE, DIPROPYLENE GLYCOL, POLYPERFLUOROMETHYLISOPROPYL ETHER, TALC, LIMONENE, PARFUM, LINALOOL, GERANIOL, , PHENOXYETHANOL, POLYACRYLIC ACID, HYDROXYCITRONELLAL, ETHYLHEXYLGLYCERIN, BHT, CI 19140, CI 42090', 'product_property': 'Anti-Cellulite|revitalisierend', 'Inhalt': '400 ml', 'scope_of_application': 'Spezialpflege', 'Produkttyp': 'Anti-Cellulite'}"||||||||||||||0|0|417540_1.png|https://static.mueller.de/5283264120-PV-0/pdzoom/collistar-thermal-cream-anticellulite.webp||||||||||||||||||||||Collistar Milano s.p.a.||||||||||400 ml|AQUA, GLYCERIN, C12-20 ACID PEG-8 ESTER, CETEARYL ETHYLHEXANOATE, PROPYLENE GLYCOL, GLYCERYL STEARATE, ISOSTEARYL AVOCADATE, DI-C12-13 ALKYL MALATE, CORALLINA OFFICINALIS EXTRACT, LAMINARIA DIGITATA EXTRACT, LAMINARIA DIGITATA POWDER, FUCUS VESICULOSUS EXTRACT, LITHOTHAMNIUM CALCAREUM POWDER, ASCOPHYLLUM NODOSUM EXTRACT, HEDERA HELIX LEAF/STEM EXTRACT, AESCULUS HIPPOCASTANUM BARK EXTRACT, CITRUS AURANTIUM AMARA PEEL EXTRACT, COFFEA ARABICA SEED EXTRACT, SPHACELARIA SCOPARIA EXTRACT, MARIS SAL, MACADAMIA TERNIFOLIA SEED OIL, CITRUS AURANTIUM DULCIS OIL, CITRUS MEDICA LIMONUM PEEL OIL, PRUNUS ARMENIACA KERNEL OIL, PRUNUS PERSICA KERNEL OIL, HYDROGENATED VEGETABLE OIL, ISOPROPYL ISOSTEARATE, DIMETHICONE, CERA ALBA, CETYL ALCOHOL, CYCLOPENTASILOXANE, TRIETHANOLAMINE, DIPROPYLENE GLYCOL, POLYPERFLUOROMETHYLISOPROPYL ETHER, TALC, LIMONENE, PARFUM, LINALOOL, GERANIOL, , PHENOXYETHANOL, POLYACRYLIC ACID, HYDROXYCITRONELLAL, ETHYLHEXYLGLYCERIN, BHT, CI 19140, CI 42090||True||417540P|||||||||9
2640364|mueller||||||||2024-10-28|AVEO Feuchtigkeitspflege Handmaske|AVEO||15|ml|Home|Drogerie|Pflege|Körperpflege|Hand- & Fußpflege|Handpflege|AVEO Feuchtigkeitspflege Handmaske|2,95 €|2,95 €|||||||||||196,67 € / 1 l|||EUR|Home> Drogerie> Pflege> Körperpflege> Hand- & Fußpflege> Handpflege> AVEO Feuchtigkeitspflege Handmaske|https://www.mueller.at/p/aveo-feuchtigkeitspflege-handmaske-2640364/|15 ml|AVEO Hand-Tuchmaske Aloe Vera. AVEO Handmaske Wohltuende Pflegemomente für trockene und raue Hände! Der Feuchtigkeitskomplex aus 20% Aloe Vera, Betaine und Glycerin beruhigt die Haut und mildert Spannungs- und Trockenheitsgefühle. Reichhaltiges Avocadoöl und pflegende Sheabutter unterstützen die Regeneration der Haut und schützen sie vor dem Austrocknen. Für weiche, geschmeidig gepflegte Hände und ein glatteres Hautgefühl.||||||||||||||||||||||Non-Organic||||"{'scope_of_delivery': '1 Paar', 'manufacturer': 'Duesberg medical GmbH', 'Herstelleradresse': 'Thüringer Straße 20, DE-46286 Dorsten', 'Kontaktmöglichkeit': 'www.mueller.eu', 'dermatologically_tested': 'Ja', 'Anwendungshinweis': 'Hände waschen und abtrocknen, anschließend die Handschuhe anziehen. Das Pflegeprodukt 20 Minuten einwirken lassen, dann die Handschuhe ausziehen und eventeuell Überschüsse einmassieren und ein streichzartes Hautgefühl genießen. Hautverträglichkeit dermatologisch bestätigt. HINWEIS: Maske nicht wiederverwendbar. Nicht für Kinder geeignet!', 'package_contents': 'AQUA; GLYCERIN; BETAINE; BUTYROSPERMUM PARKII BUTTER; CETEARYL ALCOHOL; DICAPRYLYL CARBONATE; ALOE BARBADENSIS LEAF JUICE; PERSEA GRATISSIMA OIL; PHENOXYETHANOL; CAESALPINIA SPINOSA GUM; PARFUM; ETHYLHEXYLGLYCERIN; GLYCERYL STERATE SE; OLUS OIL; CITRIC ACID; DISODIUM EDTA; SODIUM CITRATE; TOCOPHEROL', 'skin_type': 'trockene Haut', 'product_property': 'beruhigend|feuchtigkeitsspendend|glättend|regenerierend', 'Inhalt': '15 ml', 'scope_of_application': 'Handpflege', 'Produkttyp': 'Maske'}"||||||||||||||3.0|2|2640364_1.png|https://static.mueller.de/6881841632-PV-0/pdzoom/aveo-feuchtigkeitspflege-handmaske.webp||||||||||||||||||||||Duesberg medical GmbH||||||||||15 ml|AQUA; GLYCERIN; BETAINE; BUTYROSPERMUM PARKII BUTTER; CETEARYL ALCOHOL; DICAPRYLYL CARBONATE; ALOE BARBADENSIS LEAF JUICE; PERSEA GRATISSIMA OIL; PHENOXYETHANOL; CAESALPINIA SPINOSA GUM; PARFUM; ETHYLHEXYLGLYCERIN; GLYCERYL STERATE SE; OLUS OIL; CITRIC ACID; DISODIUM EDTA; SODIUM CITRATE; TOCOPHEROL||True||2640364P|||||||||10
2615466|mueller||||||||2024-10-28|SANTE NATURAL DREAMS Duschcreme Bio-Vanille & Kokosöl|SANTE||200|ml|Home|Parfümerie|Pflege|Körperpflege|Duschen|SANTE NATURAL DREAMS Duschcreme Bio-Vanille & Kokosöl||4,95 €|4,95 €|||||||||||24,75 € / 1 l|||EUR|Home> Parfümerie> Pflege> Körperpflege> Duschen> SANTE NATURAL DREAMS Duschcreme Bio-Vanille & Kokosöl|https://www.mueller.at/p/sante-natural-dreams-duschcreme-bio-vanille-kokosoel-2615466/|200 ml|"Die SANTE Natural Dreams Duschcreme sorgt für einen hautschmeichelnden Wohlfühl-Duschmoment.
Die cremige Formulierung mit zartem Schaum pflegt und verwöhnt die Sinne. Milde Tenside reinigen die Haut sanft. Die Haut wird schon beim Duschen vor dem Austrocknen geschützt. 
Anti-Spannungsgefühl für eine weiche und geschmeidige Haut. Rein natürlicher, sinnlicher Duft. 
Bio-Vanille: Bekannt für ihre entspannenden und feuchtigkeitsbewahrenden Eigenschaften."|||||Deutschland|||||||||||||||||Non-Organic||||"{'target_group': 'Damen|Herren|Unisex', 'manufacturer': ""L'Oréal Deutschland GmbH"", 'Herstelleradresse': 'Hertzstr. 175 76187 Karlsruhe Deutschland', 'Herkunftsland': 'Deutschland', 'Anwendungshinweis': 'Eine ausreichende Menge Duschgel während des Duschens oder Badens auf die feuchte Haut auftragen und sanft massieren. Dann mit reichlich warmem Wasser abnehmen.', 'package_contents': 'Aqua, Vitis Vinifera (Grape) Seed Oil, Coco-Glucoside, Glycerin, Butyrospermum Parkii (Shea) Butter*, Glyceryl Oleate, Carrageenan, Vanilla Planifolia Fruit Extract*, Cocos Nucifera (Coconut) Oil*, Prunus Domestica Seed Extract, Disodium Cocoyl Glutamate, Sodium Cocoyl, Glutamate, Glyceryl Caprylate, Xanthan Gum, Tocopherol, Helianthus Annuus (Sunflower), Seed Oil*, Lactic Acid, Citric Acid, Phytic Acid, Hydrogenated Palm Glycerides Citrate, Potassium Sorbate, Parfum (Fragrance)**, Coumarin**, Limonene** <br><br>\nBestandteile: <br>\ngereinigtes Wasser, Traubenkernöl, Zuckertensid, pfl. Glycerin, Sheabutter, Glyceryloleat, Rotalgenextrakt, Vanilleextrakt, Kokosöl, Pflaumenkernextrakt, waschaktive Aminosäuren, waschaktive Aminosäuren, Glyceryl-Fettsäureester, Xanthan, Vitamin E, Sonnenblumenöl, Milchsäure, Zitronensäure, Phytinsäure, Zitronensäureester, Kaliumsorbat, Mischung äth. Öle, äth. Ölinhaltsstoff, äth. Ölinhaltsstoff <br><br>\n*aus kontrolliert biologischem Anbau<br>\n**natürliche', 'skin_type': 'alle Hauttypen', 'product_property': 'reinigend', 'Inhalt': '200 ml', 'scope_of_application': 'Duschen', 'Produkttyp': 'Creme'}"||||||||||||||5.0|2|2615466_1.png|https://static.mueller.de/6743109425-PV-0/pdzoom/sante-natural-dreams-duschcreme-bio-vanille-kokosoel.webp|2615466_2.png|https://static.mueller.de/6743109425-PR-1/pdzoom/sante-natural-dreams-duschcreme-bio-vanille-kokosoel.webp||||||||||||||||||||L'Oréal Deutschland GmbH||||||||||200 ml|"Aqua, Vitis Vinifera (Grape) Seed Oil, Coco-Glucoside, Glycerin, Butyrospermum Parkii (Shea) Butter*, Glyceryl Oleate, Carrageenan, Vanilla Planifolia Fruit Extract*, Cocos Nucifera (Coconut) Oil*, Prunus Domestica Seed Extract, Disodium Cocoyl Glutamate, Sodium Cocoyl, Glutamate, Glyceryl Caprylate, Xanthan Gum, Tocopherol, Helianthus Annuus (Sunflower), Seed Oil*, Lactic Acid, Citric Acid, Phytic Acid, Hydrogenated Palm Glycerides Citrate, Potassium Sorbate, Parfum (Fragrance)**, Coumarin**, Limonene** <br><br>
Bestandteile: <br>
gereinigtes Wasser, Traubenkernöl, Zuckertensid, pfl. Glycerin, Sheabutter, Glyceryloleat, Rotalgenextrakt, Vanilleextrakt, Kokosöl, Pflaumenkernextrakt, waschaktive Aminosäuren, waschaktive Aminosäuren, Glyceryl-Fettsäureester, Xanthan, Vitamin E, Sonnenblumenöl, Milchsäure, Zitronensäure, Phytinsäure, Zitronensäureester, Kaliumsorbat, Mischung äth. Öle, äth. Ölinhaltsstoff, äth. Ölinhaltsstoff <br><br>
*aus kontrolliert biologischem Anbau<br>
**natürliche"||True||2615466P|||||||||10
2654996|mueller||||||||2024-10-28|RBV BIRKMANN Kastenform LAIB & SEELE 30cm|RBV BIRKMANN||1|Stk.|Home|Haushalt|Kochen & Backen|Auflauf- & Backformen|RBV BIRKMANN Kastenform LAIB & SEELE 30cm|||36,45 €|36,45 €|36,45 €|24,95 €||||32%|Sie sparen 32%|||||||EUR|Home> Haushalt> Kochen & Backen> Auflauf- & Backformen> RBV BIRKMANN Kastenform LAIB & SEELE 30cm|https://www.mueller.at/p/rbv-birkmann-kastenform-laib-seele-30cm-2654996/|1 Stk.|Kastenform emailliert, Laib und Seele, Maße: Länge 30 x Höhe 7 cm, ca. 1700 ml, in Geschenkverpackung||||||||||||||||||||||Non-Organic||||{'manufacturer': 'RBV Birkmann GmbH & Co. KG', 'Herstelleradresse': 'Hegelstraße 15 ,33790 Halle/Westfalen', 'Kontaktmöglichkeit': 'info@birkmann.de', 'Inhalt': '1 Stk.'}||||||||||||||0|0|2654996_1.png|https://static.mueller.de/6803267290-PV-0/pdzoom/rbv-birkmann-kastenform-laib-seele-30cm.webp|2654996_2.png|https://static.mueller.de/6803267290-PB-1/pdzoom/rbv-birkmann-kastenform-laib-seele-30cm.webp|2654996_3.png|https://static.mueller.de/6803267290-PB-2/pdzoom/rbv-birkmann-kastenform-laib-seele-30cm.webp||||||||||||||||||RBV Birkmann GmbH & Co. KG||||||||||1 Stk.|||True||2654996P|||||||||9
2654999|mueller||||||||2024-10-28|KAISER Kastenform 20-35cm|KAISER||1|Stk.|Home|Haushalt|Kochen & Backen|Auflauf- & Backformen|KAISER Kastenform 20-35cm|||32,99 €|32,99 €||||||||||||||EUR|Home> Haushalt> Kochen & Backen> Auflauf- & Backformen> KAISER Kastenform 20-35cm|https://www.mueller.at/p/kaiser-kastenform-20-35cm-2654999/|1 Stk.|Die Brot- und Kuchenform von KAISER ähnelt einer Kastenbackform und fasst je nach Größe 750 bis 1.500 Gramm Teig. In der stabilen Form aus Feinblech gelingen Rührkuchen sowie Brote aller Art – so backen Sie Süßes und Deftiges in nur einer Form. Die schwarze Oberfläche ist mit einer sauerteigbeständigen Antihaftbeschichtung versiegelt und daher auch für Brotbackmischungen geeignet. Die Wärme wird gleichmäßig auf das Backgut übertragen, der Teig backt locker und erhält eine ausgewogene Bräunung. Praktisch: Die Größe ist verstellbar (20-35cm) , sodass die Brot- und Kuchenform ebenso für kleine Mengen Teig verwendet werden kann.||||||||||||||||||||||Non-Organic||||{'scope_of_delivery': '1x Kuchen-/ Brotform 20-35 cm mit Rezeptheft', 'Pflegehinweis': 'Handwäsche', 'Farbe': 'grau', 'Inhalt': '1 Stk.'}||||||grau||||||||0|0|2654999_1.png|https://static.mueller.de/6803267540-PV-0/pdzoom/kaiser-kastenform-20-35cm.webp|2654999_2.png|https://static.mueller.de/6803267540-PB-1/pdzoom/kaiser-kastenform-20-35cm.webp|2654999_3.png|https://static.mueller.de/6803267540-PB-2/pdzoom/kaiser-kastenform-20-35cm.webp|2654999_4.png|https://static.mueller.de/6803267540-PB-3/pdzoom/kaiser-kastenform-20-35cm.webp|2654999_5.png|https://static.mueller.de/6803267540-PB-4/pdzoom/kaiser-kastenform-20-35cm.webp|2654999_6.png|https://static.mueller.de/6803267540-PB-5/pdzoom/kaiser-kastenform-20-35cm.webp||||||Handwäsche||||||||||||||||1 Stk.|||False||2654999P|||||||||1
588886|mueller||||||||2024-10-28|Power System Proteinriegel Bite Power Banane|POWER SYSTEM||35|g|Home|Drogerie|Lebensmittel|Nahrungsergänzung|Power System Proteinriegel Bite Power Banane|||1,39 €|1,39 €|||||||||||39,71 € / 1 kg|||EUR|Home> Drogerie> Lebensmittel> Nahrungsergänzung> Power System Proteinriegel Bite Power Banane|https://www.mueller.at/p/power-system-proteinriegel-bite-power-banane-588886/|35 g|"Du suchst eine Kleinigkeit für zwischendurch? Dann ist der Bite Power genau das Richtige für dich. Der Riegel im kleinen Format versorgt dich mit 32% Protein und zusätzlich mit Vitamin B6. - 32% Protein
- Proteine für Muskelaufbau
- hoher Vitamin B6 Gehalt 
- mit Vitamin B1, B2, B6, C, E und Pantothensäure"||Kühl, trocken und lichtgeschützt lagern|||||||||{'Nährwerte je': '100  g', 'Brennwert': '1640 kj / 389 kcal', 'Fett in g': '10.0 g', '- davon gesättigte Fettsäuren in g': '5.9 g', 'Kohlenhydrate in g': '40.0 g', '- davon Zucker in g': '28.0 g', 'Eiweiß in g': '32.0 g', 'Salz in g': '0.21 g'}|||||||||||Non-Organic||||{'Lagerhinweis': 'Kühl, trocken und lichtgeschützt lagern', 'manufacturer': 'Well Plus Trade GmbH', 'Herstelleradresse': 'Borsteler Chaussee 47, 22453 Hamburg', 'Kontaktmöglichkeit': 'info@wellplustrade.com', 'Inhalt': '35 g', 'Zutaten': 'MILCHEIWEIß, Glukosesirup, 17% VOLLMILCHSCHOKOLADE (Zucker, VOLLMILCHPULVER, Kakaobutter, Kakaomasse, Emulgator: SOJALECITHINE; Aroma), Fruktosesirup, Rinderkollagenhydrolysat, Dextrose, Palmfett, Wasser, Aroma, Vitamin C, Salz, EIKLARPULVER, Vitamin E, Pantothensäure, Vitamin B2, Vitamin B6, Vitamin B1.Kann Spuren von Gluten, Erdnüssen und anderen Schalenfrüchten enthalten.', 'Produkttyp': 'Ketchup, Saucen & Pesto', 'warning_notice': 'Die angegebene empfohlene tägliche Verzehrsmenge darf nicht überschritten werden. Nahrungsergänzungsmittel sollten nicht als Ersatz für eine ausgewogene und abwechslungsreiche Ernährung dienen. Achten Sie auf eine gesunde Lebensweise. Außerhalb der Reichweite von kleinen Kindern aufbewahren.'}||||||||||||||0|0|588886_1.png|https://static.mueller.de/markant_04260044260228_pv_4262096/pdzoom/power-system-proteinriegel-bite-power-banane.webp||||||||||||||||||||||Well Plus Trade GmbH||||||||||35 g|||True||588886P||||Achten Sie unbedingt auf eine ausgewogene, abwechslungsreiche Ernährung und eine gesunde Lebensweise.|||||10
2615458|mueller||||||||2024-10-28|Pettersson und Findus - Mein erstes Uhrenbuch|-||1|Stk.|Home|Spielwaren|Buch & Schulbedarf|Kinder- & Jugendbücher|Pettersson und Findus - Mein erstes Uhrenbuch|||10,30 €|10,30 €||||||||||||||EUR|Home> Spielwaren> Buch & Schulbedarf> Kinder- & Jugendbücher> Pettersson und Findus - Mein erstes Uhrenbuch|https://www.mueller.at/p/pettersson-und-findus-mein-erstes-uhrenbuch-2615458/|1 Stk.|Einen aufregenden Tag mit Pettersson und Findus erleben! Auf dem Bauernhof gibt es von morgens bis abends immer viel zu tun und zu entdecken. Kinder ab 4 Jahren erleben mit dem liebenswerten Pettersson und seinem frechen Kater Findus den Tagesablauf und lernen dabei spielerisch den ersten Umgang mit der Uhrzeit. Alle Zeiten können mithilfe von beweglichen Zeigern auf dem Ziffernblatt eingestellt werden.||||||||||||||||||||||Non-Organic||||{'genre': 'Lernen', 'Einband': 'Hardcover', 'publishing_year': '2019', 'Inhalt': '1 Stk.', 'ISBN Ausgangsbuch': '9783961291137', 'Produkttyp': 'Kinder- & Jugendbücher', 'page_number': '12'}||||||||||||||0|0|2615458_1.png|https://static.mueller.de/6751082726-PV-0/pdzoom/pettersson-und-findus-mein-erstes-uhrenbuch.webp||||||||||||||||||||||||||||||||1 Stk.|||True||2615458P|||||||||10
3013951|mueller||||||||2024-10-28|Gawol Pralinen-/Trüffeldose|GAWOL||1|Stk.|Home|Haushalt|Kochen & Backen|Aufbewahrung|Vorratsdosen|Gawol Pralinen-/Trüffeldose||5,99 €|5,99 €||||||||||||||EUR|Home> Haushalt> Kochen & Backen> Aufbewahrung> Vorratsdosen> Gawol Pralinen-/Trüffeldose|https://www.mueller.at/p/gawol-pralinen-trueffeldose-IPN3013951/|1 Stk.|in moderner randloster Form, für 250 g Pralinen, lebensmittelecht||||||||||||||||||||||Non-Organic||||{'Gewicht': '0.17', 'manufacturer': 'Gawol GmbH', 'Herstelleradresse': 'Am Schäferrain 2 - 4, 76437 Rastatt', 'Kontaktmöglichkeit': 'verkauf@gawol.com', 'Materialdetails': 'Weißblech', 'Material': 'Weißblech', 'Höhe': '4 cm', 'Breite': '18.5 cm', 'Tiefe': '12.5 cm', 'Inhalt': '1 Stk.'}||||||||Weißblech||||||0|0|3013951_1.png|https://static.mueller.de/pdzoom/4033051032207.webp||||||||||||||||||||||Gawol GmbH||||||||||1 Stk.|||True||3013951P|||||||||10
3013948|mueller||||||||2024-10-28|Decoris Papier Engel 15cm|DECORIS||1|Stk.|Home|Haushalt|Wohnen & Dekorieren|Deko-Zubehör|Decoris Papier Engel 15cm|||2,99 €|2,99 €||||||||||||||EUR|Home> Haushalt> Wohnen & Dekorieren> Deko-Zubehör> Decoris Papier Engel 15cm|https://www.mueller.at/p/decoris-papier-engel-15cm-IPN3013952/|1 Stk.|Papier Engel 15cm||||||||||||||||||||||Non-Organic||||{'manufacturer': 'Kaemingk GmbH', 'Herstelleradresse': 'Broekstraat 13, NL-7122 MN Aalten', 'Kontaktmöglichkeit': 'info@ksd-deco.com', 'Materialdetails': 'Papier', 'Material': 'Papier', 'Farbe': 'weiß', 'Höhe': '15 cm', 'Durchmesser': '12.5 cm', 'Inhalt': '1 Stk.'}||||||weiß||Papier||||||0|0|3013948_1.png|https://static.mueller.de/pdzoom/8720194228340.webp||||||||||||||||||||||Kaemingk GmbH||||||||||1 Stk.|||True||3013948P|||||||||10
3013955|mueller||||||||2024-10-28|Gawol Pralinen-/Trüffeldose|GAWOL||1|Stk.|Home|Haushalt|Kochen & Backen|Aufbewahrung|Vorratsdosen|Gawol Pralinen-/Trüffeldose||3,99 €|3,99 €||||||||||||||EUR|Home> Haushalt> Kochen & Backen> Aufbewahrung> Vorratsdosen> Gawol Pralinen-/Trüffeldose|https://www.mueller.at/p/gawol-pralinen-trueffeldose-IPN3013955/|1 Stk.|in moderner randloster Form, für 150 g Pralinen, lebensmittelecht||||||||||||||||||||||Non-Organic||||{'Gewicht': '0.1', 'manufacturer': 'Gawol GmbH', 'Herstelleradresse': 'Am Schäferrain 2 - 4, 76437 Rastatt', 'Kontaktmöglichkeit': 'verkauf@gawol.com', 'Materialdetails': 'Weißblech', 'Material': 'Weißblech', 'Höhe': '3.1 cm', 'Breite': '14.2 cm', 'Tiefe': '10.1 cm', 'Inhalt': '1 Stk.'}||||||||Weißblech||||||0|0|3013955_1.png|https://static.mueller.de/pdzoom/4033051032191.webp||||||||||||||||||||||Gawol GmbH||||||||||1 Stk.|||True||3013955P|||||||||10
2390968|mueller||||||||2024-10-28|Hahnemühle Aquarellblock Britannia 24 x 32cm 12 Blatt|HAHNEMÜHLE||1|Stk.|Home|Schreibwaren|Bastelbedarf|Papier & Karton|Hahnemühle Aquarellblock Britannia 24 x 32cm 12 Blatt|||14,90 €|14,90 €||||||||||||||EUR|Home> Schreibwaren> Bastelbedarf> Papier & Karton> Hahnemühle Aquarellblock Britannia 24 x 32cm 12 Blatt|https://www.mueller.at/p/hahnemuehle-aquarellblock-britannia-24-x-32cm-12-blatt-IPN2390968/|1 Stk.|"Egal ob du ein Anfänger oder schon ein ""alter Hase"" bist, Hahnemühle Britannia ist für jeden geeignet. Das 300 g/m² Papier liegt super flach nach dem Befeuchten. Die harte Oberfläche sorgt für ein leichtes Auftragen der Farbe. Britannia ist für alle Nasstechniken geeignet: Aquarell – insbesondere Nass-in-Nass-Malerei, Malen auf glatten Untergründen, sowie Trockentechniken und Lavis, Gouache, Tempera und Acryl."||||||||||||||||||||||Non-Organic||||{'Grammatur in g/m2': '300', 'scope_of_delivery': '1x 12 Blatt', 'Linienart': 'blanko/unliniert', 'manufacturer': 'Hahnemühle Fineart GmbH', 'Artikelnummer des Herstellers': '10628980', 'Inhalt': '1 Stk.', 'Produkttyp': 'Bastelpapier & -karton'}||||||||||||||0|0|2390968_1.png|https://static.mueller.de/pdzoom/4011367289805_04.webp|2390968_2.png|https://static.mueller.de/pdzoom/4011367289805_01.webp|2390968_3.png|https://static.mueller.de/pdzoom/4011367289805.webp|2390968_4.png|https://static.mueller.de/pdzoom/4011367289805_02.webp|2390968_5.png|https://static.mueller.de/pdzoom/4011367289805_03.webp||||||||||||||Hahnemühle Fineart GmbH||||||||||1 Stk.|||False||2390968P|||||||||1
2640389|mueller||||||||2024-10-28|Die 30 besten Schlaflieder für Kinder 2 Lamp und Leute|||1|Stk.|Home|Multi-Media|Musik|Kindermusik|Die 30 besten Schlaflieder für Kinder 2 Lamp und Leute|||9,99 €|9,99 €||||||||||||||EUR|Home> Multi-Media> Musik> Kindermusik> Die 30 besten Schlaflieder für Kinder 2 Lamp und Leute|https://www.mueller.at/p/die-30-besten-schlaflieder-fuer-kinder-2-lamp-und-leute-2640389/|1 Stk.|||||||||||||||||||||||Non-Organic||||{'medium': 'CD', 'Künstler': 'Sommerland,S./Glück,K. & Kita-Frösche,Die', 'Inhalt': '1 Stk.', 'Anzahl Medien im Artikel': '1', 'genre': 'Musik (Kinder)', 'Label': 'LAMP UND L'}||||||||||||||0|0|2640389_1.png|https://static.mueller.de/pdzoom/phononet_4260167473079_pv_4260167473079-0600px-001.webp||||||||||||||||||||||||||||||||1 Stk.|||True||2640389P|||||||||5
2194771|mueller||||||||2024-10-28|RBV BIRKMANN Gärkörbchen LAIB & SEELE Ø 19,5cm|RBV BIRKMANN||1|Stk.|Home|Haushalt|Kochen & Backen|Auflauf- & Backformen|RBV BIRKMANN Gärkörbchen LAIB & SEELE  Ø 19,5cm|||14,95 €|14,95 €||||||||||||||EUR|Home> Haushalt> Kochen & Backen> Auflauf- & Backformen> RBV BIRKMANN Gärkörbchen LAIB & SEELE  Ø 19,5cm|https://www.mueller.at/p/rbv-birkmann-gaerkoerbchen-laib-seele-19-5cm-2194771/|1 Stk.|Gärkörbchen rund, klein ür Brote von 700g - 1500g. Zum Gehenlassen des Brotteiges. Aus natürlichem Peddigrohr, verleiht dem Brot seine typische Struktur.||||||||||||||||||||||Non-Organic||||{'manufacturer': 'RBV Birkmann GmbH & Co. KG', 'Herstelleradresse': 'Hegelstraße 15 ,33790 Halle/Westfalen', 'Kontaktmöglichkeit': 'info@birkmann.de', 'Höhe': '8.5 cm', 'Breite': '20 cm', 'Tiefe': '20 cm', 'Durchmesser': '19.5 cm', 'Inhalt': '1 Stk.'}||||||||||||||3.0|1|2194771_1.png|https://static.mueller.de/6478479196-PV-0/pdzoom/rbv-birkmann-gaerkoerbchen-laib-seele-19-5cm.webp||||||||||||||||||||||RBV Birkmann GmbH & Co. KG||||||||||1 Stk.|||False||2194771P|||||||||1
22287|mueller||||||||2024-10-28|Kaufmanns Haut + Kinder-Creme|KAUFMANN'S||30|ml|Home|Drogerie|Pflege|Körperpflege|Pflege|Bodylotion & Creme|Kaufmanns Haut + Kinder-Creme|1,15 €|1,15 €|||||||||||38,33 € / 1 l|||EUR|Home> Drogerie> Pflege> Körperpflege> Pflege> Bodylotion & Creme> Kaufmanns Haut + Kinder-Creme|https://www.mueller.at/p/kaufmanns-haut-kinder-creme-22287/|30 ml|Kaufmanns Haut- und Kindercreme wurde besonders für sensible Haut entworfen und wird von Ärzten oft empfohlen. Sie ist für jeden Hauttyp und für den ganzen Körper geeignet. Die Creme schützt gegen schädliche Umwelteinflüsse und fördert die Entwicklung einer weichen und gepflegten Haut. beugt Wundwerden im Windelbereich vor bildet eine schützende Oberfläche mit wertvollen Ölen und Fetten Sofort-Hilfe für trockene und empfindliche HautVielseitig anwendbarFür Groß und Klein||- Dosen waagerecht lagern - Vor Sonne und Hitze schützen - Zusätzlich allg. Lagerhinweise für Kosmetik- u. Pflegeprodukte||||||||||||||||||||Non-Organic||||"{'Lagerhinweis': '- Dosen waagerecht lagern\n- Vor Sonne und Hitze schützen\n- Zusätzlich allg. Lagerhinweise für Kosmetik- u. Pflegeprodukte', 'target_group': 'Unisex', 'manufacturer': 'Walter Kaufmann Nachf. GmbH', 'Herstelleradresse': 'Schwabenheimer Weg 123, 55543 Bad Kreuznach', 'Kontaktmöglichkeit': 'http://www.kaufmanns-creme.de', 'Anwendungshinweis': 'Kinderpflege / allg. Hautpflege', 'package_contents': 'Petrolatum, Lanolin, Zink Oxide, Parfum, Limonene, Geranioil, Linalool, Citral, Citronellol, Amyl Cinnamal, Tocopherol', 'skin_type': 'feuchtigkeitsarme Haut', 'product_property': 'feuchtigkeitsspendend|schützend|pflegend', 'Inhalt': '30 ml', 'scope_of_application': 'Spezialpflege', 'Produkttyp': 'Lotion'}"||||||||||||||0|0|22287_1.png|https://static.mueller.de/markant_04011448001005_pv_4257250/pdzoom/kaufmanns-haut-kinder-creme.webp||||||||||||||||||||||Walter Kaufmann Nachf. GmbH||||||||||30 ml|Petrolatum, Lanolin, Zink Oxide, Parfum, Limonene, Geranioil, Linalool, Citral, Citronellol, Amyl Cinnamal, Tocopherol||True||22287P||||Außer Reichweite von Kindern aufbewahren.|||||10
2194778|mueller||||||||2024-10-28|umbra Abtropfmatte UDRY|UMBRA||1|Stk.|Home|Haushalt|Kochen & Backen|Küchenhelfer & -textilien|Spülhelfer|umbra Abtropfmatte UDRY||19,99 €|19,99 €||||||||||||||EUR|Home> Haushalt> Kochen & Backen> Küchenhelfer & -textilien> Spülhelfer> umbra Abtropfmatte UDRY|https://www.mueller.at/p/umbra-abtropfmatte-udry-2194778/|1 Stk.|"GESCHIRR TROCKENGESTELL UND ABTROPFMATTE IN EINEM: Sparen Sie sich das Abtrocknen Ihres Geschirrs – Udry übernimmt die Arbeit für Sie; lassen Sie Geschirr, Gläser, Besteck, Töpfe, Pfannen etc. auf dem Trockengestell und der Mikrofaser Matte einfach lufttrocknen. 

EXTRA SAUGSTARKE MIKROFASER MATTE: Udry´s Mikrofaser Abtropfmatte absorbiert das Tropfwasser des Geschirrs und schützt so Ihre Arbeitsfläche vor Verkratzen und Wasserrändern.

ABNEHMBARES ABTROPFGESTELL: Das strapazierfähige Abtropfgestell aus BPA-freiem Kunststoff kann mittig oder seitlich an der Mikrofaser Matte befestigt werden; das Abtropfgestell lässt sich zum Saubermachen im Handumdrehen abnehmen und in der Spülmaschine (oberes Fach) reinigen.

KOMPAKT: Das schlichte Design von Udry sieht auf allen Arbeitsplatten gut aus und bietet überraschend viel Platz für Ihr Geschirr; wenn Udry nicht gebraucht wird, lässt er sich zusammengefaltet in einer Schublade oder im Schrank aufbewahren – so haben Sie im Handumdrehen eine aufgeräumte Arbeitsplatte

ENTWORFEN VON DESIGNER DAVID GREEN FÜR UMBRA: Udry ist eine weitere Küchenproduktinnovation von Umbra – einfach in der Handhabung, gut zu reinigen und dazu sieht Udry auch noch gut aus; Abmessungen: 60 x 45 cm"||||||||||||||||||||||Non-Organic||||{'manufacturer': 'UMBRA B.V.', 'Herstelleradresse': 'Monitorweg 1, NL-1322 BJ Almere', 'Kontaktmöglichkeit': 'EU.CustomerService@umbra.com', 'Inhalt': '1 Stk.'}||||||||||||||0|0|2194778_1.png|https://static.mueller.de/6102583545-PV-0/pdzoom/umbra-abtropfmatte-udry.webp|2194778_2.png|https://static.mueller.de/6102583545-PB-1/pdzoom/umbra-abtropfmatte-udry.webp||||||||||||||||||||UMBRA B.V.||||||||||1 Stk.|||True||2194778P|||||||||8
3013963|mueller||||||||2024-10-28|BIP Fanimation mit Fruit Flavour Candy Paw Patrol|BIP||1|Stk.|Home|Drogerie|Lebensmittel|Süßigkeiten|Bonbons & Lutscher|BIP Fanimation mit Fruit Flavour Candy Paw Patrol||9,99 €|9,99 €||||||||||||||EUR|Home> Drogerie> Lebensmittel> Süßigkeiten> Bonbons & Lutscher> BIP Fanimation mit Fruit Flavour Candy Paw Patrol|https://www.mueller.at/p/bip-fanimation-mit-fruit-flavour-candy-paw-patrol-IPN3013963/|1 Stk.|Fanimation, animated LED Show|||||China|Kann Gluten und Soja enthaltnen.|||||{'Nährwerte je': '100g', 'Brennwert': '1528 kj / 365 kcal', 'Fett in g': '0', '- davon gesättigte Fettsäuren in g': '0', 'Kohlenhydrate in g': '91', '- davon Zucker in g': '82', 'Ballaststoffe in g': '0', 'Eiweiß in g': '0', 'Salz in g': '0'}|||||||||||Non-Organic||||{'target_group': 'Kinder', 'manufacturer': 'BIP BIP Holland B.V.', 'Herstelleradresse': 'NL-4813 DA Breda, Princenhagelaan 13', 'Kontaktmöglichkeit': 'info@bip.nl', 'Herkunftsland': 'China', 'Allergenhinweis': 'Kann Gluten und Soja enthaltnen.', 'Inhalt': '1 Stk.', 'Zutaten': 'Dextrose, anti-Caking agent: E572; tapioca cextrin, flavouring, colours: E100, E160a, E162; glazing agents: E903, E904.', 'Produkttyp': 'Bonbons & Kaubonbons'}||||||||||||||0|0|3013963_1.png|https://static.mueller.de/pdzoom/8714786306981_2.webp|3013963_2.png|https://static.mueller.de/pdzoom/8714786306981_1.webp||||||||||||||||||||BIP BIP Holland B.V.||||||||||1 Stk.|||True||3013963P|||||||||5
2390955|mueller||||||||2024-10-28|Hahnemühle Manga Markerblock a4 40 Blatt|HAHNEMÜHLE||1|Stk.|Home|Schreibwaren|Bastelbedarf|Papier & Karton|Hahnemühle Manga Markerblock a4 40 Blatt|||9,99 €|9,99 €||||||||||||||EUR|Home> Schreibwaren> Bastelbedarf> Papier & Karton> Hahnemühle Manga Markerblock a4 40 Blatt|https://www.mueller.at/p/hahnemuehle-manga-markerblock-a4-40-blatt-IPN2390955/|1 Stk.|Mit nur 80 g/m² Flächengewicht ist das glatte Markerpapier im Layoutbuch Manga besonders dünn. Vorteil: Du kannst Deine Motive von einer Seite auf die nächste durchzeichnen. Die geschlossene Oberfläche des Papiers sorgt dafür, dass Tinte von Filzstiften und Markern nicht durchschlägt oder verläuft. Lieferbar ist Manga Layout & Illustration Papier als Block mit 40 Blatt im Format A4. Säurefrei und alterungsbeständig.||||||||||||||||||||||Non-Organic||||{'Blatt': '40', 'Grammatur in g/m2': '80', 'scope_of_delivery': '1x 40 Blatt', 'Linienart': 'blanko/unliniert', 'manufacturer': 'Hahnemühle Fineart GmbH', 'Artikelnummer des Herstellers': '10628580', 'Inhalt': '1 Stk.', 'format': 'A4', 'Produkttyp': 'Bastelpapier & -karton'}||||||||||||||0|0|2390955_1.png|https://static.mueller.de/pdzoom/4011367285807_02.webp|2390955_2.png|https://static.mueller.de/pdzoom/4011367285807.webp|2390955_3.png|https://static.mueller.de/pdzoom/4011367285807_01.webp||||||||||||||||||Hahnemühle Fineart GmbH||||||||||1 Stk.|||False||2390955P|||||||||1
3013969|mueller||||||||2024-10-28|LENA Brummkreisel 19 cm Peppa Pig|LENA||1|Stk.|Home|Spielwaren|Baby & Kleinkind|Kleinkindspielzeug|LENA Brummkreisel 19 cm Peppa Pig|||17,99 €|17,99 €|17,99 €|11,99 €||||33%|Sie sparen 33%|||||||EUR|Home> Spielwaren> Baby & Kleinkind> Kleinkindspielzeug> LENA Brummkreisel 19 cm Peppa Pig|https://www.mueller.at/p/lena-brummkreisel-19-cm-peppa-pig-IPN3013969/|1 Stk.|LENA® Brummkreisel 19 cm Peppa Pig. Ø 19 cm. Für Kinder ab 18 Monate. Verpackt in buntem Schaukarton. MADE IN EUROPE.||||||||18 Monate||||||||||||||Non-Organic||||"{'target_group': 'Kleinkinder|Kindergartenkinder', 'Altersempfehlung ab': '18 Monate', 'Inhalt': '1 Stk.', 'Produkttyp': 'Kreisel'}"||||||||||||||0|0|3013969_1.png|https://static.mueller.de/pdzoom/4006942908509.webp|3013969_2.png|https://static.mueller.de/pdzoom/4006942908509_2.webp|3013969_3.png|https://static.mueller.de/pdzoom/4006942908509_3.webp||||||||||||||||||||||||||||1 Stk.|||True||3013969P|||||||||10
2194746|mueller||||||||2024-10-28|umbra Badewannenstöpsel und Haarsieb Flex|UMBRA||1|Stk.|Home|Haushalt|Wohnen & Dekorieren|Badausstattung|Badaccessoires|umbra Badewannenstöpsel und Haarsieb Flex||8,99 €|8,99 €||||||||||||||EUR|Home> Haushalt> Wohnen & Dekorieren> Badausstattung> Badaccessoires> umbra Badewannenstöpsel und Haarsieb Flex|https://www.mueller.at/p/umbra-badewannenstoepsel-und-haarsieb-flex-2194745/|1 Stk.|"Umbra Flex Badewannenstöpsel und Haarsieb – Abfluss Stöpsel und Abflusssieb für Dusche, Badewanne, Waschbecken und Spüle, Silikon
Umbra hat die Badezimmer Accessoires, die Sie brauchen, um Ihre Dusche und Badewanne sauber und organisiert zu halten. Somit können Sie Ihre Morgendusche noch mehr genießen. Wir stellen den Flex Abflussstöpsel mit integriertem Abflusssieb vor. Verabschieden Sie sich von verstopften Duschabflüssen und Abflussstöpseln, die nicht richtig funktionieren. Mit Flex bekommen Sie einen funktionalen Abflussstöpsel und ein Abflusssieb, das Ihren Abfluss garantiert vor dem Verstopfen mit Haaren schützt. Legen Sie hierzu den Abflussstöpsel auf den Abfluss ihrer Badewanne, Duschwanne, Waschbecken oder Spülbecken. Um ihn als Ablaufstopfen zu nutzen, drücken Sie einfach die Mitte des Stöpsels herunter. Um ihn als Haarsieb zu nutzen, öffnen Sie das Ventil, indem Sie auf den silbernen Knopf in der Mitte drücken. Flex hat einen Durchmesser von 8,9 cm, eine Höhe von 3,2 cm und passt auf alle Standard Abflüsse. Worauf warten Sie noch, bestellen Sie Ihren Flex Abflussstöpsel noch heute. Über Umbra: Umbra ist ein international operierendes Designunternehmen, das für originelle, moderne, coole, funktionale und bezahlbare Produkte für Wohnen & Leben bekannt ist.

MEHRZWECK ABLAUFSTÖPSEL: Flex dient sowohl als Abfluss Stöpsel als auch als Haarsieb; drücken Sie den Mittelteil mit dem silbernen Knopf herunter, um das Ventil zu verschließen und Wasserablauf zu stoppen; um das Ventil für Wasserablauf zu öffnen und das Haarsieb zu aktivieren, drücken Sie den silbernen Knopf in der Mitte
VERABSCHIEDEN SIE SICH VON DEM HERKÖMMLICHEN BADEWANNENSTÖPSEL: Der aus flexiblem, widerstandsfähigem und wasserdichtem Silikon gefertigte Flex Waschbeckenstöpsel sieht nicht nur gut aus, er ist auch garantiert funktional und dabei noch rostfrei
EINFACHE HANDHABUNG UND REINIGUNG: Der vielseitige Flex lässt sich leicht in Badewannen, Waschbecken, Duschwannen und Spülbecken einsetzen; passt auf Standard Abflüsse; zum Reinigen spülen Sie Flex einfach mit Wasser und milder Seife ab
VON DESIGNERN ALAN WISNIEWSKI UND ANTHONY KEELER FÜR UMBRA ENTWORFEN: Dieser funktionale Abfluss Stöpsel hat einen Durchmesser von 8,9 cm, eine Höhe von 3,2 cm und ist in Weiß und Grau erhältlich
"||||||||||||||||||||||Non-Organic||||{'manufacturer': 'UMBRA B.V.', 'Herstelleradresse': 'Monitorweg 1, NL-1322 BJ Almere', 'Kontaktmöglichkeit': 'EU.CustomerService@umbra.com', 'Materialdetails': 'Silikon', 'Material': 'Silikon', 'Farbe': 'grau', 'Höhe': '2.5 cm', 'Durchmesser': '10.2 cm', 'Inhalt': '1 Stk.'}||||||grau||Silikon||||||5.0|1|2194746_1.png|https://static.mueller.de/pdzoom/0028295467988_PV.webp|2194746_2.png|https://static.mueller.de/pdzoom/0028295467988_PD1.webp|2194746_3.png|https://static.mueller.de/pdzoom/0028295467988_PD3.webp|2194746_4.png|https://static.mueller.de/pdzoom/0028295467988_PD2.webp||||||||||||||||UMBRA B.V.||||||||||1 Stk.|||True||2194746P|||||||||9
3013973|mueller||||||||2024-10-28|Gawol Gebäckdose|GAWOL||1|Stk.|Home|Haushalt|Kochen & Backen|Aufbewahrung|Vorratsdosen|Gawol Gebäckdose||7,99 €|7,99 €||||||||||||||EUR|Home> Haushalt> Kochen & Backen> Aufbewahrung> Vorratsdosen> Gawol Gebäckdose|https://www.mueller.at/p/gawol-gebaeckdose-IPN3013973/|1 Stk.|in randloser eleganter Form, lebensmittelecht||||||||||||||||||||||Non-Organic||||{'Gewicht': '0.2', 'manufacturer': 'Gawol GmbH', 'Herstelleradresse': 'Am Schäferrain 2 - 4, 76437 Rastatt', 'Kontaktmöglichkeit': 'verkauf@gawol.com', 'Materialdetails': 'Weißblech', 'Material': 'Weißblech', 'Höhe': '7.5 cm', 'Breite': '15 cm', 'Tiefe': '15 cm', 'Inhalt': '1 Stk.'}||||||||Weißblech||||||0|0|3013973_1.png|https://static.mueller.de/pdzoom/4033051031941.webp||||||||||||||||||||||Gawol GmbH||||||||||1 Stk.|||True||3013973P|||||||||10
956541|mueller||||||||2024-10-28|Blue Star Kraft Aktiv Hawaii|BLUE STAR||100|g|Home|Drogerie|Haushalt|Putzen & Reinigen|WC-Reiniger & -Steine|Blue Star Kraft Aktiv Hawaii||4,95 €|4,95 €|4,95 €|4,45 €||||10%|Sie sparen 10%||||44,50 € / 1 kg|||EUR|Home> Drogerie> Haushalt> Putzen & Reinigen> WC-Reiniger & -Steine> Blue Star Kraft Aktiv Hawaii|https://www.mueller.at/p/blue-star-kraft-aktiv-hawaii-956541/|100 g|Blue Star Kraft Aktiv mit +50% Anti-Kalk Effekt** bietet langanhaltenden Duft und eine starke Formel gegen Kalk für eine saubere, glänzende Toilette. **Nach mehreren Spülgängen, im Vgl. zu unbehandelten Oberflächen.||||||||||||||||||||||Non-Organic||||{'manufacturer': 'Henkel Central Eastern Europe GmbH', 'Herstelleradresse': 'Erdbergstraße 29, 1030 Wien', 'Kontaktmöglichkeit': 'corporate.communicationsaustria@henkel.com', 'Anwendungshinweis': 'Blue Star Kraft Aktiv WC Beckenstein am Beckenrand einhängen. Spritzer auf WC-Sitz, WC-Deckel oder anderen empfindlichen Oberflächen sofort mit klarem Wasser sorgfältig entfernen.', 'package_contents': '> 30% anionische Tenside, 5-15% nichtionische Tenside; Duftstoffe (Alpha-Isomethyl Ionone).', 'Inhalt': '100 g', 'Produkttyp': 'WC-Steine & -Düfte'}||||||||||||||0|0|956541_1.png|https://static.mueller.de/pdzoom/9000100966481_10102024_1.webp||||||||||||||||||||||Henkel Central Eastern Europe GmbH||||||||||100 g|> 30% anionische Tenside, 5-15% nichtionische Tenside; Duftstoffe (Alpha-Isomethyl Ionone).||True||956541P||||Achtung Achtung. Verursacht Hautreizungen. Verursacht schwere Augenreizungen. Ist ärztlicher Rat erforderlich, Verpackung oder Kennzeichnungsetikett bereithalten. Darf nicht in die Hände von Kindern gelangen. Schutzhandschuhe / Augenschutz tragen. Bei Berührung mit der Haut: Mit viel Wasser waschen. Bei Kontakt mit den Augen: Einige Minuten lang behutsam mit Wasser spülen. Eventuell vorhandene Kontaktlinsen nach Möglichkeit entfernen. Weiter spülen. Bei anhaltender Augenreizung: Ärztlichen Rat einholen / ärztliche Hilfe hinzuziehen.|||||5
3013976|mueller||||||||2024-10-28|Lena - Truckies Gabelstapler|LENA||1|Stk.|Home|Spielwaren|Verkehr & Action|Fahr- & Flugzeuge|Fahrzeuge & Fluggeräte|Lena - Truckies Gabelstapler||10,99 €|10,99 €||||||||||||||EUR|Home> Spielwaren> Verkehr & Action> Fahr- & Flugzeuge> Fahrzeuge & Fluggeräte> Lena - Truckies Gabelstapler|https://www.mueller.at/p/lena-truckies-gabelstapler-IPN3013976/|1 Stk.|||||||||2 Jahre||||||||||||||Non-Organic||||"{'target_group': 'Kleinkinder|Kindergartenkinder', 'Artikelnummer des Herstellers': '01627', 'Altersempfehlung ab': '2 Jahre', 'Inhalt': '1 Stk.', 'Produkttyp': 'Einfache Spielmodelle'}"||||||||||||||0|0|3013976_1.png|https://static.mueller.de/pdzoom/4006942885800.webp|3013976_2.png|https://static.mueller.de/pdzoom/4006942885800_5.webp|3013976_3.png|https://static.mueller.de/pdzoom/4006942885800_12.webp|3013976_4.png|https://static.mueller.de/pdzoom/4006942885800_4.webp|3013976_5.png|https://static.mueller.de/pdzoom/4006942885800_3.webp||||||||||||||01627||||||||||1 Stk.|||True||3013976P|||||||||10
574259|mueller||||||||2024-10-28|Schmidt Spiele - DOG Royal|SCHMIDT SPIELE||1|Stk.|Home|Spielwaren|Spiele & Puzzles|Spiele|Gesellschaftsspiele|Schmidt Spiele - DOG Royal||25,99 €|25,99 €|25,99 €|19,99 €||||23%|Sie sparen 23%|||||||EUR|Home> Spielwaren> Spiele & Puzzles> Spiele> Gesellschaftsspiele> Schmidt Spiele - DOG Royal|https://www.mueller.at/p/schmidt-spiele-dog-royal-574259/|1 Stk.|DOG RoyalWer DOG mag, wird DOG ROYAL lieben! Durch neue trickreiche Karten, eine Rangfolge der Spielfiguren sowie durch Sonderfähigkeiten dieser Figuren wird aus dem genialen DOG ein taktischer Leckerbissen, der sie nicht mehr loslassen wird! Aber sagen Sie nicht, wir hätten Sie nicht gewarnt ... Ein absolutes Muss, nicht nur für DOG-Fans!||||||||8 Jahre||||||||||||||Non-Organic||||"{'Anleitungssprache': 'de', 'target_group': 'Freunde|Jugendliche', 'Artikelnummer des Herstellers': '49267', 'license': 'Schmidt Spiele Familienspiele', 'Altersempfehlung ab': '8 Jahre', 'Altersempfehlung bis': '99 Jahre', 'Spieldauer in Min.': 'ca. 40 Min', 'Inhalt': '1 Stk.', 'Spieleranzahl': '2 bis 6', 'Genre | Spielmotivation': 'Taktik', 'Produkttyp': 'Familienspiele'}"||||||||||||||3.0|1|574259_1.png|https://static.mueller.de/509349970-PV-0/pdzoom/schmidt-spiele-dog-royal.webp|574259_2.png|https://static.mueller.de/509349970-PB-1/pdzoom/schmidt-spiele-dog-royal.webp||||||||||||||||||||49267||||||||||1 Stk.|||False||574259P|||||||||1
3013979|mueller||||||||2024-10-28|Gawol Gebäckdose|GAWOL||1|Stk.|Home|Haushalt|Kochen & Backen|Aufbewahrung|Vorratsdosen|Gawol Gebäckdose||6,99 €|6,99 €||||||||||||||EUR|Home> Haushalt> Kochen & Backen> Aufbewahrung> Vorratsdosen> Gawol Gebäckdose|https://www.mueller.at/p/gawol-gebaeckdose-IPN3013979/|1 Stk.|in randloser eleganter Form, lebensmittelecht||||||||||||||||||||||Non-Organic||||{'Gewicht': '0.29', 'manufacturer': 'Gawol GmbH', 'Herstelleradresse': 'Am Schäferrain 2 - 4, 76437 Rastatt', 'Kontaktmöglichkeit': 'verkauf@gawol.com', 'Materialdetails': 'Weißblech', 'Material': 'Weißblech', 'Höhe': '5.5 cm', 'Breite': '18.3 cm', 'Tiefe': '18.3 cm', 'Inhalt': '1 Stk.'}||||||||Weißblech||||||0|0|3013979_1.png|https://static.mueller.de/pdzoom/4033051031965.webp||||||||||||||||||||||Gawol GmbH||||||||||1 Stk.|||True||3013979P|||||||||10
2640392|mueller||||||||2024-10-28|Endlich Ferien: 04: Helene und Karajan (Hörspiel)|||1|Stk.|Home|Multi-Media|Musik|Hörspiele|Endlich Ferien: 04: Helene und Karajan (Hörspiel)|||7,99 €|7,99 €||||||||||||||EUR|Home> Multi-Media> Musik> Hörspiele> Endlich Ferien: 04: Helene und Karajan (Hörspiel)|https://www.mueller.at/p/endlich-ferien-04-helene-und-karajan-hoerspiel-2640392/|1 Stk.|||||||||||||||||||||||Non-Organic||||{'medium': 'CD', 'Künstler': 'Die Schule der magischen Tiere', 'Inhalt': '1 Stk.', 'Anzahl Medien im Artikel': '1', 'genre': 'Hörspiel (Kinder)', 'Label': 'Karussell'}||||||||||||||0|0|2640392_1.png|https://static.mueller.de/pdzoom/phononet_0602508516207_pv_0602508516207-0600px-001.webp||||||||||||||||||||||||||||||||1 Stk.|||True||2640392P|||||||||5
2640394|mueller||||||||2024-10-28|Endlich Ferien: 05: Benni und Henrietta (Hörspiel)|||1|Stk.|Home|Multi-Media|Musik|Hörspiele|Endlich Ferien: 05: Benni und Henrietta (Hörspiel)|||3,33 €|3,33 €||||||||||||||EUR|Home> Multi-Media> Musik> Hörspiele> Endlich Ferien: 05: Benni und Henrietta (Hörspiel)|https://www.mueller.at/p/endlich-ferien-05-benni-und-henrietta-hoerspiel-2640394/|1 Stk.|||||||||||||||||||||||Non-Organic||||{'medium': 'CD', 'Künstler': 'Die Schule der magischen Tiere', 'Inhalt': '1 Stk.', 'Anzahl Medien im Artikel': '1', 'genre': 'Hörspiel (Kinder)', 'Label': 'Karussell'}||||||||||||||0|0|2640394_1.png|https://static.mueller.de/pdzoom/phononet_0602508516221_pv_0602508516221-0600px-001.webp||||||||||||||||||||||||||||||||1 Stk.|||False||2640394P|||||||||1
22268|mueller||||||||2024-10-28|PAP-ART Einmach-Etiketten Gewürze|PAP-ART||1|Stk.|Home|Schreibwaren|Bastelbedarf|Papier & Karton|PAP-ART Einmach-Etiketten Gewürze|||1,39 €|1,39 €||||||||||||||EUR|Home> Schreibwaren> Bastelbedarf> Papier & Karton> PAP-ART Einmach-Etiketten Gewürze|https://www.mueller.at/p/pap-art-einmach-etiketten-gewuerze-22268/|1 Stk.|Die folierten PAP-ART Einmach-Etiketten für Gewürze sorgen für Ordnung im Gewürzregal.||||||||||||||||||||||Non-Organic||||{'Inhalt': '1 Stk.'}||||||||||||||0|0|22268_1.png|https://static.mueller.de/pdzoom/4035774704010_22268_01.webp||||||||||||||||||||||||||||||||1 Stk.|||True||22268P|||||||||10
521178|mueller||||||||2024-10-28|bolsius Rustikkerze Shine Naturwax 8/6,8cm|BOLSIUS||1|Stk.|Home|Drogerie|Haushalt|Haushaltsartikel|Kerzen|Stumpenkerzen|bolsius Rustikkerze Shine Naturwax 8/6,8cm|2,79 €|2,79 €||||||||||||||EUR|Home> Drogerie> Haushalt> Haushaltsartikel> Kerzen> Stumpenkerzen> bolsius Rustikkerze Shine Naturwax 8/6,8cm|https://www.mueller.at/p/bolsius-rustikkerze-shine-naturwax-8-6-8cm-IPN521161/|1 Stk.|"Qualitätskerzen erkennst du an einer langen Brenndauer und der Verwendung von den besten Rohstoffen. Bolsius Teelichter qualmen und tropfen nicht. 
Hergestellt mit Achtung für Mensch und Planet, mit europäischem Pflanzlichem Wachs und frei von Palmöl. Der geflochtene Docht aus Baumwolle sorgt für 
eine dauerhaft stabile Flamme und verhindert, dass beim Abbrennen schwarzer Qualm, Ruß oder Rauch entsteht."||||||||||||||||||||||Non-Organic||||{'Gewicht': '260', 'special_function': '• Längere Brenndauer\n• Mit natürlichem & pflanzlichem Wachs\n• Ohne Palmöl\n• Ohne tierische Fette\n• Sauberes Abbrennen\n• Geeignet für den Innenbereich', 'manufacturer': 'bolsius', 'Herstelleradresse': 'Martin-Kremmer-Straße 14, 45327 Essen', 'Kontaktmöglichkeit': 'assistenz_nonfood@de.bolsius.com', 'Materialdetails': 'Wachs', 'Material': 'Wachs', 'package_contents': '-', 'Farbe': 'Samtrot', 'Höhe': '8 cm', 'Breite': '6.8 cm', 'Tiefe': '6.8 cm', 'Inhalt': '1 Stk.'}||||||Samtrot||Wachs||||||0|0|521178_1.png|https://static.mueller.de/pdzoom/8717847142894_PV.webp|521178_2.png|https://static.mueller.de/pdzoom/8717847142894_PD.webp||||||||||||||||||||bolsius||||||||||1 Stk.|-||True||521178P|||||||||10
3013984|mueller||||||||2024-10-28|Gawol Pralinen-/Trüffeldose|GAWOL||1|Stk.|Home|Haushalt|Kochen & Backen|Aufbewahrung|Vorratsdosen|Gawol Pralinen-/Trüffeldose||3,99 €|3,99 €||||||||||||||EUR|Home> Haushalt> Kochen & Backen> Aufbewahrung> Vorratsdosen> Gawol Pralinen-/Trüffeldose|https://www.mueller.at/p/gawol-pralinen-trueffeldose-IPN3013984/|1 Stk.|in moderner randloster Form, für 150 g Pralinen, lebensmittelecht||||||||||||||||||||||Non-Organic||||{'Gewicht': '0.1', 'manufacturer': 'Gawol GmbH', 'Herstelleradresse': 'Am Schäferrain 2 - 4, 76437 Rastatt', 'Kontaktmöglichkeit': 'verkauf@gawol.com', 'Materialdetails': 'Weißblech', 'Material': 'Weißblech', 'Höhe': '3.1 cm', 'Breite': '14.2 cm', 'Tiefe': '10.1 cm', 'Inhalt': '1 Stk.'}||||||||Weißblech||||||0|0|3013984_1.png|https://static.mueller.de/pdzoom/4033051031972.webp||||||||||||||||||||||Gawol GmbH||||||||||1 Stk.|||True||3013984P|||||||||10
2390972|mueller||||||||2024-10-28|Hahnemühle Aquarellblock Britannia 17 x 24cm 12 Blatt|HAHNEMÜHLE||1|Stk.|Home|Schreibwaren|Bastelbedarf|Papier & Karton|Hahnemühle Aquarellblock Britannia 17 x 24cm 12 Blatt|||8,49 €|8,49 €||||||||||||||EUR|Home> Schreibwaren> Bastelbedarf> Papier & Karton> Hahnemühle Aquarellblock Britannia 17 x 24cm 12 Blatt|https://www.mueller.at/p/hahnemuehle-aquarellblock-britannia-17-x-24cm-12-blatt-IPN2390972/|1 Stk.|"Egal ob du ein Anfänger oder schon ein ""alter Hase"" bist, Hahnemühle Britannia ist für jeden geeignet. Das 300 g/m² Papier liegt super flach nach dem Befeuchten. Die harte Oberfläche sorgt für ein leichtes Auftragen der Farbe. Britannia ist für alle Nasstechniken geeignet: Aquarell – insbesondere Nass-in-Nass-Malerei, Malen auf glatten Untergründen, sowie Trockentechniken und Lavis, Gouache, Tempera und Acryl."||||||||||||||||||||||Non-Organic||||{'Grammatur in g/m2': '300', 'scope_of_delivery': '1x 12 Blatt', 'Linienart': 'blanko/unliniert', 'manufacturer': 'Hahnemühle Fineart GmbH', 'Artikelnummer des Herstellers': '10628983', 'Inhalt': '1 Stk.', 'Produkttyp': 'Bastelpapier & -karton'}||||||||||||||0|0|2390972_1.png|https://static.mueller.de/pdzoom/4011367289836FRO.webp|2390972_2.png|https://static.mueller.de/pdzoom/4011367289836.webp|2390972_3.png|https://static.mueller.de/pdzoom/4011367289836_01.webp|2390972_4.png|https://static.mueller.de/pdzoom/4011367289836_03.webp|2390972_5.png|https://static.mueller.de/pdzoom/4011367289836_02.webp||||||||||||||Hahnemühle Fineart GmbH||||||||||1 Stk.|||True||2390972P|||||||||10
2180116|mueller||||||||2024-10-28|Mein superstarker Grundschulblock. Fit für die 1. Klasse|-||1|Stk.|Home|Bücher|Schule & Lernen|Mein superstarker Grundschulblock. Fit für die 1. Klasse||||6,70 €|6,70 €||||||||||||||EUR|Home> Bücher> Schule & Lernen> Mein superstarker Grundschulblock. Fit für die 1. Klasse|https://www.mueller.at/p/mein-superstarker-grundschulblock-fit-fuer-die-1-klasse-2180116/|1 Stk.|Wer versteckt sich denn da? Wie viele Tiere zählst du? Was gehört zusammen? Zählen, Raten und Suchen mögen alle Grundschulkinder gern. Ganz nebenbei vermitteln die lustigen Aufgaben wichtige Fähigkeiten und erstes Wissen zu wichtigen Schulthemen.||||||||6 Jahre||||||||||||||Non-Organic||||{'target_group': 'Kinder', 'manufacturer': 'VSB Braunschweig, Arena Verlag GmbH', 'Herstelleradresse': 'Rottendorfer Str. 16 97074 Würzburg', 'Kontaktmöglichkeit': 'https://www.arena-verlag.de/ueber-uns', 'Altersempfehlung ab': '6 Jahre', 'genre': 'Lernen', 'author': 'Dilg, Sonja; Henze, Dagmar', 'publisher': 'Arena Verlag GmbH', 'Inhalt': '1 Stk.', 'Produkttyp': 'Schule & Lernen', 'page_number': '192'}||||||||||||||0|0|2180116_1.png|https://static.mueller.de/5819487749-PV-0/pdzoom/mein-superstarker-grundschulblock-fit-fuer-die-1-klasse.webp||||||||||||||||||||||VSB Braunschweig, Arena Verlag GmbH||||||||||1 Stk.|||True||2180116P|||||||||10
2772177|mueller||||||||2024-10-28|nuts Wiederverwendbare Küchenrolle aus Bambus|NUTS||1|Stk.|Home|Drogerie|Haushalt|Papierartikel|Küchentücher|nuts Wiederverwendbare Küchenrolle aus Bambus||13,99 €|13,99 €||||||||||||||EUR|Home> Drogerie> Haushalt> Papierartikel> Küchentücher> nuts Wiederverwendbare Küchenrolle aus Bambus|https://www.mueller.at/p/nuts-wiederverwendbare-kuechenrolle-aus-bambus-2772177/|1 Stk.|"Bambuspapiertuch-Rolle ""grüne Blätter"" – die natürliche Alternative zur Einweg-Küchenrolle Unsere Bambuspapiertuch-Rolle besteht aus 100 % Bambus-Viskose und ist 100 % plastikfrei und deshalb kompostierbar.   Vorteile von Bambuspapiertücher: – mehr Einsatzmöglichkeiten: Bambuspapier ist wesentlich saug- und strapazierfähiger wie konventionelles Haushaltpapier. Man kann sie nass oder trocken einsetzen und damit Verschmutzungen entfernen, ausgelaufene Flüssigkeiten aufwischen, abstauben, Geschirr abtrocknen. – Gläser, Fenster und Brillen streifenfrei reinigen, u.v.m. – bis zu 50 x waschbar. – leicht verschmutzte Tücher kann man einfach mit Wasser spülen. – stark verschmutze Tücher kann man von Hand oder in einem Wäschenetz bei max. 40° C in der Waschmaschine reinigen. Nicht für den Trockner geeignet. Nicht bügeln. - 1 x 25 x 27 cm. 40 Blätter."||||||||||||||||||||||Non-Organic||||{'scope_of_delivery': '1 Rolle mit 40 Blättern.', 'manufacturer': 'JAWI Logistik GmbH', 'Herstelleradresse': 'Von-Linde-Str. 8, DE-95326 Kulmbach', 'Kontaktmöglichkeit': 'orders@nuts-innovations.com, www.nuts-innovations.com', 'Materialdetails': 'Bambus Viskose', 'Anwendungshinweis': 'Man kann sie nass oder trocken einsetzen und damit Verschmutzungen entfernen, ausgelaufene Flüssigkeiten aufwischen, abstauben, Geschirr abtrocknen, Gläser, Fenster und Brillen streifenfrei reinigen.', 'Inhalt': '1 Stk.'}||||||||Bambus Viskose||||||0|0|2772177_1.png|https://static.mueller.de/7188293331-PV-0/pdzoom/nuts-wiederverwendbare-kuechenrolle-aus-bambus.webp|2772177_2.png|https://static.mueller.de/7188293331-PB-1/pdzoom/nuts-wiederverwendbare-kuechenrolle-aus-bambus.webp|2772177_3.png|https://static.mueller.de/7188293331-PB-2/pdzoom/nuts-wiederverwendbare-kuechenrolle-aus-bambus.webp|2772177_4.png|https://static.mueller.de/7188293331-PB-3/pdzoom/nuts-wiederverwendbare-kuechenrolle-aus-bambus.webp||||||||||||||||JAWI Logistik GmbH||||||||||1 Stk.|||True||2772177P|||||||||3
675412|mueller||||||||2024-10-28|MAKE UP FACTORY Color Intuition Lip Balm|MAKE UP FACTORY||2.5|g|Home|Parfümerie|Make-up|Lippen|Lippenstift|MAKE UP FACTORY Color Intuition Lip Balm||13,95 €|13,95 €||||||||||||||EUR|Home> Parfümerie> Make-up> Lippen> Lippenstift> MAKE UP FACTORY Color Intuition Lip Balm|https://www.mueller.at/p/make-up-factory-color-intuition-lip-balm-IPN2879240/|2.5 g|Der Lip Balm mit selbstverfärbenden Pigmenten verwöhnt die Lippen mit hochwertiger Pflege, intensiviert die natürliche Lippenfarbe und passt sich dieser intuitiv an. Wenige Sekunden nach dem Auftragen zaubert der Balm dezent betonte Lippen. Die Farbe variiert je nach individuellem pH-Wert von leichtem Rosa bis warmem Pink. Aprikosen- und Pfirsichkernöl spenden Feuchtigkeit und pflegen die Lippen zart und geschmeidig. Parabenfrei. Hautverträglichkeit dermatologisch bestätigt.||||||||||||||||||||||Non-Organic||||{'consistency': 'Creme', 'target_group': 'Damen', 'manufacturer': 'ICB innovative cosmetic brands GmbH', 'Herstelleradresse': 'Gaußstr. 13, 85757 Karlsfeld', 'Kontaktmöglichkeit': 'produktdaten@artdeco.com', 'Anwendungshinweis': 'Den Color Intuition Lip Balm direkt auf die Lippen auftragen. Für extra zarte Lippen regelmäßig wiederholen.', 'package_contents': 'RICINUS COMMUNIS (CASTOR) SEED OIL, DIISOSTEARYL MALATE, HYDROGENATED MICROCRYSTALLINE CERA (HYDROGENATED MICROCRYSTALLINE WAX), OCTYLDODECANOL, CERA ALBA (BEESWAX), ISOAMYL LAURATE, PENTAERYTHRITYL TETRAISOSTEARATE, TRIDECYL TRIMELLITATE, COPERNICIA CERIFERA (CARNAUBA) WAX, PRUNUS ARMENIACA (APRICOT) KERNEL OIL, PRUNUS PERSICA (PEACH) KERNEL OIL, PHENOXYETHANOL, VANILLIN, CAPRYLYL GLYCOL, AROMA (FLAVOR), TOCOPHEROL, HELIANTHUS ANNUUS (SUNFLOWER) SEED OIL, ASCORBYL PALMITATE, LIMONENE, CI 15850 (RED 6 LAKE), CI 19140 (YELLOW 5 LAKE), CI 45410 (RED 27), CI 77891 (TITANIUM DIOXIDE)', 'Farbnummer': '1', 'Farbe': 'Rosy Shades', 'Inhalt': '2.5 g', 'scope_of_application': 'Lippen', 'Produkttyp': 'Lippenfarbe'}||||||Rosy Shades||||||||0|0|675412_1.png|https://static.mueller.de/5419803543-PV-0/pdzoom/make-up-factory-color-intuition-lip-balm.webp||||||||||||||||||||||ICB innovative cosmetic brands GmbH||||||||||2.5 g|RICINUS COMMUNIS (CASTOR) SEED OIL, DIISOSTEARYL MALATE, HYDROGENATED MICROCRYSTALLINE CERA (HYDROGENATED MICROCRYSTALLINE WAX), OCTYLDODECANOL, CERA ALBA (BEESWAX), ISOAMYL LAURATE, PENTAERYTHRITYL TETRAISOSTEARATE, TRIDECYL TRIMELLITATE, COPERNICIA CERIFERA (CARNAUBA) WAX, PRUNUS ARMENIACA (APRICOT) KERNEL OIL, PRUNUS PERSICA (PEACH) KERNEL OIL, PHENOXYETHANOL, VANILLIN, CAPRYLYL GLYCOL, AROMA (FLAVOR), TOCOPHEROL, HELIANTHUS ANNUUS (SUNFLOWER) SEED OIL, ASCORBYL PALMITATE, LIMONENE, CI 15850 (RED 6 LAKE), CI 19140 (YELLOW 5 LAKE), CI 45410 (RED 27), CI 77891 (TITANIUM DIOXIDE)||True||675412P|||||||||10
2497859|mueller||||||||2024-10-28|Kugelschreiber Ballograph EPOCHA Fun II olivgrün|||1|Stk.|Home|Schreibwaren|Schreibgeräte|Kugelschreiber|Kugelschreiber Ballograph EPOCHA Fun II olivgrün|||7,29 €|7,29 €||||||||||||||EUR|Home> Schreibwaren> Schreibgeräte> Kugelschreiber> Kugelschreiber Ballograph EPOCHA Fun II olivgrün|https://www.mueller.at/p/kugelschreiber-ballograph-epocha-fun-ii-olivgruen-2497859/|1 Stk.|Bringen Sie Farbe in Ihren Büroalltag. Das olivgrüne Kunststoffgehäuse besteht aus 45% nachwachsender Cellulose und ist mit einem verchromten und hochglänzenden Stahlclip versehen.||||||||||||||||||||||Non-Organic||||{'Inhalt': '1 Stk.', 'Produkttyp': 'Kugelschreiber'}||||||||||||||0|0|2497859_1.png|https://static.mueller.de/6817866255-PV-0/pdzoom/kugelschreiber-ballograph-epocha-fun-ii-olivgruen.webp||||||||||||||||||||||||||||||||1 Stk.|||False||2497859P|||||||||1
2326922|mueller||||||||2024-10-28|WMF Küchenminis Reiskocher|WMF||1|Stk.|Home|Haushalt|Kochen & Backen|Küchengeräte|Waffeleisen|WMF Küchenminis Reiskocher||129,99 €|129,99 €|129,99 €|86,99 €||||33%|Sie sparen 33%|||||||EUR|Home> Haushalt> Kochen & Backen> Küchengeräte> Waffeleisen> WMF Küchenminis Reiskocher|https://www.mueller.at/p/wmf-kuechenminis-reiskocher-2326922/|1 Stk.|"Wer Wert auf platzsparende, kompakte Küchenhelfer legt, die eine vielseitige, gesunde Ernährung möglich machen, der sollte nichts anbrennen lassen. Mit dem neuen WMF KÜCHENminis Reiskocher mit Lunch-to-go-Box können abwechslungsreiche Mahlzeiten zum Lunch oder Abendessen zubereitet werden.
Er gart nicht nur Reis, sondern auch Superfood, wie Linsen, Quinoa, Kichererbsen oder Gemüse, äußerst schonend. Dafür sorgen die besondere Doppel-Antihaftbeschichtung im Innentopf und der Dampf-Garaufsatz für Gemüse aus Cromargan. Die Wärme wird stets gleichmäßig verteilt, die Gar- und Kochzeit lässt sich exakt programmieren. Extrem praktisch für to go: Mit dem mitgelieferten Klick-Deckel wird der Innentopf zur auslaufsicheren Lunchbox – ganz ohne lästiges Umfüllen.
WMF präsentiert die erste Generation der WMF KÜCHENminis.
Die WMF KÜCHENminis Frühstücksserie aus Cromargan® Edelstahl - bestehend aus der AromaOne Filterkaffeemaschine mit 1-Tassen Funktion, einem 0,8 Liter Wasserkocher, einem 1-Scheiben Toaster, einem 2-Eier-Kocher und einem 0,8 Liter Kompaktmixer - wurde entwickelt im Hinblick auf eine deutliche Platzersparnis, eine Reduzierung im Einsatz wertvoller Ressourcen und um Energie zu sparen.

Reiskocher mit Dampfgarer zum schonenden, gesunden Garen aller gängigen Reissorten, Quinoa, Linsen, Kichererbsen und Gemüse
Doppelschichtboden für eine schnelle, gleichmäßige Wärmeverteilung - Spülmaschinengeeignet
Spannung (V) 220-240
Glasdeckel mit wärmeisoliertem Griff
Platzsparendes Gehäuse aus hochwertigem Cromargan® mit abnehmbaren Stromkabel
Timer Funktion und automatische Warmhaltefunktion (40 Minuten)
Frequenz (Hz) 50-60
Abmessungen inkl. Verpackung (LxBxH): 230 x 230 x 280 mm
"||||||||||||||||||||||Non-Organic||||{'Fassungsvermögen': '1 l', 'special_function': 'Schonendes, gesundes Garen - Alle gängigen Reis- und Quinoasorten sowie Linsen, Kichererbsen, Gemüse und mehr vitamin- und nährstoffschonend zubereiten.', 'scope_of_delivery': '1x Reiskocher mit Lunch-to-go-Box', 'power_in_watts': '220 W', 'manufacturer': 'WMF GmbH', 'Herstelleradresse': 'WMF Platz 1 ,73309 Geislingen', 'product_property': 'spülmaschinenfest', 'Inhalt': '1 Stk.'}||||||||||||||5.0|1|2326922_1.png|https://static.mueller.de/7160761675-PV-0/pdzoom/wmf-kuechenminis-reiskocher.webp|2326922_2.png|https://static.mueller.de/7160761675-VV-1/pdzoom/wmf-kuechenminis-reiskocher.webp|2326922_3.png|https://static.mueller.de/7160761675-PB-2/pdzoom/wmf-kuechenminis-reiskocher.webp|2326922_4.png|https://static.mueller.de/7160761675-PB-3/pdzoom/wmf-kuechenminis-reiskocher.webp|2326922_5.png|https://static.mueller.de/7160761675-PB-4/pdzoom/wmf-kuechenminis-reiskocher.webp|2326922_6.png|https://static.mueller.de/7160761675-PB-5/pdzoom/wmf-kuechenminis-reiskocher.webp||||||||||||WMF GmbH||||||||||1 Stk.|||True||2326922P|||||||||2
2879239|mueller||||||||2024-10-28|Hasbro - Play-Doh Farbi, der Frosch|PLAYDOH||1|Stk.|Home|Spielwaren|Kreativ & Basteln|Kneten & Modellieren|Hasbro - Play-Doh Farbi, der Frosch|||10,99 €|10,99 €|10,99 €|6,99 €||||36%|Sie sparen 36%|||||||EUR|Home> Spielwaren> Kreativ & Basteln> Kneten & Modellieren> Hasbro - Play-Doh Farbi, der Frosch|https://www.mueller.at/p/hasbro-play-doh-farbi-der-frosch-IPN2879239/|1 Stk.|Farbi, der Frosch lädt Kinder ab 3 Jahren mit tollen kreativen Aufgaben ein, ihre Fantasie hüpfen zu lassen. Sie können dem Spielzeugfrosch eine lange, witzige Zunge wachsen lassen und mit Formen Play-Doh Käfer gestalten. Mit den Ausstechern und 4 tollen Farben Play-Doh Spielknete in 28g-Dosen können die Kinder Seerosenblätter und Schmetterlinge kreieren. Beim Sortieren und Zuordnen ist Spaß geboten, wenn es gilt, die Käfer auf der Knetunterlage nach Farben zu gruppieren. Egal, ob es sich um das erstes Play-Doh Set für Einsteiger oder um ein Geschenk für Kinder ab 3 Jahren handelt, hier können die Kinder die Freude an Play-Doh Spielsets entdecken. Hasbro, Play-Doh sowie alle dazugehörigen Merkmale sind Marken von Hasbro.||||||||3 Jahre||||||||||||||Non-Organic||||"{'target_group': 'Kindergartenkinder|Grundschüler', 'Artikelnummer des Herstellers': 'F69265L0', 'Altersempfehlung ab': '3 Jahre', 'Inhalt': '1 Stk.', 'Produkttyp': 'Kneten und Modellieren'}"||||||||||||||0|0|2879239_1.png|https://static.mueller.de/pdzoom/5010994208387.webp|2879239_2.png|https://static.mueller.de/pdzoom/5010994208387_3.webp|2879239_3.png|https://static.mueller.de/pdzoom/5010994208387_2.webp||||||||||||||||||F69265L0||||||||||1 Stk.|||True||2879239P|||||||||10
3013911|mueller||||||||2024-10-28|Takis Dragon Sweet Chili|TAKIS||100|g|Home|Drogerie|Lebensmittel|Salzige Snacks|Takis Dragon Sweet Chili|||3,99 €|3,99 €|||||||||||39,90 € / 1 kg|||EUR|Home> Drogerie> Lebensmittel> Salzige Snacks> Takis Dragon Sweet Chili|https://www.mueller.at/p/takis-dragon-sweet-chili-IPN3013911/|100 g|Frittierte, gerollte Chips auf Maisbasis mit süssem Chiligeschmack||||||Enthält Soja. Kann Spuren von Milch enthalten.|||||{'Nährwerte je': '100g', 'Brennwert': '2078 kj / 498 kcal', 'Fett in g': '27', '- davon gesättigte Fettsäuren in g': '9,7', 'Kohlenhydrate in g': '54', '- davon Zucker in g': '4,1', 'Ballaststoffe in g': '8,5', 'Eiweiß in g': '5,7', 'Salz in g': '1,8'}|||||||||||Non-Organic||||"{'manufacturer': 'Bimbo Donuts Iberia SAU', 'Herstelleradresse': 'Calle Cigoitia, Poligono Industrial Las Mercedes, 28022 Madrid', 'Kontaktmöglichkeit': 'www.grupobimbo.com', 'Allergenhinweis': 'Enthält Soja. Kann Spuren von Milch enthalten.', 'Inhalt': '100 g', 'Zutaten': ""Maismehl (EU), Palmfett, Würzmischung mit süßem Chilligeschmack (Zucker, Dextrose, Maltodextrin, Salz, natürliche Aromen, Geschmacksverstärker: Kaliumchlorid, Dinatrium-5'- ribonucleotid, Mononatriumglutamat; Säureregulatoren: Citronensäure, Natriumacetate; Farbstoffe: Betanin, Paprikaextrakt; färbende Lebensmittel: Rettich-, Apfel-, rotes Johannisbeerkonzentrat; schwarzer Pfeffer, hydrolysiertes SOJAPROTEIN, Sonnenblumenöl), Sonnenblumenöl. Kann Spuren von MILCH enthalten."", 'Produkttyp': 'Salzige Snacks'}"||||||||||||||5.0|1|3013911_1.png|https://static.mueller.de/pdzoom/8412600037461_638557.webp||||||||||||||||||||||Bimbo Donuts Iberia SAU||||||||||100 g|||True||3013911P|||||||||10
3013912|mueller||||||||2024-10-28|Decoris Fellteppich rund Ø90cm|DECORIS||1|Stk.|Home|Haushalt|Wohnen & Dekorieren|Deko-Zubehör|Decoris Fellteppich rund Ø90cm|||24,99 €|24,99 €||||||||||||||EUR|Home> Haushalt> Wohnen & Dekorieren> Deko-Zubehör> Decoris Fellteppich rund Ø90cm|https://www.mueller.at/p/decoris-fellteppich-rund-90cm-IPN3013912/|1 Stk.|Fellteppich rund Ø90cm||||||||||||||||||||||Non-Organic||||{'manufacturer': 'Kaemingk GmbH', 'Herstelleradresse': 'Broekstraat 13, NL-7122 MN Aalten', 'Kontaktmöglichkeit': 'info@ksd-deco.com', 'Materialdetails': 'Polyester', 'Material': 'Polyester', 'Höhe': '2.5 cm', 'Durchmesser': '90 cm', 'Inhalt': '1 Stk.'}||||||||Polyester||||||0|0|3013912_1.png|https://static.mueller.de/pdzoom/8720194312681.webp||||||||||||||||||||||Kaemingk GmbH||||||||||1 Stk.|||True||3013912P|||||||||10
2879232|mueller||||||||2024-10-28|KOSMOS - Die drei ??? Erbe des Drachen Spiel zum Film|KOSMOS||1|Stk.|Home|Spielwaren|Spiele & Puzzles|Spiele|Kartenspiele|KOSMOS - Die drei ??? Erbe des Drachen Spiel zum Film||9,99 €|9,99 €||||||||||||||EUR|Home> Spielwaren> Spiele & Puzzles> Spiele> Kartenspiele> KOSMOS - Die drei ??? Erbe des Drachen Spiel zum Film|https://www.mueller.at/p/kosmos-die-drei-erbe-des-drachen-spiel-zum-film-IPN2879232/|1 Stk.|"Der neue Kinofilm zum Spielen! Mysteriöse Vorfälle führen Justus, Bob und Peter in diesem Abenteuer nach Transsylvanien. Wer steckt hinter dem geheimnisvollen Drachenorden? Die drei ??? ermitteln im alten Schloss Piatra. Aber Achtung! Die Detektive werden verfolgt. Hausmeister Hector und sein Hund sind den Freunden dicht auf den Fersen. In diesem Mitbringspiel decken die Spielerinnen und Spieler Karte für Karte den Weg durch das Schloss auf, suchen nach Hinweisen und nutzen die besonderen Fähigkeiten der Detektive. Ein cooles Krimi-Spiel mit exklusivem Bildmaterial aus dem neuen Film.
- Kooperativer Spielspaß mit den drei ??? für unterwegs.
- Mit exklusivem Bildmaterial aus dem neuen Kinofilm.
Alter: ab 8 Jahren
Spieldauer: 25 Minuten
Anzahl der Spieler: 2 - 4
Inhalt: 33 Spielkarten, 1 Stanztafel, 1 Würfel, 4 Standfüße, 1 Anleitung"||||||||8 Jahre||||||||||||||Non-Organic||||"{'target_group': 'Grundschüler|Jugendliche', 'Artikelnummer des Herstellers': '712716', 'Altersempfehlung ab': '8 Jahre', 'Inhalt': '1 Stk.', 'Produkttyp': 'Klassische Kinder-Gesellschaftsspiele'}"||||||||||||||0|0|2879232_1.png|https://static.mueller.de/pdzoom/4002051712716.webp|2879232_2.png|https://static.mueller.de/pdzoom/4002051712716_3.webp|2879232_3.png|https://static.mueller.de/pdzoom/4002051712716_2.webp|2879232_4.png|https://static.mueller.de/pdzoom/4002051712716_4.webp||||||||||||||||712716||||||||||1 Stk.|||True||2879232P|||||||||10
2772168|mueller||||||||2024-10-28|SensiDent Zahnbürste Buchenholz|SENSIDENT||1|Stk.|Home|Drogerie|Pflege|Mund- & Zahnpflege|Zahnbürsten|Handzahnbürsten|SensiDent Zahnbürste Buchenholz|2,95 €|2,95 €||||||||||||||EUR|Home> Drogerie> Pflege> Mund- & Zahnpflege> Zahnbürsten> Handzahnbürsten> SensiDent Zahnbürste Buchenholz|https://www.mueller.at/p/sensident-zahnbuerste-buchenholz-2772168/|1 Stk.|SensiDent HOLZZAHNBÜRSTE wird wie eine herkömmliche Zahnbürste verwendet. Um Wasserfecken vorzubeugen, sollte die Zahnbürste nach der Verwendung trocken gerieben werden. Mindestens alle 2 Monate wechseln. Die Holzzahnbürste besteht aus Buchenholz. Die Borsten sind frei von Erdöl und Pestiziden. Die Borsten sind aus bis zu 100 % biologisch nachwachasenden Rohstoffen und tragen zur Vermeidung von Kunststoff bei. Die Faltschachtel ist recycelbar. VEGAN. Hergestellt in Deutschland.||||||||||||||||||||||Non-Organic||||{'manufacturer': 'Waldkraft GmbH', 'Herstelleradresse': 'Talstr. 13\nDE-79674 Todtnau', 'Kontaktmöglichkeit': 'www.mueller.eu', 'Inhalt': '1 Stk.', 'scope_of_application': 'Zahnbuersten', 'Härtegrad': 'mittel', 'Produkttyp': 'Handzahnbürsten'}||||||||||||||4.0|1|2772168_1.png|https://static.mueller.de/7119146053-PV-0/pdzoom/sensident-zahnbuerste-buchenholz.webp|2772168_2.png|https://static.mueller.de/7119146053-PB-1/pdzoom/sensident-zahnbuerste-buchenholz.webp||||||||||||||||||||Waldkraft GmbH||||||||||1 Stk.|||True||2772168P|||||||||10
2879254|mueller||||||||2024-10-28|MAKE UP FACTORY Cooling Eyeshadow Stick|MAKE UP FACTORY||1.4|g|Home|Parfümerie|Make-up|Augen|Lidschatten|MAKE UP FACTORY Cooling Eyeshadow Stick||12,95 €|12,95 €||||||||||||||EUR|Home> Parfümerie> Make-up> Augen> Lidschatten> MAKE UP FACTORY Cooling Eyeshadow Stick|https://www.mueller.at/p/make-up-factory-cooling-eyeshadow-stick-IPN2879250/|1.4 g|Der 2in1 Lidschatten-Stift kann als Eye Liner oder Eyeshadow verwendet werden. Der aus 40% Wasser bestehende Lidschatten überrascht mit einem kühlenden und erfrischenden Applikationsgefühl. Aufgrund der wischfesten Eigenschaften verspricht er eine langanhaltende Textur bis zu neun Stunden. Mehrfaches Auftragen bewirkt eine höhere Intensität der Farben. Durch den hohen Wassergehalt ermöglicht er zudem noch eine einfache Make-up Entfernung.||||||||||||||||||||||Non-Organic||||"{'consistency': 'Stift', 'Effekt': 'farbintensiv|langanhaltend', 'target_group': 'Damen', 'manufacturer': 'ICB innovative cosmetic brands GmbH', 'Herstelleradresse': 'Gaußstr. 13, 85757 Karlsfeld', 'Kontaktmöglichkeit': 'produktdaten@artdeco.com', 'dermatologically_tested': 'Ja', 'Anwendungshinweis': 'Tragen Sie ihn als kräftigen und seidigen Eyeliner auf oder verteilen Sie den Lidschatten auf dem gesamten Lid und blenden Sie ihn an den Rändern mit dem Finger leicht aus. Der 2in1 Lidschatten-Stift kann als Eye Liner oder Eyeshadow verwendet werden. Durch seinen hohen Wassergehalt überrascht der Lidschatten mit kühlenden und erfrischenden Applikationsgefühl Aufgrund der wischfesten Eigenschaften verspricht er eine langanhaltende Textur bis zu neun Stunden. Mehrfaches Auftragen bewirkt eine höhere Intensität der Farben. Durch den hohen Wassergehalt ermöglicht er zudem noch eine einfache Make-up Entfernung.', 'package_contents': 'aqua (water), butylene glycol, synthetic fluorphlogopite, mica, sodium stearate, glycerin, sorbitan isostearate, dimethicone, sorbitan stearate, silica silylate, phenoxyethanol, silica, hydroxyethylcellulose, sodium hydroxide, citric acid, ci 77491 (iron oxides), ci 77499 (iron oxides), ci 77891 (titanium dioxide)', 'Farbnummer': '17', 'Farbe': 'Greige', 'Inhalt': '1.4 g', 'scope_of_application': 'Augen', 'Produkttyp': 'Lidschatten'}"||||||Greige||||||||5.0|1|2879254_1.png|https://static.mueller.de/pdzoom/4045915930246.webp||||||||||||||||||||||ICB innovative cosmetic brands GmbH||||||||||1.4 g|aqua (water), butylene glycol, synthetic fluorphlogopite, mica, sodium stearate, glycerin, sorbitan isostearate, dimethicone, sorbitan stearate, silica silylate, phenoxyethanol, silica, hydroxyethylcellulose, sodium hydroxide, citric acid, ci 77491 (iron oxides), ci 77499 (iron oxides), ci 77891 (titanium dioxide)||True||2879254P|||||||||10
2194734|mueller||||||||2024-10-28|umbra Skyline Garderobenhaken weiß|UMBRA||1|Stk.|Home|Haushalt|Wohnen & Dekorieren|Haken|umbra Skyline Garderobenhaken weiß|||29,99 €|29,99 €||||||||||||||EUR|Home> Haushalt> Wohnen & Dekorieren> Haken> umbra Skyline Garderobenhaken weiß|https://www.mueller.at/p/umbra-skyline-garderobenhaken-weiss-2194734/|1 Stk.|"umbra Skyline Garderobenhaken – Dekorative Wandhaken für Jacken, Schals, Taschen, Rucksäcke und Mehr, Garderobenhakenleiste mit 5 Haken, Weiß

- Garderobenleiste in Form einer Skyline
- 5 ausklappbare Haken, super auch für kleine Räume
- Sowohl als Designobjekt als auch als Garderobe nutzbar
- Belastbar bis zu 2,3 kg pro Haken
- Größe: ca. 49,5  x  15,2  x 2,5 cm"||||||||||||||||||||||Non-Organic||||{'manufacturer': 'UMBRA B.V.', 'Herstelleradresse': 'Monitorweg 1, NL-1322 BJ Almere', 'Kontaktmöglichkeit': 'EU.CustomerService@umbra.com', 'Inhalt': '1 Stk.'}||||||||||||||0|0|2194734_1.png|https://static.mueller.de/6419658413-PV-0/pdzoom/umbra-skyline-garderobenhaken-weiss.webp|2194734_2.png|https://static.mueller.de/6419658413-PB-1/pdzoom/umbra-skyline-garderobenhaken-weiss.webp|2194734_3.png|https://static.mueller.de/6419658413-PB-2/pdzoom/umbra-skyline-garderobenhaken-weiss.webp||||||||||||||||||UMBRA B.V.||||||||||1 Stk.|||False||2194734P|||||||||1
981541|mueller||||||||2024-10-28|Odenwälder Marzipan Geschenkkorb|ODENWÄLDER MARZIPAN||70|g|Home|Drogerie|Lebensmittel|Süßigkeiten|Snacks & Riegel|Odenwälder Marzipan Geschenkkorb||8,39 €|8,39 €|||||||||||119,86 € / 1 kg|||EUR|Home> Drogerie> Lebensmittel> Süßigkeiten> Snacks & Riegel> Odenwälder Marzipan Geschenkkorb|https://www.mueller.at/p/odenwaelder-marzipan-geschenkkorb-981541/|70 g|Odenwälder Marzipan Geschenkkorb, ca. 70g.||Vor Wärme und Sonneneinstrahlung schützen. Trocken lagern|||Deutschland|Alllergenkennzeichnung notwendig|||||{'Nährwerte je': '100', 'Brennwert': '462 kj / 1939 kcal', 'Fett in g': '22', '- davon gesättigte Fettsäuren in g': '5.9', 'Kohlenhydrate in g': '57.8', '- davon Zucker in g': '53.9', 'Eiweiß in g': '8', 'Salz in g': '3.56'}|||||||||||Non-Organic||||{'Lagerhinweis': 'Vor Wärme und Sonneneinstrahlung schützen. Trocken lagern', 'manufacturer': 'Odenwälder Marzipankonditorei GmbH', 'Herstelleradresse': 'Reuboldstraße 8, 63937 Weilbach', 'Kontaktmöglichkeit': 'info@odenwaelder-marzipan.de', 'Herkunftsland': 'Deutschland', 'Allergenhinweis': 'Alllergenkennzeichnung notwendig', 'Inhalt': '70 g', 'Eigenschaften': 'vegetarisch gemaeß Rezeptur', 'Zutaten': 'Zucker , MANDELN (29 %), Wasser, Kakaobutter, Feuchthaltemittel: Sorbit, MILCHPULVER, Kakaomasse, MAGERMILCHPULVER, Emulgator: SOJA-Lecithin, Aroma, Alkohol, Feuchthaltemittel: Invertase, Carthamus, Farbstoffe.E100, E120, E132, E141, E150a, E160c, E161b, Überzugsmittel: E904, Karamelzuckersirup,Glukosesirup (WEIZEN)', 'Produkttyp': 'Snacks & Riegel'}||||||||||||||0|0|981541_1.png|https://static.mueller.de/6808857207-PV-0/pdzoom/odenwaelder-marzipan-geschenkkorb.webp||||||||||||||||||||||Odenwälder Marzipankonditorei GmbH||||||||||70 g|||True||981541P|||||||||5
3013920|mueller||||||||2024-10-28|GO FITNESS Protein Cake Chocolate|GO FITNESS||50|g|Home|Drogerie|Lebensmittel|Nahrung|Sportlernahrung|GO FITNESS Protein Cake Chocolate||2,39 €|2,39 €|||||||||||47,80 € / 1 kg|||EUR|Home> Drogerie> Lebensmittel> Nahrung> Sportlernahrung> GO FITNESS Protein Cake Chocolate|https://www.mueller.at/p/go-fitness-protein-cake-chocolate-IPN3013920/|50 g|GO FITNESS Protein Cake mit Kakaofüllung mit Süßungsmittel||Kühl und trocken lagern.|||Hergestellt in der EU|Kann Spuren von Milch, Gluten und Eiern enthalten.|||||{'Nährwerte je': '100g', 'Brennwert': '1782 kj / 427 kcal', 'Fett in g': '25', '- davon gesättigte Fettsäuren in g': '3,3', 'Kohlenhydrate in g': '36', '- davon Zucker in g': '<2,5', 'Ballaststoffe in g': '5,1', 'Eiweiß in g': '22', 'Salz in g': '1,27'}|||||||||||Non-Organic||||{'Lagerhinweis': 'Kühl und trocken lagern.', 'manufacturer': 'Next Level Foods GmbH', 'Herstelleradresse': 'Industriestraße 9, DE-76541 Lörrach', 'Kontaktmöglichkeit': 'www.nxtlevel.com', 'Herkunftsland': 'Hergestellt in der EU', 'Allergenhinweis': 'Kann Spuren von Milch, Gluten und Eiern enthalten.', 'Inhalt': '50 g', 'Zutaten': 'Öl mit hohem Ölsäuregehalt, Sonnenblumenöl, Maltit, Erythrit, WEIZENprotein, Erbsenprotein, SOJAmehl, Eiertrockenmischung, WEIZENextrakt mit hohem Proteingehalt, WEIZENvollkornmehl, MILCHeiweiß, Kakao 12% - alkalisiert, natürlicher Kakao, Sorbit, Glycerin, modifizierte Stärke, Sonnenblumenlecithin, Backtriebmittel: Natriumaluminiumphosphat E541, Natriumbicarbonat E500, Natriumchlorid; Emulgatoren: E471, E466, E481, E341; Konservierungsstoffe: Kaliumsorbat, Natriumbenzoat, Natriumacetat; Stevia, Aromastoffe: Vanille, Orange', 'Produkttyp': 'Energie-Riegel', 'warning_notice': 'Die angegebene empfohlene tägliche Verzehrsmenge darf nicht überschritten werden. Nahrungsergänzungsmittel sollten nicht als Ersatz für eine ausgewogene und abwechslungsreiche Ernährung dienen. Achten Sie auf eine gesunde Lebensweise. Außerhalb der Reichweite von kleinen Kindern aufbewahren.'}||||||||||||||5.0|1|3013920_1.png|https://static.mueller.de/pdzoom/7649988902758.webp||||||||||||||||||||||Next Level Foods GmbH||||||||||50 g|||True||3013920P|||||||||10
2879242|mueller||||||||2024-10-28|Hasbro - Play-Doh Super Küchenmaschine|PLAYDOH||1|Stk.|Home|Spielwaren|Kreativ & Basteln|Kneten & Modellieren|Hasbro - Play-Doh Super Küchenmaschine|||24,99 €|24,99 €|24,99 €|15,99 €||||36%|Sie sparen 36%|||||||EUR|Home> Spielwaren> Kreativ & Basteln> Kneten & Modellieren> Hasbro - Play-Doh Super Küchenmaschine|https://www.mueller.at/p/hasbro-play-doh-super-kuechenmaschine-IPN2879242/|1 Stk.|Mit der Super Küchenmaschine aus der Play-Doh Knetküche können Kinder fantasievolle Kuchen, Cupcakes oder Plätzchen aus Knete zaubern. Kleine Konditoren können sich richtig ins Zeug legen, indem sie einen der 2 Aufsätze in die abnehmbare Schüssel einsetzen und jede Form mit Play-Doh Spielknete füllen und dann ganz einfach den Hebel bewegen, um lustige Plätzchen und tolle Kuchenformen zu stempeln. Mit der Knetspritze lassen sich die Knetkreationen dekorieren und mit den Löchern am Griff des Teigschabers entstehen Streusel zum Verzieren. Die Förmchen an der Seite der Küchenmaschine können verwendet werden, um Bonbons, Toppings und noch mehr Dekorationen aus Play-Doh zu kreieren. Dieses Play-Doh Spielset enthält 284 g Spielknete in verschiedenen Farben und eignet sich prima als Beschäftigung oder als Geschenk für Kinder ab 3 Jahren, die gerne kneten und mit Küchenspielzeug spielen. Hasbro, Play-Doh sowie alle dazugehörigen Merkmale sind Marken von Hasbro.||||||||3 Jahre||||||||||||||Non-Organic||||"{'target_group': 'Kindergartenkinder|Grundschüler', 'Artikelnummer des Herstellers': 'F47185L0', 'Altersempfehlung ab': '3 Jahre', 'Inhalt': '1 Stk.', 'Produkttyp': 'Kneten und Modellieren'}"||||||||||||||4.0|1|2879242_1.png|https://static.mueller.de/pdzoom/5010994111861.webp|2879242_2.png|https://static.mueller.de/pdzoom/5010994111861_14.webp|2879242_3.png|https://static.mueller.de/pdzoom/5010994111861_23.webp|2879242_4.png|https://static.mueller.de/pdzoom/5010994111861_22.webp|2879242_5.png|https://static.mueller.de/pdzoom/5010994111861_24.webp|2879242_6.png|https://static.mueller.de/pdzoom/5010994111861_21.webp||||||||||||F47185L0||||||||||1 Stk.|||True||2879242P|||||||||10
2879243|mueller||||||||2024-10-28|Kratzbuch: Pferde und Einhörner - Kratz- und Kritzel- Abenteuer|||1|Stk.|Home|Spielwaren|Buch & Schulbedarf|Kinder- & Jugendbücher|Kratzbuch: Pferde und Einhörner - Kratz- und Kritzel- Abenteuer|||4,99 €|4,99 €||||||||||||||EUR|Home> Spielwaren> Buch & Schulbedarf> Kinder- & Jugendbücher> Kratzbuch: Pferde und Einhörner - Kratz- und Kritzel- Abenteuer|https://www.mueller.at/p/kratzbuch-pferde-und-einhoerner-kratz-und-kritzel-abenteuer-IPN2879243/|1 Stk.|So machst du die wunderbare Welt der Pferde und Einhörner wie durch Zauberhand sichtbar!  Komm mit auf ein spannendes Abenteuer im Wald des Einhorns und erwecke die Bilder dazu mit dem Kratzstift zum Leben. Natürlich ist auch Platz für deine eigenen Ideen! Erzähle und zeichne die Geschichte zu Ende oder zeichne dein Lieblingspferd - mit der Schritt-für-Schritt-Anleitung und deiner Fantasie ist das ganz einfach.||||||||||||||||||||||Non-Organic||||"{'target_group': 'Kindergartenkinder|Grundschüler', 'genre': 'Malen', 'author': 'Ullmann Medien', 'Einband': 'Spiralbindung', 'publishing_year': '2019', 'Inhalt': '1 Stk.', 'ISBN Ausgangsbuch': '9783741500398', 'Produkttyp': 'Kinder- & Jugendbücher', 'page_number': '32'}"||||||||||||||0|0|2879243_1.png|https://static.mueller.de/pdzoom/9783741500398.webp||||||||||||||||||||||||||||||||1 Stk.|||False||2879243P|||||||||1
2879244|mueller||||||||2024-10-28|Hasbro Gaming - Twister Junior|HASBRO||1|Stk.|Home|Spielwaren|Spiele & Puzzles|Spiele|Geschicklichkeitsspiele|Hasbro Gaming - Twister Junior||27,99 €|27,99 €|27,99 €|22,99 €||||18%|Sie sparen 18%|||||||EUR|Home> Spielwaren> Spiele & Puzzles> Spiele> Geschicklichkeitsspiele> Hasbro Gaming - Twister Junior|https://www.mueller.at/p/hasbro-gaming-twister-junior-IPN2879244/|1 Stk.|"Mit Twister Junior, einem Spiel das mitwächst, können die kleinen Bewegungskünstler ein tierisches Vergnügen erleben. Das tolle Spiel für Kinder ab 3 Jahren enthält eine doppelseitige Matte und eine doppelseitige Drehscheibe für 2 Spielniveaus. Im Niveau 1 gilt es, die Scheibe zu drehen und auf der „Tiersafari“ Seite der Matte den Tierpfad zu meistern.  Abwechselnd hat jedes Kind die Möglichkeit, Farben zu entdecken und Tiergeräusche und -bewegungen nachzuspielen. Um zum Niveau 2, dem Spiel „Tierparty“ aufzusteigen, wird die Matte einfach gewendet. Hier gilt es, den Pfeil auf der Scheibe zu drehen, um zu sehen auf welcher Farbe und auf welchem Tier die Spieler ihren Fuß oder ihre Hand platzieren sollen. Wer als Letzter noch im Spiel ist, gewinnt!  Das Spiel Twister Junior für 2 – 4 Spieler bietet Spaß für die ganze Familie und ist genau richtig, um auch drinnen aktiv zu spielen. Twister sowie alle dazugehörigen Merkmale sind Marken von Hasbro.
Alter: 3 YEARS+
Spieldauer: 5-10 minutes"||||||||3 Jahre||||||||||||||Non-Organic||||"{'target_group': 'Kindergartenkinder|Grundschüler', 'Artikelnummer des Herstellers': 'F7478100', 'Altersempfehlung ab': '3 Jahre', 'Inhalt': '1 Stk.', 'Produkttyp': 'Sonstige Kinder-Geschicklichkeitsspiele'}"||||||||||||||5.0|1|2879244_1.png|https://static.mueller.de/pdzoom/5010996117984.webp|2879244_2.png|https://static.mueller.de/pdzoom/5010996117984_3.webp|2879244_3.png|https://static.mueller.de/pdzoom/5010996117984_2.webp|2879244_4.png|https://static.mueller.de/pdzoom/5010996117984_4.webp|2879244_5.png|https://static.mueller.de/pdzoom/5010996117984_5.webp|2879244_6.png|https://static.mueller.de/pdzoom/5010996117984_7.webp||||||||||||F7478100||||||||||1 Stk.|||True||2879244P|||||||||10
2879246|mueller||||||||2024-10-28|Hasbro - Nerf Elite Jr Ultimate Starter Set|HASBRO||1|Stk.|Home|Spielwaren|Sport & Outdoor|Bälle & Ballspiele|Hasbro - Nerf Elite Jr Ultimate Starter Set|||27,99 €|27,99 €|27,99 €|19,99 €||||29%|Sie sparen 29%|||||||EUR|Home> Spielwaren> Sport & Outdoor> Bälle & Ballspiele> Hasbro - Nerf Elite Jr Ultimate Starter Set|https://www.mueller.at/p/hasbro-nerf-elite-jr-ultimate-starter-set-IPN2879246/|1 Stk.|Nerf Elite Junior Blaster aus der Reihe Easy-Play wurden für Jungs und Mädchen entwickelt, die sich zum ersten Mal in Nerf Abenteuer stürzen möchten. Dank spezieller Features sind sie leicht zu bedienen, sodass Kinder ganz alleine den Spaß für sich entdecken können. Die Blaster liegen dank ihrer Größe gut in einer kleineren Hand und können aufgrund des geringen Gewichts leicht getragen werden. Sie werden einfach von vorne geladen, so wird auch das Einsetzen der Darts zum Kinderspiel. Die Griffe verfügen über die geringste Zugkraft aller Nerf Blaster. Das Easy-Play Nerf Elite Junior Ultimate Starter Set enthält 2 Dart-Blaster mit übergroßen Visieren und 15 Nerf Elite Darts aus Schaumstoff. Es ist ein tolles Spielzeug für Jungen und Mädchen ab 6 Jahren und ein prima Geschenk für Kinder, um vergnüglichen und aktiven Spielspaß zu erleben. Eine Brille wird empfohlen (nicht enthalten). Nerf sowie alle dazugehörigen Merkmale sind Marken von Hasbro.||||||||6 Jahre||||||||||||||Non-Organic||||"{'target_group': 'Grundschüler|Jugendliche', 'Artikelnummer des Herstellers': 'F6369EU4', 'Altersempfehlung ab': '6 Jahre', 'Inhalt': '1 Stk.', 'Produkttyp': 'Pfeile, Spiele und Zubehör'}"||||||||||||||0|0|2879246_1.png|https://static.mueller.de/pdzoom/5010996115799.webp|2879246_2.png|https://static.mueller.de/pdzoom/5010996115799_7.webp|2879246_3.png|https://static.mueller.de/pdzoom/5010996115799_6.webp|2879246_4.png|https://static.mueller.de/pdzoom/5010996115799_10.webp|2879246_5.png|https://static.mueller.de/pdzoom/5010996115799_5.webp|2879246_6.png|https://static.mueller.de/pdzoom/5010996115799_9.webp||||||||||||F6369EU4||||||||||1 Stk.|||True||2879246P|||||||||10
2879248|mueller||||||||2024-10-28|Hasbro - Nerf Elite Jr. Explorer|HASBRO||1|Stk.|Home|Spielwaren|Sport & Outdoor|Bälle & Ballspiele|Hasbro - Nerf Elite Jr. Explorer|||14,99 €|14,99 €|14,99 €|9,99 €||||33%|Sie sparen 33%|||||||EUR|Home> Spielwaren> Sport & Outdoor> Bälle & Ballspiele> Hasbro - Nerf Elite Jr. Explorer|https://www.mueller.at/p/hasbro-nerf-elite-jr-explorer-IPN2879248/|1 Stk.|Nerf Elite Jr. Blaster aus der Reihe Easy-Play wurden für Jungs und Mädchen entwickelt, die sich zum ersten Mal in Nerf Abenteuer stürzen möchten. Dank spezieller Features sind sie leicht zu bedienen, sodass Kinder sofort mit spannenden Nerf Spielen loslegen und Spaß erleben können. Die Blaster liegen dank ihrer Größe gut in einer kleineren Hand und können aufgrund des geringen Gewichts leicht getragen werden. Sie werden einfach von vorne geladen und so wird auch das Einsetzen der Darts zum Kinderspiel und die Griffe verfügen über die geringste Zugkraft aller Nerf Blaster. Dank all dieser Eigenschaften können schon jüngere Nerf Fans bei ihren Nerf Spielen jede Menge Action erleben und ihre Zielkünste unter Beweis stellen. Dabei führen sie jeden Schritt ganz alleine aus. Der Easy-Play Nerf Elite Jr. Explorer Blaster schickt 4 Darts nacheinander durch die Luft. Enthält 8 Nerf Elite Darts aus Schaumstoff. Eine Brille wird empfohlen (nicht enthalten). Jeder Blaster ist separat erhältlich. Nerf sowie alle dazugehörigen Merkmale sind Marken von Hasbro.||||||||6 Jahre||||||||||||||Non-Organic||||"{'target_group': 'Grundschüler|Jugendliche', 'Artikelnummer des Herstellers': 'F6367EU4', 'Altersempfehlung ab': '6 Jahre', 'Inhalt': '1 Stk.', 'Produkttyp': 'Pfeile, Spiele und Zubehör'}"||||||||||||||5.0|1|2879248_1.png|https://static.mueller.de/pdzoom/5010996115775_a.webp|2879248_2.png|https://static.mueller.de/pdzoom/5010996115775_7.webp|2879248_3.png|https://static.mueller.de/pdzoom/5010996115775_6.webp|2879248_4.png|https://static.mueller.de/pdzoom/5010996115775_1.webp|2879248_5.png|https://static.mueller.de/pdzoom/5010996115775_5.webp|2879248_6.png|https://static.mueller.de/pdzoom/5010996115775_9.webp||||||||||||F6367EU4||||||||||1 Stk.|||True||2879248P|||||||||10
2747198|mueller||||||||2024-10-28|Käfer Wasserglas Streumuster|KÄFER||1|Stk.|Home|Haushalt|Essen & Trinken|Gläser|Trinkgläser|Käfer Wasserglas Streumuster||3,95 €|3,95 €||||||||||||||EUR|Home> Haushalt> Essen & Trinken> Gläser> Trinkgläser> Käfer Wasserglas Streumuster|https://www.mueller.at/p/kaefer-wasserglas-streumuster-2747198/|1 Stk.|Die stapelbaren Wassergläser sind sehr praktisch und ein schöner Blickfang in jedem Haushalt. Die Trinkgläser werden exklusiv für Käfer produziert und sind mit unserem Käfer Streumuster passend zum Geschirr dekoriert.||||||||||||||||||||||Non-Organic||||{'Pflegehinweis': 'Nicht spülmaschinengeeignet!', 'manufacturer': 'Feinkost Käfer GmbH', 'Herstelleradresse': 'Heimstettener Str. 1, 85599 Parsdorf', 'Inhalt': '1 Stk.'}||||||||||||||0|0|2747198_1.png|https://static.mueller.de/6955503126-PV-0/pdzoom/kaefer-wasserglas-streumuster.webp||||||||||||||||Nicht spülmaschinengeeignet!||||||Feinkost Käfer GmbH||||||||||1 Stk.|||True||2747198P|||||||||10
2747199|mueller||||||||2024-10-28|Käfer Porzellan Becher 10,5cm|KÄFER||1|Stk.|Home|Haushalt|Essen & Trinken|Geschirr|Becher & Tassen|Käfer Porzellan Becher 10,5cm||5,95 €|5,95 €||||||||||||||EUR|Home> Haushalt> Essen & Trinken> Geschirr> Becher & Tassen> Käfer Porzellan Becher 10,5cm|https://www.mueller.at/p/kaefer-porzellan-becher-10-5cm-2747199/|1 Stk.|"Wir haben unsere Geschirrserie Klassik für Sie erweitert! Ganz neu gibt es jetzt einen Milchbecher für Sie im Sortiment. Im Design wie der klassische Einwegbecher – in diesem Fall aber nicht aus Plastik, sondern aus Porzellan. Natürlich fehlen auch die typischen kleinen Käferchen nicht.
Die Bodenmarke garantiert die Echtheit unseres Käfer Geschirrs.
Höhe: ca. 10,5 cm
Spülmaschinengeeignet bei geringer Temperatur (bis 50° C)*
* Dabei geringe Veränderungen an Farbe und Dekor möglich."||||||||||||||||||||||Non-Organic||||{'Geeignet für': 'Spuelmaschinen', 'manufacturer': 'Feinkost Käfer GmbH', 'Herstelleradresse': 'Heimstettener Str. 1, 85599 Parsdorf', 'Inhalt': '1 Stk.'}||||||||||||||0|0|2747199_1.png|https://static.mueller.de/6955503248-PV-0/pdzoom/kaefer-porzellan-becher-10-5cm.webp||||||||||||||||||||||Feinkost Käfer GmbH||||||||||1 Stk.|||True||2747199P|||||Spuelmaschinen||||10
2772155|mueller||||||||2024-10-28|SensiDent Mundwasser Konzentrat Extra Fresh|SENSIDENT||125|ml|Home|Drogerie|Pflege|Mund- & Zahnpflege|Mundhygiene|SensiDent Mundwasser Konzentrat Extra Fresh||1,45 €|1,45 €|||||||||||11,60 € / 1 l|||EUR|Home> Drogerie> Pflege> Mund- & Zahnpflege> Mundhygiene> SensiDent Mundwasser Konzentrat Extra Fresh|https://www.mueller.at/p/sensident-mundwasser-konzentrat-extra-fresh-2772155/|125 ml|Für extra frischen Atem. Mit ätherischen Ölen aus Lavendel, Nelke und Anis. Rezeptur ohne Mikroplastik.||||||||||||||||||||||Non-Organic||||"{'target_group': 'Damen|Herren|Unisex', 'manufacturer': 'DENTAL-Kosmetik GmbH & Co. KG', 'Herstelleradresse': 'Katharinenstraße 4, 01099 Dresden', 'Kontaktmöglichkeit': 'www.mueller.eu', 'Anwendungshinweis': 'Geben Sie mehrmals täglich einige Spritzer SensiDent Mundwasser Konzentrat Extra Fresh in ein halbvolles Glas mit Wasser und spülen Sie den Mund damit aus. Auch zum Gurgeln geeignet. Für Kinder unter 14 Jahren nicht geeignet! Nicht schlucken! Enthält 60,5 Vol.-% Alkohol.', 'package_contents': 'Alcohol, Aqua, Aroma, Sodium C14-17 Alkyl Sec Sulfonate, Zinc Chloride, Illicium Verum Oil, Sodium Saccharin, Lavandula Angustifolia Oil, Eugenia Caryophyllus Leaf Oil, Eugenol, Limonene, Linalool, Ascorbic Acid.', 'product_property': 'erfrischend|reinigend', 'Inhalt': '125 ml', 'scope_of_application': 'Mundhygiene', 'Produkttyp': 'Mundwasser & Spray'}"||||||||||||||5.0|1|2772155_1.png|https://static.mueller.de/7151879700-PV-0/pdzoom/sensident-mundwasser-konzentrat-extra-fresh.webp|2772155_2.png|https://static.mueller.de/7151879700-VV-1/pdzoom/sensident-mundwasser-konzentrat-extra-fresh.webp||||||||||||||||||||DENTAL-Kosmetik GmbH & Co. KG||||||||||125 ml|Alcohol, Aqua, Aroma, Sodium C14-17 Alkyl Sec Sulfonate, Zinc Chloride, Illicium Verum Oil, Sodium Saccharin, Lavandula Angustifolia Oil, Eugenia Caryophyllus Leaf Oil, Eugenol, Limonene, Linalool, Ascorbic Acid.||True||2772155P|||||||||10
153179|mueller||||||||2024-10-28|Reber Constanze Mozart Schokis|REBER||100|g|Home|Drogerie|Lebensmittel|Süßigkeiten|Schokolade|Reber Constanze Mozart Schokis||3,99 €|3,99 €|||||||||||39,90 € / 1 kg|||EUR|Home> Drogerie> Lebensmittel> Süßigkeiten> Schokolade> Reber Constanze Mozart Schokis|https://www.mueller.at/p/reber-constanze-mozart-schokis-153179/|100 g||||||||||||{'Nährwerte je': '100  g', 'Brennwert': '2185 kj / 523 kcal', 'Fett in g': '30.8 g', '- davon gesättigte Fettsäuren in g': '14.9 g', 'Kohlenhydrate in g': '53.7 g', '- davon Zucker in g': '47.7 g', 'Eiweiß in g': '7.0 g', 'Salz in g': '0.18 g'}|||||||||||Non-Organic||||{'manufacturer': 'Paul Reber GmbH + Co. KG', 'Herstelleradresse': '83435 Bad Reichenhall \nDeutschland', 'Kontaktmöglichkeit': 'info@reber.com', 'Inhalt': '100 g', 'Zutaten': 'Zucker, Kakaobutter, Invertzuckersirup, VOLLMILCHPULVER, HASELNÜSSE (31% in der Haselnuss-Nougatfüllung), Kakaomasse, MANDELN (20% in der Pistazienmarzipanfüllung), MILCHZUCKER, SAHNEPULVER, PISTAZIEN (2,1% in der Pistazienmarzipanfüllung), Emulgator Sonnenblumenlecithine, Obstwasser. KANN SPUREN VON EI, WEIZEN UND SOJA ENTHALTEN.', 'Produkttyp': 'Schokoladenartikel'}||||||||||||||0|0|153179_1.png|https://static.mueller.de/6808866855-PV-0/pdzoom/reber-constanze-mozart-schokis.webp||||||||||||||||||||||Paul Reber GmbH + Co. KG||||||||||100 g|||True||153179P|||||||||5
2747190|mueller||||||||2024-10-28|Käfer Teekane Gross 1l|KÄFER||1|Stk.|Home|Haushalt|Essen & Trinken|Kannen & Flaschen|Kannen|Käfer Teekane Gross 1l||34,95 €|34,95 €||||||||||||||EUR|Home> Haushalt> Essen & Trinken> Kannen & Flaschen> Kannen> Käfer Teekane Gross 1l|https://www.mueller.at/p/kaefer-teekane-gross-1l-2747190/|1 Stk.|"Die Käfer Teekanne 1,0 l aus Porzellan wird exklusiv für Käfer gefertigt und reiht sich wunderbar in die Geschirrserie Käfer Klassik ein.
Die originale Käfer Bodenmarke auf der Teekanne, garantiert die Echtheit unseres Käfer Geschirrs.
Volumen: 1,0 l
Spülmaschinengeeignet bei geringer Temperatur (bis 50°C)*
* Dabei sind geringe Veränderungen an Farbe und Dekor möglich."||||||||||||||||||||||Non-Organic||||{'manufacturer': 'Feinkost Käfer GmbH', 'Herstelleradresse': 'Heimstettener Str. 1, 85599 Parsdorf', 'Inhalt': '1 Stk.'}||||||||||||||0|0|2747190_1.png|https://static.mueller.de/6958433675-PV-0/pdzoom/kaefer-teekane-gross-1l.webp||||||||||||||||||||||Feinkost Käfer GmbH||||||||||1 Stk.|||True||2747190P|||||||||10
2747192|mueller||||||||2024-10-28|Käfer Standard Haferl 0,3l|KÄFER||1|Stk.|Home|Haushalt|Essen & Trinken|Geschirr|Becher & Tassen|Käfer Standard Haferl 0,3l||6,95 €|6,95 €||||||||||||||EUR|Home> Haushalt> Essen & Trinken> Geschirr> Becher & Tassen> Käfer Standard Haferl 0,3l|https://www.mueller.at/p/kaefer-standard-haferl-0-3l-2747192/|1 Stk.|Das original klassische Käfer Haferl aus Porzellan mit Bodenmarke für die Echtheitsgarantie, wird bereits seit vielen Jahren exklusiv für Käfer gefertigt und ist ein weltweites äußerst beliebtes Sammlerobjekt. Das Käfer Haferl ist das beliebteste Sammelobjekt und macht auf jedem Tisch eine gute Figur. Größe: ca. 8 cm, Volumen: 0,3l. Spülmaschinengeeignet bei geringer Temperatur (bis 50°C)*. * Dabei geringe Veränderungen an Farbe und Dekor möglich. Bestellen Sie doch gleich hier die passende Untertasse mit.||||||||||||||||||||||Non-Organic||||{'Geeignet für': 'Spuelmaschinen', 'manufacturer': 'Feinkost Käfer GmbH', 'Herstelleradresse': 'Heimstettener Str. 1, 85599 Parsdorf', 'Inhalt': '1 Stk.'}||||||||||||||4.0|1|2747192_1.png|https://static.mueller.de/6955502201-PV-0/pdzoom/kaefer-standard-haferl-0-3l.webp||||||||||||||||||||||Feinkost Käfer GmbH||||||||||1 Stk.|||True||2747192P|||||Spuelmaschinen||||5
2747193|mueller||||||||2024-10-28|Käfer Haferl Blume 0,2l|KÄFER||1|Stk.|Home|Haushalt|Essen & Trinken|Geschirr|Becher & Tassen|Käfer Haferl Blume 0,2l||7,95 €|7,95 €||||||||||||||EUR|Home> Haushalt> Essen & Trinken> Geschirr> Becher & Tassen> Käfer Haferl Blume 0,2l|https://www.mueller.at/p/kaefer-haferl-blume-0-2l-2747193/|1 Stk.|"Das klassische Käfer Haferl gibt es jetzt auch in der Geschirrserie Mustermix-Serie, dekorativ mit weißen Blumen auf Rot und den beliebten Glückskäfern.
Das Haferl wird exklusiv für Käfer aus hochwertigem Porzellan gefertigt und ist mit der original Käfer Bodenmarke als Eichtheitsgarantie versehen.
Volumen: 0,2 l
Spülmaschinengeeignet bei niedriger Temperatur (bis 50° C).*
* Geringe Veränderungen an Farbe und Dekor möglich."||||||||||||||||||||||Non-Organic||||{'Geeignet für': 'Spuelmaschinen', 'manufacturer': 'Feinkost Käfer GmbH', 'Herstelleradresse': 'Heimstettener Str. 1, 85599 Parsdorf', 'Inhalt': '1 Stk.'}||||||||||||||0|0|2747193_1.png|https://static.mueller.de/6958128132-PV-0/pdzoom/kaefer-haferl-blume-0-2l.webp||||||||||||||||||||||Feinkost Käfer GmbH||||||||||1 Stk.|||True||2747193P|||||Spuelmaschinen||||10
2747195|mueller||||||||2024-10-28|Käfer Haferl Tupfen Mustermix 0,3l|KÄFER||1|Stk.|Home|Haushalt|Essen & Trinken|Geschirr|Becher & Tassen|Käfer Haferl Tupfen Mustermix 0,3l||7,95 €|7,95 €||||||||||||||EUR|Home> Haushalt> Essen & Trinken> Geschirr> Becher & Tassen> Käfer Haferl Tupfen Mustermix 0,3l|https://www.mueller.at/p/kaefer-haferl-tupfen-mustermix-0-3l-2747195/|1 Stk.|"Das klassische Käfer Haferl gibt es jetzt auch in der Geschirrserie Mustermix. Wunderschön mit weißen Tupfen auf Käferrot.
Das Haferl wird exklusiv für Käfer aus hochwertigem Porzellan gefertigt und ist mit der original Käfer Bodenmarke als Eichtheitsgarantie versehen.
Volumen: 0,3 l
Spülmaschinengeeignet bei niedriger Temperatur (bis 50° C).*
* Geringe Veränderungen an Farbe und Dekor möglich."||||||||||||||||||||||Non-Organic||||{'Geeignet für': 'Spuelmaschinen', 'manufacturer': 'Feinkost Käfer GmbH', 'Herstelleradresse': 'Heimstettener Str. 1, 85599 Parsdorf', 'Inhalt': '1 Stk.'}||||||||||||||0|0|2747195_1.png|https://static.mueller.de/6958433791-PV-0/pdzoom/kaefer-haferl-tupfen-mustermix-0-3l.webp||||||||||||||||||||||Feinkost Käfer GmbH||||||||||1 Stk.|||True||2747195P|||||Spuelmaschinen||||10
2747196|mueller||||||||2024-10-28|Käfer Haferl Untertasse Ø 14,5cm|KÄFER||1|Stk.|Home|Haushalt|Essen & Trinken|Geschirr|Teller|Käfer Haferl Untertasse Ø 14,5cm||6,95 €|6,95 €||||||||||||||EUR|Home> Haushalt> Essen & Trinken> Geschirr> Teller> Käfer Haferl Untertasse Ø 14,5cm|https://www.mueller.at/p/kaefer-haferl-untertasse-14-5cm-2747196/|1 Stk.|"Die original Käfer Untertasse für das berühmte Haferl wird exklusiv aus Porzellan für Käfer gefertigt und trägt die Bodenmarke als Echtheitsgarantie.
Maße: ca. Ø: 14,5 cm
Spülmaschinengeeignet bei geringer Temperatur (bis 50°C)*. * Dabei sind geringe Veränderungen an Farbe und Dekor möglich. Bestellen Sie doch gleich hier das passende Haferl dazu."||||||||||||||||||||||Non-Organic||||{'Geeignet für': 'Spuelmaschinen', 'manufacturer': 'Feinkost Käfer GmbH', 'Herstelleradresse': 'Heimstettener Str. 1, 85599 Parsdorf', 'Inhalt': '1 Stk.'}||||||||||||||0|0|2747196_1.png|https://static.mueller.de/6955503090-PV-0/pdzoom/kaefer-haferl-untertasse-14-5cm.webp||||||||||||||||||||||Feinkost Käfer GmbH||||||||||1 Stk.|||True||2747196P|||||Spuelmaschinen||||10
2747197|mueller||||||||2024-10-28|ARTDECO Natural Nail Hardener|ARTDECO||10|ml|Home|Parfümerie|Make-up|Nägel|Top- & Basecoat|ARTDECO Natural Nail Hardener||10,95 €|10,95 €|||||||||||1 095,00 € / 1 l|||EUR|Home> Parfümerie> Make-up> Nägel> Top- & Basecoat> ARTDECO Natural Nail Hardener|https://www.mueller.at/p/artdeco-natural-nail-hardener-2747197/|10 ml|Keine Lust mehr auf brüchige Nägel? Dann ist der Natural Nail Hardener Dein neuer bester Freund! Verwende den Nagellack als schützende Base unter Deinem Farblack oder trage ihn als reinen Schutzlack auf. Der Lack eignet sich optimal zur Anwendung als Kur für langfristig gesunde und stake Nägel. Als Teil unserer grünen Linie besteht mindestens 70% der Formulierung des Nagelhärters aus Inhaltsstoffen natürlichen Ursprungs. Die AHA-Säuren im Lack sorgen dafür, dass die Nageloberfläche geglättet und ebenmäßiger wirkt. Deine Nägel werden Dich für die Pflege lieben!  Die wichtigsten Inhaltsstoffe und ihre Wirkung: - Squalane bauen den Nagel auf, indem sie ihn mit Feuchtigkeit versorgen. Die Nageloberfläche wird dadurch widerstandsfähiger  - Bambus-Extrakt, die reichste bekannte natürliche Quelle für Kieselsäure, ist dafür bekannt, die Nägel zu stärken und sie somit widerstandsfähiger zu machen  - Natürliche pflanzliche Inhaltsstoffe, wie Sonnenblumenöl, Blaubeerextrakt, Zuckerrohextrakt, Zitronenextrakt, Orangenextrakt, Zucker-Ahorn-Extrakt und Vitamin E stärken die Nägel dauerhaft und machen sie weniger brüchig||||||||||||||||||||||Non-Organic||||{'consistency': 'Lack', 'target_group': 'Damen', 'manufacturer': 'ARTDECO cosmetic GmbH', 'Herstelleradresse': 'Gaußstr. 13, 85757 Karlsfeld', 'Kontaktmöglichkeit': 'produktdaten@artdeco.com', 'Anwendungshinweis': 'Trage den härtenden Nagellack ganz einfach in einer Schicht als schützende Base unter dem gewünschten Farblack auf. Alternativ kannst Du den Lack als reinen Schutzlack verwenden, in dem Du 2 Schichten auf Deine gereinigten, fettfreien Nägel aufträgst.', 'package_contents': 'ETHYL ACETATE, BUTYL ACETATE, NITROCELLULOSE, ADIPIC ACID/NEOPENTYL GLYCOL/TRIMELLITIC ANHYDRIDE COPOLYMER, ACETYL TRIBUTYL CITRATE, ALCOHOL, GLYCOLIC ACID, AQUA (WATER), N-BUTYL ALCOHOL, ETOCRYLENE, GLUCONOLACTONE, LACTIC ACID, MALIC ACID, SQUALANE, HELIANTHUS ANNUUS (SUNFLOWER) SEED OIL, TRIMETHYLPENTANEDIYL DIBENZOATE, BAMBUSA VULGARIS EXTRACT, VACCINIUM MYRTILLUS FRUIT EXTRACT, SACCHARUM OFFICINARUM (SUGAR CANE) EXTRACT, TOCOPHEROL, CITRUS AURANTIUM DULCIS (ORANGE) FRUIT EXTRACT, CITRUS LIMON (LEMON) FRUIT EXTRACT, ACER SACCHARUM (SUGAR MAPLE) EXTRACT, CI 19140 (YELLOW 5 LAKE), CI 77510 (FERRIC AMMONIUM FERROCYANIDE)', 'Inhalt': '10 ml', 'scope_of_application': 'Nägel', 'Produkttyp': 'Topcoat'}||||||||||||||5.0|2|2747197_1.png|https://static.mueller.de/6956144286-PV-0/pdzoom/artdeco-natural-nail-hardener.webp||||||||||||||||||||||ARTDECO cosmetic GmbH||||||||||10 ml|ETHYL ACETATE, BUTYL ACETATE, NITROCELLULOSE, ADIPIC ACID/NEOPENTYL GLYCOL/TRIMELLITIC ANHYDRIDE COPOLYMER, ACETYL TRIBUTYL CITRATE, ALCOHOL, GLYCOLIC ACID, AQUA (WATER), N-BUTYL ALCOHOL, ETOCRYLENE, GLUCONOLACTONE, LACTIC ACID, MALIC ACID, SQUALANE, HELIANTHUS ANNUUS (SUNFLOWER) SEED OIL, TRIMETHYLPENTANEDIYL DIBENZOATE, BAMBUSA VULGARIS EXTRACT, VACCINIUM MYRTILLUS FRUIT EXTRACT, SACCHARUM OFFICINARUM (SUGAR CANE) EXTRACT, TOCOPHEROL, CITRUS AURANTIUM DULCIS (ORANGE) FRUIT EXTRACT, CITRUS LIMON (LEMON) FRUIT EXTRACT, ACER SACCHARUM (SUGAR MAPLE) EXTRACT, CI 19140 (YELLOW 5 LAKE), CI 77510 (FERRIC AMMONIUM FERROCYANIDE)||True||2747197P|||||||||10
981536|mueller||||||||2024-10-28|Odenwälder Marzipan Glückwunschtorte|ODENWÄLDER MARZIPAN||100|g|Home|Drogerie|Lebensmittel|Süßigkeiten|Snacks & Riegel|Odenwälder Marzipan Glückwunschtorte||6,49 €|6,49 €|||||||||||64,90 € / 1 kg|||EUR|Home> Drogerie> Lebensmittel> Süßigkeiten> Snacks & Riegel> Odenwälder Marzipan Glückwunschtorte|https://www.mueller.at/p/odenwaelder-marzipan-glueckwunschtorte-981536/|100 g|Odenwälder Marzipan Glückwunschtorte, ca. 100g.||Vor Wärme und Sonneneinstrahlung schützen. Trocken lagern|||Deutschland|Alllergenkennzeichnung notwendig|||||{'Nährwerte je': '100', 'Brennwert': '443 kj / 1862 kcal', 'Fett in g': '20.5', '- davon gesättigte Fettsäuren in g': '2', 'Kohlenhydrate in g': '55.1', '- davon Zucker in g': '50.2', 'Eiweiß in g': '9.2', 'Salz in g': '0.01'}|||||||||||Non-Organic||||"{'Lagerhinweis': 'Vor Wärme und Sonneneinstrahlung schützen. Trocken lagern', 'manufacturer': 'Odenwälder Marzipankonditorei GmbH', 'Herstelleradresse': 'Reuboldstraße 8, 63937 Weilbach', 'Kontaktmöglichkeit': 'info@odenwaelder-marzipan.de', 'Herkunftsland': 'Deutschland', 'Allergenhinweis': 'Alllergenkennzeichnung notwendig', 'Inhalt': '100 g', 'Eigenschaften': 'Glutenfrei|Laktosefrei|vegetarisch gemaeß Rezeptur', 'Zutaten': 'Zucker , MANDELN (39 %), Wasser, Feuchthaltemittel: Sorbit, Alkohol, Feuchthaltemittel: Invertase, Farbstoffe:E120, E160a, E171, Überzugsmittel: E904, HÜHNEREIEIWEISS', 'Produkttyp': 'Snacks & Riegel'}"||||||||||||||0|0|981536_1.png|https://static.mueller.de/6808857318-PV-0/pdzoom/odenwaelder-marzipan-glueckwunschtorte.webp||||||||||||||||||||||Odenwälder Marzipankonditorei GmbH||||||||||100 g|||True||981536P|||||||||5
3013936|mueller||||||||2024-10-28|GO FITNESS Protein Cake Vanilla|GO FITNESS||50|g|Home|Drogerie|Lebensmittel|Nahrung|Sportlernahrung|GO FITNESS Protein Cake Vanilla||2,39 €|2,39 €|||||||||||47,80 € / 1 kg|||EUR|Home> Drogerie> Lebensmittel> Nahrung> Sportlernahrung> GO FITNESS Protein Cake Vanilla|https://www.mueller.at/p/go-fitness-protein-cake-vanilla-IPN3013936/|50 g|GO FITNESS Protein Cake mit Vanillefüllung mit Süßungsmittel||Kühl und trocken lagern.|||Hergestellt in der EU|Kann Spuren von Milch, Gluten und Eiern enthalten.|||||{'Nährwerte je': '100g', 'Brennwert': '1782 kj / 427 kcal', 'Fett in g': '25', '- davon gesättigte Fettsäuren in g': '3,3', 'Kohlenhydrate in g': '36', '- davon Zucker in g': '<2,5', 'Ballaststoffe in g': '5,1', 'Eiweiß in g': '22', 'Salz in g': '1,27'}|||||||||||Non-Organic||||{'Lagerhinweis': 'Kühl und trocken lagern.', 'manufacturer': 'Next Level Foods GmbH', 'Herstelleradresse': 'Industriestraße 9, DE-76541 Lörrach', 'Kontaktmöglichkeit': 'www.nxtlevel.com', 'Herkunftsland': 'Hergestellt in der EU', 'Allergenhinweis': 'Kann Spuren von Milch, Gluten und Eiern enthalten.', 'Inhalt': '50 g', 'Zutaten': 'Öl mit hohem Ölsäuregehalt, Sonnenblumenöl, Maltit, Erythrit, WEIZENprotein, Erbsenprotein, SOJAmehl, Eiertrockenmischung, WEIZENextrakt mit hohem Proteingehalt, MILCHeiweiß, Sorbit, Glycerin, modifizierte Stärke, Sonnenblumenlecithin, Backtriebmittel: Natriumaluminiumphosphat E541, Natriumbicarbonat E500, Natriumchlorid; Emulgatoren: E471, E466, E481, E341; Konservierungsstoffe: Kaliumsorbat, Natriumbenzoat, Natriumacetat; Stevia, Aromastoffe: Vanille, Orange', 'Produkttyp': 'Energie-Riegel', 'warning_notice': 'Die angegebene empfohlene tägliche Verzehrsmenge darf nicht überschritten werden. Nahrungsergänzungsmittel sollten nicht als Ersatz für eine ausgewogene und abwechslungsreiche Ernährung dienen. Achten Sie auf eine gesunde Lebensweise. Außerhalb der Reichweite von kleinen Kindern aufbewahren.'}||||||||||||||5.0|1|3013936_1.png|https://static.mueller.de/pdzoom/7649988902765.webp||||||||||||||||||||||Next Level Foods GmbH||||||||||50 g|||True||3013936P|||||||||10
2772151|mueller||||||||2024-10-28|SensiDent Kaugummi Zuckerfrei Zahnpflege Black & White|SENSIDENT||50|Stk.|Home|Drogerie|Lebensmittel|Süßigkeiten|Kaugummi|SensiDent Kaugummi Zuckerfrei Zahnpflege Black & White||2,45 €|2,45 €|||||||||||0,49 € / 10 Stk.|||EUR|Home> Drogerie> Lebensmittel> Süßigkeiten> Kaugummi> SensiDent Kaugummi Zuckerfrei Zahnpflege Black & White|https://www.mueller.at/p/sensident-kaugummi-zuckerfrei-zahnpflege-black-white-2772151/|50 Stk.|Zuckerfreier Kaugummi trägt zur Erhaltung der Zahnmineralisierung und zur Neutralisierung der Säuren des Zahnbelags bei. Die positive Wirkung stellt sich nach mindestens 20-minütigem Kauen nach dem Essen oder Trinken ein. Der Kaugummi schmeckt nach Eukalyptus.|||||Deutschland|||||||||||||||||Non-Organic||||"{'target_group': 'Damen|Herren|Unisex', 'manufacturer': 'asCom Confection GmbH', 'Herstelleradresse': 'Industriestrasse 54, 66190 Walldorf', 'Kontaktmöglichkeit': 'www.mueller.eu', 'Herkunftsland': 'Deutschland', 'Anwendungshinweis': 'Achten Sie auf eine gesunde Lebensweise und eine abwechslungsreiche und ausgewogene Ernährung.', 'package_contents': 'Süßungsmittel: Isomalt; Kaumasse; Süßungsmittel: Sorbit, Xylit; Aromen; Farbstoff: *Pflanzenkohle 1,4%; Verdickungsmittel: Gummi Arabicum; Süßungsmittel: Maltitsirup; Feuchthaltemittel: Glycerin; Emulgator: Lecithine; Süßungsmittel: Acesulfam K, Sucralose; Überzugsmittel: Carnaubawachs; Emulgator: Zuckerester von Speisefettsäuren.', 'Inhalt': '50 Stk.', 'scope_of_application': 'Mundhygiene', 'Produkttyp': 'Kaugummi'}"||||||||||||||2.3333|3|2772151_1.png|https://static.mueller.de/7019844905-PV-0/pdzoom/sensident-kaugummi-zuckerfrei-zahnpflege-black-white.webp|2772151_2.png|https://static.mueller.de/7019844905-VV-1/pdzoom/sensident-kaugummi-zuckerfrei-zahnpflege-black-white.webp||||||||||||||||||||asCom Confection GmbH||||||||||50 Stk.|Süßungsmittel: Isomalt; Kaumasse; Süßungsmittel: Sorbit, Xylit; Aromen; Farbstoff: *Pflanzenkohle 1,4%; Verdickungsmittel: Gummi Arabicum; Süßungsmittel: Maltitsirup; Feuchthaltemittel: Glycerin; Emulgator: Lecithine; Süßungsmittel: Acesulfam K, Sucralose; Überzugsmittel: Carnaubawachs; Emulgator: Zuckerester von Speisefettsäuren.||True||2772151P|||||||||5
2879259|mueller||||||||2024-10-28|BRIO Bahn - 65 Jahre Holzeisenbahn Jubiläums-Zugset|BRIO||1|Stk.|Home|Spielwaren|Baby & Kleinkind|Kleinkindspielzeug|BRIO Bahn - 65 Jahre Holzeisenbahn Jubiläums-Zugset|||79,99 €|79,99 €||||||||||||||EUR|Home> Spielwaren> Baby & Kleinkind> Kleinkindspielzeug> BRIO Bahn - 65 Jahre Holzeisenbahn Jubiläums-Zugset|https://www.mueller.at/p/brio-bahn-65-jahre-holzeisenbahn-jubilaeums-zugset-IPN2879259/|1 Stk.|"Wir feiern das Jubiläum der klassischen Spielzeugeisenbahn mit dem 65 Jahre Holzeisenbahn Jubiläums-Zugset. Das 32-teilige Set enthält einen klassischen BRIO Zug mit 3 Holzwaggons in leuchtenden Farben, eine Brücke, Weichen und Holzbäume.

Wir feiern die klassische Spielzeugeisenbahn mit dem 36036 65 Jahre Holzeisenbahn Jubiläums-Zugset. Das vollständig aus Holz hergestellte Zugset ist von den ikonischen BRIO Eisenbahnprodukten inspiriert, die 1958 zum ersten Mal auf den Markt kamen. Das 32-teilige Set ist aus europäischen Buchenholz hergestellt und enthält einen klassischen BRIO Zug mit 3 Holzwaggons in leuchtenden Farben, eine Brücke, Weichen und Holzbäume für eine malerische Landschaftsdekoration.

Über BRIO Classic: Die BRIO Classic Eisenbahnserie ist von unserer ikonischen Spielzeugeisenbahn aus Holz inspiriert, die 1958 zum ersten Mal auf den Markt kam. Sie ist von den traditionellen Spielelementen der Holzeisenbahn geprägt und das unverwechselbare skandinavische BRIO-Design macht sich gut in jedem Zuhause. Dieses haltbare Holzspielzeug ist aus europäischem Buchenholz und kann von Generation zu Generation weitergegeben werden. Diese robusten und verspielten Spielzeuge sind zu 100 % kompatibel mit der BRIO World und anderen BRIO Holzeisenbahn-Produkten."||||||||3 Monate||||||||||||||Non-Organic||||"{'target_group': 'Kindergartenkinder|Grundschüler', 'Artikelnummer des Herstellers': '36036', 'Altersempfehlung ab': '3 Monate', 'Inhalt': '1 Stk.', 'Produkttyp': 'Kindergarten'}"||||||||||||||0|0|2879259_1.png|https://static.mueller.de/pdzoom/7312350360363.webp|2879259_2.png|https://static.mueller.de/pdzoom/7312350360363_2.webp||||||||||||||||||||36036||||||||||1 Stk.|||True||2879259P|||||||||10
2326916|mueller||||||||2024-10-28|WMF Küchenminis Dörrautomat SNACK TO GO|WMF||1|Stk.|Home|Haushalt|Kochen & Backen|Küchengeräte|Weitere Geräte|WMF Küchenminis Dörrautomat SNACK TO GO||149,99 €|149,99 €|149,99 €|99,99 €||||33%|Sie sparen 33%|||||||EUR|Home> Haushalt> Kochen & Backen> Küchengeräte> Weitere Geräte> WMF Küchenminis Dörrautomat SNACK TO GO|https://www.mueller.at/p/wmf-kuechenminis-doerrautomat-snack-to-go-2326916/|1 Stk.|Ob für Beef Jerky, Müsliriegel oder Gemüsechips, der kompakte  Dörrautomat dörrt dank cleverem Programm für Sie über Nacht gesunde Snacks zum Mitnehmen. Das Gerät eignet sich perfekt zum Trocknen von Obst, Gemüse, Fleisch und Pilzen. Es verfügt über eine Temperatureinstellung von 30 °C bis 70 °C, Überhitzungsschutz und individuell einstellbarem 24-Stunden-Timer. Einfach zu bedienen per LCD-Anzeige. Besonders leiser Betrieb. Aus hochwertigem Cromargan®, mit 5 feinmaschigen Dörrgittern aus Tritan und Edelstahl sowie  einem praktischen To-go-Set.||||||||||||||||||||||Non-Organic||||{'scope_of_delivery': '1 Stück', 'power_in_watts': '250 W', 'Höhe': '20.4 cm', 'Breite': '18.8 cm', 'Tiefe': '27.7 cm', 'Inhalt': '1 Stk.'}||||||||||||||5.0|1|2326916_1.png|https://static.mueller.de/6627485356-PV-0/pdzoom/wmf-kuechenminis-doerrautomat-snack-to-go.webp|2326916_2.png|https://static.mueller.de/6627485356-VV-1/pdzoom/wmf-kuechenminis-doerrautomat-snack-to-go.webp|2326916_3.png|https://static.mueller.de/6627485356-PB-2/pdzoom/wmf-kuechenminis-doerrautomat-snack-to-go.webp|2326916_4.png|https://static.mueller.de/6627485356-PB-3/pdzoom/wmf-kuechenminis-doerrautomat-snack-to-go.webp|2326916_5.png|https://static.mueller.de/6627485356-PB-4/pdzoom/wmf-kuechenminis-doerrautomat-snack-to-go.webp|2326916_6.png|https://static.mueller.de/6627485356-PB-5/pdzoom/wmf-kuechenminis-doerrautomat-snack-to-go.webp||||||||||||||||||||||1 Stk.|||False||2326916P|||||||||1
2326919|mueller||||||||2024-10-28|WMF Küchenminis Langschlitz-Toaster|WMF||1|Stk.|Home|Haushalt|Kochen & Backen|Küchengeräte|Toaster|WMF Küchenminis Langschlitz-Toaster||94,99 €|94,99 €|94,99 €|69,99 €||||26%|Sie sparen 26%|||||||EUR|Home> Haushalt> Kochen & Backen> Küchengeräte> Toaster> WMF Küchenminis Langschlitz-Toaster|https://www.mueller.at/p/wmf-kuechenminis-langschlitz-toaster-2326919/|1 Stk.|"Dieser platzsparende Langschlitz-Toaster ist extrem schlank im Design und trotzdem ein echtes Raumwunder: Zwei XXL-Toastscheiben, eine lange Scheibe Brot oder Bagelhälften können individuell und gleichmäßig dank variabel einstellbarer Bräunungsstufen sowie integrierter Brotzentrierung gebräunt werden.
Mit dem zusätzlichen Aufsatz lassen sich Brötchen auftauen, aufbacken oder schonend aufwärmen. Seine coole Ausstrahlung bewahrt der WMF Küchenminis Langschlitz-Toaster auch, während ihm 900 Watt mächtig einheizen. Praktisch sind die mitgelieferte Zange zum einfachen Herausnehmen kleiner Scheiben sowie die Bagel-Funktion zum einseitigen Toasten.

Pflegehinweis: Handwäsche
Hauptmaterieal: Cromargan® Edelstahl Rostfrei 18/10
Materialeigenschaft: Mattiert
Frequenz (Hz): 50-60
"|||||Deutschland|||||||||||||||||Non-Organic||||{'power_in_watts': '900 W', 'scope_of_delivery': '1x Langschlitz-Toaster', 'special_function': '• inklusive Bagelfunktion <br>• Brötchenaufsatz integriert <br>• Auftauen, aufwärmen und Stopp als beleuchtete Funktionstasten <br>• 7 variabel einstellbare Bräunungsstufen <br>• Keep Cool Isolierung', 'manufacturer': 'WMF GmbH', 'Herstelleradresse': '73312 Geislingen', 'Herkunftsland': 'Deutschland', 'Höhe': '15.6 cm', 'Breite': '11 cm', 'Tiefe': '36.6 cm', 'Inhalt': '1 Stk.'}||||||||||||||0|0|2326919_1.png|https://static.mueller.de/6997468140-PUV-0/pdzoom/wmf-kuechenminis-langschlitz-toaster.webp|2326919_2.png|https://static.mueller.de/6997468140-PB-1/pdzoom/wmf-kuechenminis-langschlitz-toaster.webp||||||||||||||||||||WMF GmbH||||||||||1 Stk.|||True||2326919P|||||||||2
2879270|mueller||||||||2024-10-28|BRIO Bahn - Tierscheune mit Heuwaggon - Zubehör zum Zugset für Kinder ab 3 Jahren|BRIO||1|Stk.|Home|Spielwaren|Baby & Kleinkind|Kleinkindspielzeug|BRIO Bahn - Tierscheune mit Heuwaggon - Zubehör zum Zugset für Kinder ab 3 Jahren|||39,99 €|39,99 €||||||||||||||EUR|Home> Spielwaren> Baby & Kleinkind> Kleinkindspielzeug> BRIO Bahn - Tierscheune mit Heuwaggon - Zubehör zum Zugset für Kinder ab 3 Jahren|https://www.mueller.at/p/brio-bahn-tierscheune-mit-heuwaggon-zubehoer-zum-zugset-fuer-kinder-ab-3-jahren-IPN2879270/|1 Stk.|"Die BRIO World Tierscheune mit Heuwaggon ist ein schönes Zuhause für alle Tiere. Über die Heuladefunktion auf dem Dach der Scheune kann man das Tierfutter vom Waggon sicher in die Scheune laden.

Die BRIO World Tierscheune mit Heuwaggon ist ein schönes Zuhause für alle Tiere. In der Scheune ist genug Platz für sie und auf dem Heuboden für ihr Futter. Über die Heuladefunktion auf dem Dach der Scheune kann man das Tierfutter vom Waggon sicher in die Scheune laden. Mit dem Waggon kann man die Tiere außerdem durch die ganze BRIO World transportieren.



Über die BRIO World: Die BRIO World ist unser unbegrenztes Spielsystem, das mit Ihrem Kind mitwächst. Alle Spielzeuge der BRIO World, von unseren Holzschienen bis zu unseren Fahrzeugen und Figuren, passen zusammen und lassen sich zu einer Spielewelt kombinieren, die sich hervorragend eignet, um die kindliche Entwicklung zu fördern. Endlose fantasievolle Spielmöglichkeiten warten nur darauf, erkundet zu werden, und dieser liebevoll gestaltete Tierstall passt perfekt zu den vorhandenen BRIO World Produkten mit Bauernhofthema.
Inhalt:
1 x Tierscheune, 1 x Waggon, 1 x Heuladung, 2 x Tiere, 1 x Holzschiene."||||||||3 Monate||||||||||||||Non-Organic||||"{'target_group': 'Kindergartenkinder|Grundschüler', 'Artikelnummer des Herstellers': '36012', 'Altersempfehlung ab': '3 Monate', 'Inhalt': '1 Stk.', 'Produkttyp': 'Kindergarten'}"||||||||||||||0|0|2879270_1.png|https://static.mueller.de/pdzoom/7312350360127.webp|2879270_2.png|https://static.mueller.de/pdzoom/7312350360127_112.webp|2879270_3.png|https://static.mueller.de/pdzoom/7312350360127_10.webp|2879270_4.png|https://static.mueller.de/pdzoom/7312350360127_2.webp|2879270_5.png|https://static.mueller.de/pdzoom/7312350360127_9.webp|2879270_6.png|https://static.mueller.de/pdzoom/7312350360127_3.webp||||||||||||36012||||||||||1 Stk.|||False||2879270P|||||||||1
2879271|mueller||||||||2024-10-28|Makotex - Haarclip Schiffchen Rot|MAKOTEX||1|Stk.|Home|Spielwaren|Kostüme & Partyartikel|Kostüme & Schminke|Makotex - Haarclip Schiffchen Rot|||7,99 €|7,99 €||||||||||||||EUR|Home> Spielwaren> Kostüme & Partyartikel> Kostüme & Schminke> Makotex - Haarclip Schiffchen Rot|https://www.mueller.at/p/makotex-haarclip-schiffchen-rot-IPN2879271/|1 Stk.|Makotex - Haarclip Schiffchen Rot||||||||14 Jahre||||||||||||||Non-Organic||||"{'target_group': 'Jugendliche|Erwachsene', 'Artikelnummer des Herstellers': '995981569', 'Altersempfehlung ab': '14 Jahre', 'Inhalt': '1 Stk.', 'Produkttyp': 'Sonstiges Kostümzubehör'}"||||||||||||||0|0|2879271_1.png|https://static.mueller.de/pdzoom/4039996425630.webp||||||||||||||||||||||995981569||||||||||1 Stk.|||False||2879271P|||||||||1
3013938|mueller||||||||2024-10-28|Decoris Papier Engel 8cm|DECORIS||1|Stk.|Home|Haushalt|Wohnen & Dekorieren|Deko-Zubehör|Decoris Papier Engel 8cm|||2,49 €|2,49 €||||||||||||||EUR|Home> Haushalt> Wohnen & Dekorieren> Deko-Zubehör> Decoris Papier Engel 8cm|https://www.mueller.at/p/decoris-papier-engel-8cm-IPN3013940/|1 Stk.|Papier Engel 8cm||||||||||||||||||||||Non-Organic||||{'manufacturer': 'Kaemingk GmbH', 'Herstelleradresse': 'Broekstraat 13, NL-7122 MN Aalten', 'Kontaktmöglichkeit': 'info@ksd-deco.com', 'Materialdetails': 'Papier', 'Material': 'Papier', 'Farbe': 'weiß', 'Höhe': '8 cm', 'Durchmesser': '6.68 cm', 'Inhalt': '1 Stk.'}||||||weiß||Papier||||||0|0|3013938_1.png|https://static.mueller.de/pdzoom/8720194243312.webp||||||||||||||||||||||Kaemingk GmbH||||||||||1 Stk.|||True||3013938P|||||||||10
3013942|mueller||||||||2024-10-28|Hofer Premium 5 Tage Motivlicht Blütenherz|HOFER KERZEN||1|Stk.|Home|Drogerie|Haushalt|Haushaltsartikel|Kerzen|Grablichter|Hofer Premium 5 Tage Motivlicht Blütenherz|3,49 €|3,49 €||||||||||||||EUR|Home> Drogerie> Haushalt> Haushaltsartikel> Kerzen> Grablichter> Hofer Premium 5 Tage Motivlicht Blütenherz|https://www.mueller.at/p/hofer-premium-5-tage-motivlicht-bluetenherz-IPN3013942/|1 Stk.|"Das Hofer-Kerzen Premium Grablicht mit Motiv ""Blütenherz"" lässt deine Erinnerungen unvergänglich strahlen. Selbst bei Regen wird es dank des patentierten Bechers vor Wind und Wetter geschützt und schenkt 5 Tage wunderschönes Kerzenlicht. Neben der notariell bestätigten Brenndauer von 5 Tagen zeichnet sich das Hofer Premium Motivlicht durch eine wunderschöne Leuchtkraft, einem gleichmäßigen Abbrand sowie einem hochwertigen Metalldeckel aus.  

Brenndauer 96 Stunden
Durchmesser 7,6 cm
Höhe 18 cm
Nur im Freien verwenden!
"||||||||||||||||||||||Non-Organic||||{'manufacturer': 'Hofer-Kerzen Vertrieb Ges.m.b.H,', 'Herstelleradresse': 'Unterer Markt 42, AUT-3335 Weyer/OÖ.', 'Kontaktmöglichkeit': 'office@hofer-kerzen.at', 'Materialdetails': 'Wachsmischung', 'Anwendungshinweis': 'Nur im Freien verwenden!', 'package_contents': 'Wachsmischung', 'Höhe': '18 cm', 'Durchmesser': '7.6 cm', 'Inhalt': '1 Stk.'}||||||||Wachsmischung||||||0|0|3013942_1.png|https://static.mueller.de/pdzoom/9001987489278_11.webp||||||||||||||||||||||Hofer-Kerzen Vertrieb Ges.m.b.H,||||||||||1 Stk.|Wachsmischung||True||3013942P|||||||||10
310788|mueller||||||||2024-10-28|Aramis 24-Hour High Performance Antiperspirant Spray|ARAMIS||200|ml|Home|Parfümerie|Düfte für Ihn|Deodorants|Aramis 24-Hour High Performance Antiperspirant Spray|||36,95 €|36,95 €|||||||||||184,75 € / 1 l|||EUR|Home> Parfümerie> Düfte für Ihn> Deodorants> Aramis 24-Hour High Performance Antiperspirant Spray|https://www.mueller.at/p/aramis-24-hour-high-performance-antiperspirant-spray-310788/|200 ml|Das „24-Hour“ High Performance Antiperspirant Spray von Aramis verhindert übermäßige Transpiration und Körpergeruch. Das Besondere an diesem Antiperspirant: Es reaktiviert bei starker Transpiration den Duft ARAMIS Classic und schützt somit langanhaltend vor Körpergeruch. Der Wirkstoffkomplex gibt den wohlriechenden Duft Aramis Classic frei, sobald die eigene Körperwärme steigt.||||||||||||||||||||||Non-Organic||||{'target_group': 'Herren', 'manufacturer': 'Estée Lauder Companies', 'Herstelleradresse': 'Domagkstr. 10, DE-80807 München', 'fragrance_concentration': 'Deodorants', 'package_contents': 'Butane, Isobutane, Aluminum Chlorohydrate, Propane, Isopropyl Myristate, Cyclopentasiloxane, Alcohol Denat., Stearalkonium Hectorite, Lauryl Methacrylate/Glycol Dimethacrylate Crosspolymer, Propylene Carbonate, Fragrance (Parfum), Hexyl Cinnamal, Alpha-Isomethyl Ionone, Limonene, Geraniol, Hydroxycitronellal, Eugenol, Linalool, Citronellol, Pentaerythrityl Tetra-Di-T-Butyl Hydroxyhydrocinnamate < ILN49786 >', 'Inhalt': '200 ml', 'Produkttyp': 'Spray'}||||||||||||||5.0|1|310788_1.png|https://static.mueller.de/231651903-PV-0/pdzoom/aramis-24-hour-high-performance-antiperspirant-spray.webp||||||||||||||||||||||Estée Lauder Companies||||||||||200 ml|Butane, Isobutane, Aluminum Chlorohydrate, Propane, Isopropyl Myristate, Cyclopentasiloxane, Alcohol Denat., Stearalkonium Hectorite, Lauryl Methacrylate/Glycol Dimethacrylate Crosspolymer, Propylene Carbonate, Fragrance (Parfum), Hexyl Cinnamal, Alpha-Isomethyl Ionone, Limonene, Geraniol, Hydroxycitronellal, Eugenol, Linalool, Citronellol, Pentaerythrityl Tetra-Di-T-Butyl Hydroxyhydrocinnamate < ILN49786 >||True||310788P||||Gefahr Gefahr – extrem entzündbares Aerosol|||||10
2879266|mueller||||||||2024-10-28|MAKE UP FACTORY Mineral Glow Bronzer|MAKE UP FACTORY||8.5|g|Home|Parfümerie|Make-up|Teint|Puder|MAKE UP FACTORY Mineral Glow Bronzer||21,95 €|21,95 €||||||||||||||EUR|Home> Parfümerie> Make-up> Teint> Puder> MAKE UP FACTORY Mineral Glow Bronzer|https://www.mueller.at/p/make-up-factory-mineral-glow-bronzer-IPN2879266/|8.5 g|MAKE UP FACTORY Mineral Glow Bronzer||||||||||||||||||||||Non-Organic||||{'consistency': 'Puder', 'target_group': 'Damen', 'manufacturer': 'ICB innovative cosmetic brands GmbH', 'Herstelleradresse': 'Gaußstr. 13, 85757 Karlsfeld', 'Kontaktmöglichkeit': 'produktdaten@artdeco.com', 'package_contents': 'mica, kaolin, octyldodecanol, caprylic/capric triglyceride, magnesium stearate, boron nitride, synthetic fluorphlogopite, glyceryl caprylate, theobroma cacao (cocoa) seed butter, tocopheryl acetate, glyceryl undecylenate, tin oxide, plankton extract, [+/- (may contain) ci 77491 (iron oxides), ci 77492 (iron oxides), ci 77499 (iron oxides), ci 77891 (titanium dioxide)]', 'Farbnummer': '5', 'Farbe': 'Natural Glow', 'Inhalt': '8.5 g', 'scope_of_application': 'Gesicht', 'Produktart': 'Puder', 'Produkttyp': 'Bronzing'}||||||Natural Glow||||||||0|0|2879266_1.png|https://static.mueller.de/pdzoom/4045915930598.webp|2879266_2.png|https://static.mueller.de/pdzoom/4045915930598_1.webp||||||||||||||||||||ICB innovative cosmetic brands GmbH||||||||||8.5 g|mica, kaolin, octyldodecanol, caprylic/capric triglyceride, magnesium stearate, boron nitride, synthetic fluorphlogopite, glyceryl caprylate, theobroma cacao (cocoa) seed butter, tocopheryl acetate, glyceryl undecylenate, tin oxide, plankton extract, [+/- (may contain) ci 77491 (iron oxides), ci 77492 (iron oxides), ci 77499 (iron oxides), ci 77891 (titanium dioxide)]||True||2879266P|||||||||10
2879267|mueller||||||||2024-10-28|syoss Föhnschutz-Spray Keratin & Volume|SYOSS||200|ml|Home|Drogerie|Pflege|Haarpflege|Haarstyling|Schaumfestiger|syoss Föhnschutz-Spray Keratin & Volume|6,45 €|6,45 €|||||||||||32,25 € / 1 l|||EUR|Home> Drogerie> Pflege> Haarpflege> Haarstyling> Schaumfestiger> syoss Föhnschutz-Spray Keratin & Volume|https://www.mueller.at/p/syoss-foehnschutz-spray-keratin-volume-IPN2879267/|200 ml|"SYOSS Föhnschutz-Spray Keratin & Volume - bis zu 230°C Föhnschutz mit 2x Volumen*.
SYOSS Keratin & Volume Föhnschutz bietet Hitzeschutz beim Föhnen bis zu 230°C. Es sorgt für einen Anti-Platt-Volumen-Effekt vom Ansatz an. Für ein starkes, gesundes und natürliches Haargefühl.
Unsere High-Performance-Formel mit haaridentischen, flüssigen Keratin-Elementen, mitentwickelt und getestet von Friseuren, legt eine kräftigende Matrix um das Haar und verleiht die perfekte Balance zwischen Halt und Geschmeidigkeit - für die Kreation langanhaltender Salon-Styles zu Hause.
Anwendung: Der SYOSS-Stylist empfiehlt: Gut schütteln und vor dem Föhnen gleichmäßig im gesamten Haar verteilen. Anschließend das Haar wie gewohnt stylen. Nicht ausspülen.
Für ein optimales Styling-Ergebnis verwenden Sie SYOSS Kertin Haarspray als Finish.
*bis zu 2x Volumen gegenüber unbehandeltem Haar
Die Produktvorteile auf einen Blick:
Anti-Platt-Volumen-Effekt
Starkes, gesundes und natürliches Haargefühl 
Hitzeschutz beim Föhnen bis zu 230°C
200 ml Föhnschutz: SYOSS Föhnschutz-Spray schützt bis zu 230°C beim Föhnen der Haare,2x Volumen*: Dieses Keratin Föhnschutz-Spray sorgt für einen Anti-Platt-Volumen-Effekt vom Ansatz an.
*Bis zu 2x Volumen gegenüber unbehandeltem Haar.,Halt & Geschmeidigkeit: Unsere High-Performance-Formel, mit haaridentischen, flüssigen Keratin-Komponenten, verleiht die perfekte Balance zwischen Halt und Geschmeidigkeit - für die Kreation langanhaltender Salon-Styles zu Hause.,Wir von SYOSS sind überzeugt, dass Jeder salon-schönes Haar jeden Tag verdient. Gegründet in Japan, steht SYOSS für professionelle Qualität und großartige Haar-Ergebnisse bei jeder Anwendung.,Inhalt der Packung: SYOSS Föhnschutz-Spray Keratin & Volumen 200 ml, Hitzeschutz bis 230°C, 28% recycelter Flaschenkörper*
*Ohne Kappe, Pumpspender und Etikett."||||||||||||||||||||||Non-Organic||||{'manufacturer': 'Schwarzkopf & Henkel a division of Henkel AG & Co. KGaA', 'Herstelleradresse': 'D-40191 Düsseldorf, Germany', 'Kontaktmöglichkeit': '0800 38 38 838', 'Anwendungshinweis': 'Der SYOSS-Stylist empfiehlt: Gut schütteln und vor dem Föhnen gleichmäßig im gesamten Haar verteilen. Anschließend das Haar wie gewohnt stylen. Nicht ausspülen.', 'package_contents': 'Aqua (Water, Eau), VP/VA Copolymer, Hydrolyzed Keratin, Panthenol, Niacinamide, Sodium Benzoate, PEG-40 Hydrogenated Castor Oil, Cetrimonium Chloride, Parfum (Fragrance), Lactic Acid, Acrylamidopropyltrimonium Chloride/Acrylamide Copolymer, Phenoxyethanol, Sodium Metabisulfite', 'Inhalt': '200 ml', 'Produkttyp': 'Schaumfestiger'}||||||||||||||4.6918|146|2879267_1.png|https://static.mueller.de/markant_04015100802115_pv_3605639/pdzoom/syoss-foehnschutz-spray-keratin-volume.webp|2879267_2.png|https://static.mueller.de/markant_04015100802115_pr_3814356/pdzoom/syoss-foehnschutz-spray-keratin-volume.webp|2879267_3.png|https://static.mueller.de/markant_04015100802115_pd_3605012/pdzoom/syoss-foehnschutz-spray-keratin-volume.webp||||||||||||||||||Schwarzkopf & Henkel a division of Henkel AG & Co. KGaA||||||||||200 ml|Aqua (Water, Eau), VP/VA Copolymer, Hydrolyzed Keratin, Panthenol, Niacinamide, Sodium Benzoate, PEG-40 Hydrogenated Castor Oil, Cetrimonium Chloride, Parfum (Fragrance), Lactic Acid, Acrylamidopropyltrimonium Chloride/Acrylamide Copolymer, Phenoxyethanol, Sodium Metabisulfite||True||2879267P||||Nicht in die Augen sprühen.|||||10
2879269|mueller||||||||2024-10-28|Makotex - Haarclip Schiffchen Pink|MAKOTEX||1|Stk.|Home|Spielwaren|Kostüme & Partyartikel|Kostüme & Schminke|Makotex - Haarclip Schiffchen Pink|||7,99 €|7,99 €||||||||||||||EUR|Home> Spielwaren> Kostüme & Partyartikel> Kostüme & Schminke> Makotex - Haarclip Schiffchen Pink|https://www.mueller.at/p/makotex-haarclip-schiffchen-pink-IPN2879269/|1 Stk.|Makotex - Haarclip Schiffchen Pink||||||||14 Jahre||||||||||||||Non-Organic||||"{'target_group': 'Jugendliche|Erwachsene', 'Artikelnummer des Herstellers': '993981569', 'Altersempfehlung ab': '14 Jahre', 'Inhalt': '1 Stk.', 'Produkttyp': 'Sonstiges Kostümzubehör'}"||||||||||||||0|0|2879269_1.png|https://static.mueller.de/pdzoom/4039996425661.webp||||||||||||||||||||||993981569||||||||||1 Stk.|||False||2879269P|||||||||1
2772141|mueller||||||||2024-10-28|Meine Freundin Conni - 3-CD Hörspielbox Vol. 1|||1|Stk.|Home|Multi-Media|Musik|Hörspiele|Meine Freundin Conni - 3-CD Hörspielbox Vol. 1|||12,99 €|12,99 €||||||||||||||EUR|Home> Multi-Media> Musik> Hörspiele> Meine Freundin Conni - 3-CD Hörspielbox Vol. 1|https://www.mueller.at/p/meine-freundin-conni-3-cd-hoerspielbox-vol-1-2772141/|1 Stk.|||||||||||||||||||||||Non-Organic||||{'medium': 'CD', 'Künstler': 'Meine Freundin Conni (TV-Hörspiel)', 'Inhalt': '1 Stk.', 'Anzahl Medien im Artikel': '3', 'genre': 'Hörspiel (Kinder)', 'Label': 'Karussell'}||||||||||||||0|0|2772141_1.png|https://static.mueller.de/pdzoom/phononet_0602547796479_pv_0602547796479-0600px-001.webp||||||||||||||||||||||||||||||||1 Stk.|||True||2772141P|||||||||5
2747178|mueller||||||||2024-10-28|Käfer Senf Mittelscharf|KÄFER||180|ml|Home|Drogerie|Lebensmittel|Nahrung|Saucen|Käfer Senf Mittelscharf||3,95 €|3,95 €|||||||||||21,94 € / 1 l|||EUR|Home> Drogerie> Lebensmittel> Nahrung> Saucen> Käfer Senf Mittelscharf|https://www.mueller.at/p/kaefer-senf-mittelscharf-2747178/|180 ml|Der klassische Käfer Senf ist mit erlesenen Gewürzen verfeinert und eignet sich ideal zum Würzen und Verfeinern aller Speisen. Er ist besonders cremig und verleiht mit seiner feinen Schärfe jeder Speise das gewisse Etwas. Egal ob zur Wurst, Schnitzel, Fleisch oder in Dressings und Soßen. Mittelscharfer Senf ist der Liebling unserer Nation und vielleicht ist der Käfer Senf bald ihr Liebling im Gewürzschrank? |||||Deutschland|SENFMEHL|||||{'Nährwerte je': '100g', 'Brennwert': '449 kj / 107 kcal', 'Fett in g': '3.4', '- davon gesättigte Fettsäuren in g': '0.6', 'Kohlenhydrate in g': '6.3', '- davon Zucker in g': '3.6', 'Eiweiß in g': '8.4', 'Salz in g': '1.9'}|||||||||||Non-Organic||||{'manufacturer': 'Feinkost Käfer GmbH', 'Herstelleradresse': 'Heimstettener Str. 1, 85599 Parsdorf', 'Herkunftsland': 'Deutschland', 'Allergenhinweis': 'SENFMEHL', 'Inhalt': '180 ml', 'Zutaten': 'Wasser, SENFMEHL (28 %), Branntweinessig, Farinzucker, Meersalz, Gewürze.', 'Produkttyp': 'Ketchup, Saucen & Pesto'}||||||||||||||0|0|2747178_1.png|https://static.mueller.de/6958433514-PV-0/pdzoom/kaefer-senf-mittelscharf.webp||||||||||||||||||||||Feinkost Käfer GmbH||||||||||180 ml|||True||2747178P|||||||||10
2747179|mueller||||||||2024-10-28|Käfer Hausmacher Senf Süß|KÄFER||180|ml|Home|Drogerie|Lebensmittel|Nahrung|Saucen|Käfer Hausmacher Senf Süß||3,95 €|3,95 €|||||||||||21,94 € / 1 l|||EUR|Home> Drogerie> Lebensmittel> Nahrung> Saucen> Käfer Hausmacher Senf Süß|https://www.mueller.at/p/kaefer-hausmacher-senf-suess-2747179/|180 ml|Der süße Senf ist der beste Freund der Weißwurst. Die typisch bayerische Spezialität passt aber auch zu Leberkäse, Wienern und Käse. Auch in Dressings macht der Hausmacher Senf eine gute Figur. Ein ganz besonderer Genuss und eine Bereicherung für jede Mahlzeit.|||||Deutschland|SENFMEHL|||||{'Nährwerte je': '100g', 'Brennwert': '834 kj / 197 kcal', 'Fett in g': '2.9', '- davon gesättigte Fettsäuren in g': '0.2', 'Kohlenhydrate in g': '35', '- davon Zucker in g': '32', 'Eiweiß in g': '6.9', 'Salz in g': '0.26'}|||||||||||Non-Organic||||{'manufacturer': 'Feinkost Käfer GmbH', 'Herstelleradresse': 'Heimstettener Str. 1, 85599 Parsdorf', 'Herkunftsland': 'Deutschland', 'Allergenhinweis': 'SENFMEHL', 'Inhalt': '180 ml', 'Zutaten': 'Wasser, SENFMEHL (62 %), Farinzucker, Branntweinessig, Meersalz, Gewürze.', 'Produkttyp': 'Ketchup, Saucen & Pesto'}||||||||||||||0|0|2747179_1.png|https://static.mueller.de/6958128081-PV-0/pdzoom/kaefer-hausmacher-senf-suess.webp||||||||||||||||||||||Feinkost Käfer GmbH||||||||||180 ml|||False||2747179P|||||||||1
2458204|mueller||||||||2024-10-28|SENSAI COLOURS Total Lip Gloss|SENSAI||4.5|ml|Home|Parfümerie|Make-up|Lippen|Lippenstift|SENSAI COLOURS Total Lip Gloss||50,95 €|50,95 €||||||||||||||EUR|Home> Parfümerie> Make-up> Lippen> Lippenstift> SENSAI COLOURS Total Lip Gloss|https://www.mueller.at/p/sensai-colours-total-lip-gloss-2458204/|4.5 ml|Pflegende, Feuchtigkeit spendende Textur minimiert Fältchen und lässt die Lippen sofort voller und jugendlicher erscheinen. Hinterlässt außergewöhnlich geschmeidige und strahlende Lippen mit einem zarten Perlenschimmer.||||||||||||||||||||||Non-Organic||||{'consistency': 'Gloss', 'target_group': 'Damen', 'manufacturer': 'Kanebo Cosmetics Deutschland GmbH', 'Herstelleradresse': 'Pöseldorfer Weg 20, 20148 Hamburg', 'Anwendungshinweis': 'Alleine oder über dem Lippenstift für den extra Glanz auftragen.', 'package_contents': 'Hydrogenated Polyisobutene, Petrolatum, Phytosteryl/Octyldodecyl Lauroyl Glutamate, Ethylhexyl Hydroxystearate, Dextrin Palmitate, Polyglyceryl-2 Diisostearate, Phytosteryl/Behenyl/Octyldodecyl Lauroyl Glutamate, Mica, Calcium Aluminum Borosilicate, Tocopherol, Prunus Armeniaca Kernel Oil, Silica, Lauroyl Lysine, Prunus Armeniaca Juice, Dipropylene Glycol, Ethyl Glucoside, Serica Powder, Glycerin, Synthetic Fluorphlogopite, Alumina, Dimethicone, Citrus Junos Peel Extract, Tin Oxide, Methicone, BHT, Hydrolyzed Silk, Salicylic Acid, Phenoxyethanol, CI 77120, CI 77491, CI 77891', 'Farbe': 'Transparent', 'Inhalt': '4.5 ml', 'scope_of_application': 'Lippen', 'Produkttyp': 'Lippenfarbe'}||||||Transparent||||||||0|0|2458204_1.png|https://static.mueller.de/6660466610-PV-0/pdzoom/sensai-colours-total-lip-gloss.webp||||||||||||||||||||||Kanebo Cosmetics Deutschland GmbH||||||||||4.5 ml|Hydrogenated Polyisobutene, Petrolatum, Phytosteryl/Octyldodecyl Lauroyl Glutamate, Ethylhexyl Hydroxystearate, Dextrin Palmitate, Polyglyceryl-2 Diisostearate, Phytosteryl/Behenyl/Octyldodecyl Lauroyl Glutamate, Mica, Calcium Aluminum Borosilicate, Tocopherol, Prunus Armeniaca Kernel Oil, Silica, Lauroyl Lysine, Prunus Armeniaca Juice, Dipropylene Glycol, Ethyl Glucoside, Serica Powder, Glycerin, Synthetic Fluorphlogopite, Alumina, Dimethicone, Citrus Junos Peel Extract, Tin Oxide, Methicone, BHT, Hydrolyzed Silk, Salicylic Acid, Phenoxyethanol, CI 77120, CI 77491, CI 77891||True||2458204P|||||||||1
2747172|mueller||||||||2024-10-28|Käfer Wiesn Griebenschmalz|KÄFER||180|g|Home|Drogerie|Lebensmittel|Nahrung|Brotaufstriche|Herzhafte Brotaufstriche|Käfer Wiesn Griebenschmalz|6,95 €|6,95 €|||||||||||38,61 € / 1 kg|||EUR|Home> Drogerie> Lebensmittel> Nahrung> Brotaufstriche> Herzhafte Brotaufstriche> Käfer Wiesn Griebenschmalz|https://www.mueller.at/p/kaefer-wiesn-griebenschmalz-2747172/|180 g|Der ultimative Wiesn Aufstrich mit würzigen, knusprig gebratenen Grieben, die dem cremigen Aufstrich seine einzigartige Note verleihen. Erstklassig zu frischen Brezen oder einem reschen Bauernbrot. DAS Wiesn Schmankerl für Zuhause.|||||Deutschland|SELLERIE.|||||{'Nährwerte je': '100g', 'Brennwert': '3059 kj / 728.3 kcal', 'Fett in g': '78.5', '- davon gesättigte Fettsäuren in g': '31.4', 'Kohlenhydrate in g': '1.7', '- davon Zucker in g': '0.6', 'Eiweiß in g': '1.9', 'Salz in g': '2.9'}|||||||||||Non-Organic||||{'manufacturer': 'Feinkost Käfer GmbH', 'Herstelleradresse': 'Heimstettener Str. 1, 85599 Parsdorf', 'Herkunftsland': 'Deutschland', 'Allergenhinweis': 'SELLERIE.', 'Inhalt': '180 g', 'Zutaten': 'Speck, Röstzwiebeln, Steinsalz, Gewürze (u.a. SELLERIE), Äpfel, Kräuter, Dextrose.', 'Produkttyp': 'Herzhafte Brotaufstriche'}||||||||||||||0|0|2747172_1.png|https://static.mueller.de/6958433476-PV-0/pdzoom/kaefer-wiesn-griebenschmalz.webp||||||||||||||||||||||Feinkost Käfer GmbH||||||||||180 g|||True||2747172P|||||||||6
2747174|mueller||||||||2024-10-28|Käfer Wiesn Leberwurst mit Wiesn-Etikett|KÄFER||200|g|Home|Drogerie|Lebensmittel|Nahrung|Brotaufstriche|Herzhafte Brotaufstriche|Käfer Wiesn Leberwurst mit Wiesn-Etikett|8,95 €|8,95 €|||||||||||44,75 € / 1 kg|||EUR|Home> Drogerie> Lebensmittel> Nahrung> Brotaufstriche> Herzhafte Brotaufstriche> Käfer Wiesn Leberwurst mit Wiesn-Etikett|https://www.mueller.at/p/kaefer-wiesn-leberwurst-mit-wiesn-etikett-2747174/|200 g|Unsere original Käfer Wiesn Leberwurst ist auch außerhalb der fünften Jahreszeit ein Genuss. Klassisch auf frischem Brot oder in dickem Scheiben auf Feldsalat schmeckt sie hervorragend.|||||Deutschland|SULFITE, SELLERIE|||||{'Nährwerte je': '100g', 'Brennwert': '1324 kj / 315 kcal', 'Fett in g': '29', '- davon gesättigte Fettsäuren in g': '12', 'Kohlenhydrate in g': '0.8', '- davon Zucker in g': '0.4', 'Eiweiß in g': '12', 'Salz in g': '1.48'}|||||||||||Non-Organic||||{'manufacturer': 'Feinkost Käfer GmbH', 'Herstelleradresse': 'Heimstettener Str. 1, 85599 Parsdorf', 'Herkunftsland': 'Deutschland', 'Allergenhinweis': 'SULFITE, SELLERIE', 'Inhalt': '200 g', 'Zutaten': '50 % Schweinefleisch, 22 % Schweineleber, Speck, Zwiebel, MAISSTÄRKE [enthält SULFITE], GEWÜRZE [enthält SELLERIE], Dectrose, Gewürzextrakte, Würze, Vanille, Speisesalz, Konservierungsstoffe: Natriumnitrit, Antioxidationsmittel: Ascorbinsäure. Allergene: Sulfite / -erzeugnisse, Sellerie / -erzeugnisse', 'Produkttyp': 'Herzhafte Brotaufstriche'}||||||||||||||0|0|2747174_1.png|https://static.mueller.de/6955490989-PV-0/pdzoom/kaefer-wiesn-leberwurst-mit-wiesn-etikett.webp||||||||||||||||||||||Feinkost Käfer GmbH||||||||||200 g|||True||2747174P|||||||||10
2747175|mueller||||||||2024-10-28|Käfer Mayonnaise|KÄFER||180|g|Home|Drogerie|Lebensmittel|Nahrung|Saucen|Käfer Mayonnaise||3,95 €|3,95 €|||||||||||21,94 € / 1 kg|||EUR|Home> Drogerie> Lebensmittel> Nahrung> Saucen> Käfer Mayonnaise|https://www.mueller.at/p/kaefer-mayonnaise-2747175/|180 g|Die cremige Käfer Mayonnaise ein Muss für alle Feinschmecker und Genießer. Probieren Sie die Käfer Mayonnaise in Salaten, zum kaltem Fleisch, Fisch, kalten Platten oder belegten Broten.|||||Deutschland|EIGELB, WEIZENSTÄRKE, SELLERIE.|||||{'Nährwerte je': '100g', 'Brennwert': '2049 kj / 497 kcal', 'Fett in g': '51', '- davon gesättigte Fettsäuren in g': '3.9', 'Kohlenhydrate in g': '8.9', '- davon Zucker in g': '4', 'Eiweiß in g': '0.5', 'Salz in g': '1.43'}|||||||||||Non-Organic||||{'manufacturer': 'Feinkost Käfer GmbH', 'Herstelleradresse': 'Heimstettener Str. 1, 85599 Parsdorf', 'Herkunftsland': 'Deutschland', 'Allergenhinweis': 'EIGELB, WEIZENSTÄRKE, SELLERIE.', 'Inhalt': '180 g', 'Zutaten': 'Rapsöl (50%), Wasser, Branntweinessig, Zucker, EIGELB, Stärke, WEIZENSTÄRKE, Salz, Verdickungsmittel: Guarkernmehl und Johannisbrotkernmehl, natürliches Aroma (enthält SELLERIE), Antioxidationsmittel', 'Produkttyp': 'Ketchup, Saucen & Pesto'}||||||||||||||0|0|2747175_1.png|https://static.mueller.de/6958128043-PV-0/pdzoom/kaefer-mayonnaise.webp||||||||||||||||||||||Feinkost Käfer GmbH||||||||||180 g|||False||2747175P|||||||||1
2786700|mueller||||||||2024-10-28|Wiking 022903 - Opel Kadett C Coupé GT/E 1:87|WIKING||1|Stk.|Home|Spielwaren|Modellbau & Modelleisenbahn|Modelleisenbahn|Figuren & Fahrzeuge|Wiking 022903 - Opel Kadett C Coupé GT/E 1:87||16,99 €|16,99 €||||||||||||||EUR|Home> Spielwaren> Modellbau & Modelleisenbahn> Modelleisenbahn> Figuren & Fahrzeuge> Wiking 022903 - Opel Kadett C Coupé GT/E 1:87|https://www.mueller.at/p/wiking-022903-opel-kadett-c-coupe-gt-e-1-87-2786700/|1 Stk.|Opel Kadett C Coupé GT/ESchwarzes Bochumer Renncoupé mit motorsportlichem BissKaum ein Coupé hatte ein solch begeistertes, regelrecht eingeschworenes Fanklientel wie der Opel Kadett C, der als GT/E jahrelang für Furore sorgte und das motorsportliche Image der Rüsselsheimer Autobauer nachhaltig stärkte. WIKING widmet dem Sportwagen aus Bochumer Produktion ein schwarzes Outfit! PS-stark wie kein anderer Kadett C zuvor, konnte sich der Sportwagen in der Szene rasch profilieren. 1977 hatte Opel bereits zum Finale des Kadett C geblasen und seinen Bestseller mit dominanten Blinkern auf Scheinwerfergröße ausgerüstet. Das modellbauerische Interieur zeigt sich mit Einzelsitzen samt Kopfstützen und Drei-Speichen-Sportlenkrad sowie Mittelkonsole mit typischem kurzen Schaltknauf.Produktdetails:Karosserie schwarz. Frontscheinwerfer transparent eingesetzt. Inneneinrichtung mit Lenkrad ebenso schwarz wie der Kühlergrill. Stoßstangen und Felgen silber. Fensterumrandung sowie Türgriffe und seitliche Lüftungen schwarzgrau. Kühlergrillbedruckung mit silbernem Opel-Logo. Blinker orange. Heckspoiler schwarz gehalten. Heckseitiger Opel-Schriftzug.||||||||6 Jahre||||||||||||||Non-Organic||||"{'particularities': 'Der Hersteller behält sich farbliche und technische Änderungen vor. Zur Darstellung der Neuheiten werden zum Teil Originalfotos und Prototypen eingesetzt. Abweichungen zum Lieferzustand des Modells sind möglich.', 'target_group': 'Erwachsene|Jugendliche', 'Artikelnummer des Herstellers': '022903', 'license': 'Wiking Klassik Edition 1:87', 'Altersempfehlung ab': '6 Jahre', 'Altersempfehlung bis': '99 Jahre', 'Materialdetails': 'Kunststoff', 'Inhalt': '1 Stk.', 'Produkttyp': 'Dekofigur'}"||||||||Kunststoff||||||0|0|2786700_1.png|https://static.mueller.de/7081344416-PB-0/pdzoom/wiking-022903-opel-kadett-c-coupe-gt-e-1-87.webp||||||||||||||||||||||022903||||||||||1 Stk.|||True||2786700P|||||||||5
2786705|mueller||||||||2024-10-28|Wiking 039801 - Normag Faktor I - resedagrün 1:87|WIKING||1|Stk.|Home|Spielwaren|Modellbau & Modelleisenbahn|Modelleisenbahn|Figuren & Fahrzeuge|Wiking 039801 - Normag Faktor I - resedagrün 1:87||13,99 €|13,99 €||||||||||||||EUR|Home> Spielwaren> Modellbau & Modelleisenbahn> Modelleisenbahn> Figuren & Fahrzeuge> Wiking 039801 - Normag Faktor I - resedagrün 1:87|https://www.mueller.at/p/wiking-039801-normag-faktor-i-resedagruen-1-87-2786705/|1 Stk.|Normag Faktor I - resedagrünVom großen WIKING-Maßstab zum 1:87-Normag Faktor IModellbauerisches Geschichtsbewusstsein à la WIKING: Es ist 2021 die zweite Hommage an die Anfangsjahre von WIKING, als neben der jungen Serie der Verkehrsmodelle mit unverglasten Modellen auch Industrieaufträge im großen Maßstab gefertigt wurden. So miniaturisieren die Traditionsmodellbauer den Schlepper Normag Faktor I nach dem großen WIKING-Vorbild nun im Maßstab 1:87 – ein wirklicher Klassiker, der die seinerzeitige Mechanisierung der bäuerlichen Betriebe dokumentiert. Dieser junge 1:87-Schlepper erzählt eine authentische Geschichte von Vorbild und WIKING-Tradition. 15 PS sollten beim Vorbild damals ausreichen, um dem Landwirt – ganz gleich ob im Vollbetrieb oder im Nebenerwerb – den Alltag zu erleichtern. Das neue 1:87-Modell erinnert an diese wechselvolle Geschichte, die die vorbildgebende Qualität des Industriemodells unterstreicht. Die Modellbautraditionalisten konnten für das jüngste Projekt mühelos mit dem großen Modellbruder arbeiten. Die Proportionen stimmten, die Gravuren waren vorbildgerecht, so dass eine Miniaturisierung erreicht wurde, die dem anspruchsvollen Charakter aller Schlepper-Klassiker gerecht wird. Die Modellbauer haben die angesetzte Doppellenker-Pendelachse auch in 1:87 beweglich gestaltet. Der Kühlergrill erhält die sechs Lüftungsschlitze, während linksseitig der Luftfilter angesetzt wird. Überdies werden die Scheinwerfer hilfreicherweise eingesteckt, um auch in 1:87 die Authentizität des großen Vorbilds zu erreichen.Produktdetails:Karosserie und Chassis resedagrün, Felgen rot. Lenkrad schwarz, Scheinwerfer gesilbert. Normag-Markenzierstreifen an der Haubenstirn sowie Rückleuchten rot bedruckt.||||||||6 Jahre||||||||||||||Non-Organic||||"{'particularities': 'Der Hersteller behält sich farbliche und technische Änderungen vor. Zur Darstellung der Neuheiten werden zum Teil Originalfotos und Prototypen eingesetzt. Abweichungen zum Lieferzustand des Modells sind möglich.', 'target_group': 'Erwachsene|Jugendliche', 'Artikelnummer des Herstellers': '039801', 'license': 'Wiking Klassik Edition 1:87', 'Altersempfehlung ab': '6 Jahre', 'Altersempfehlung bis': '99 Jahre', 'Materialdetails': 'Kunststoff', 'Inhalt': '1 Stk.', 'Produkttyp': 'Dekofigur'}"||||||||Kunststoff||||||5.0|1|2786705_1.png|https://static.mueller.de/7081344418-PB-0/pdzoom/wiking-039801-normag-faktor-i-resedagruen-1-87.webp||||||||||||||||||||||039801||||||||||1 Stk.|||True||2786705P|||||||||5
2169720|mueller||||||||2024-10-28|Heye Standardpuzzle 1000 Teile - Edition Alexander von Humboldt - Seljalandsfoss Waterfall|HEYE||1|Stk.|Home|Spielwaren|Spiele & Puzzles|Puzzles|1000 Teile|Heye Standardpuzzle 1000 Teile -  Edition Alexander von Humboldt - Seljalandsfoss Waterfall||17,99 €|17,99 €|17,99 €|12,99 €||||28%|Sie sparen 28%|||||||EUR|Home> Spielwaren> Spiele & Puzzles> Puzzles> 1000 Teile> Heye Standardpuzzle 1000 Teile -  Edition Alexander von Humboldt - Seljalandsfoss Waterfall|https://www.mueller.at/p/heye-standardpuzzle-1000-teile-edition-alexander-von-humboldt-seljalandsfoss-waterfall-2169720/|1 Stk.|"Im Süden des Sehnsuchtslands Island stürzt der Fluss Seljalandsá 66 m in die Tiefe. Besonders intensiv erscheinen die Farben in den späten Abendstunden.
Gelegte Größe  70,0 x 50,0 cm"||||||||13 Jahre||||||||||||||Non-Organic||||{'target_group': 'Erwachsene', 'manufacturer': 'Hutter Trade GmbH & Co. KG', 'Herstelleradresse': 'Bgm. - Landmann - Platz 1-5 89312 Günzburg', 'Kontaktmöglichkeit': 'https://hutter-trade.com/', 'Artikelnummer des Herstellers': '3329769', 'license': 'Heye Standardpuzzle', 'Altersempfehlung ab': '13 Jahre', 'Altersempfehlung bis': '99 Jahre', 'Materialdetails': 'Karton/Papier (Hauptsächlich)', 'Inhalt': '1 Stk.', 'Anzahl Teile': '1000', 'Produkttyp': 'Klassische Puzzles'}||||||||Karton/Papier (Hauptsächlich)||||||0|0|2169720_1.png|https://static.mueller.de/5805951972-PV-0/pdzoom/heye-standardpuzzle-1000-teile-edition-alexander-von-humboldt-seljalandsfoss-waterfall.webp|2169720_2.png|https://static.mueller.de/5805951972-PB-1/pdzoom/heye-standardpuzzle-1000-teile-edition-alexander-von-humboldt-seljalandsfoss-waterfall.webp||||||||||||||||||||Hutter Trade GmbH & Co. KG||||||||||1 Stk.|||True||2169720P|||||||||10
2747184|mueller||||||||2024-10-28|Käfer Trüffel Leberpaté|KÄFER||100|g|Home|Drogerie|Lebensmittel|Nahrung|Brotaufstriche|Herzhafte Brotaufstriche|Käfer Trüffel Leberpaté|7,95 €|7,95 €|||||||||||79,50 € / 1 kg|||EUR|Home> Drogerie> Lebensmittel> Nahrung> Brotaufstriche> Herzhafte Brotaufstriche> Käfer Trüffel Leberpaté|https://www.mueller.at/p/kaefer-trueffel-leberpate-2747184/|100 g|Unsere feine Käfer Leberpaté mit Trüffel wird auf der Basis von hochwertigem Schweinefleisch hergestellt. Mit Trüffel verfeinert ist sie ein cremig-nussiger Brotaufstrich, der zu jeder Brotzeit gehört.|||||Deutschland|VOLLEI, SELLERIE, SAHNE|||||{'Nährwerte je': '100g', 'Brennwert': '1148 kj / 273 kcal', 'Fett in g': '24.6', '- davon gesättigte Fettsäuren in g': '10.6', 'Kohlenhydrate in g': '2.1', '- davon Zucker in g': '1.6', 'Eiweiß in g': '10.9', 'Salz in g': '0'}|||||||||||Non-Organic||||{'manufacturer': 'Feinkost Käfer GmbH', 'Herstelleradresse': 'Heimstettener Str. 1, 85599 Parsdorf', 'Herkunftsland': 'Deutschland', 'Allergenhinweis': 'VOLLEI, SELLERIE, SAHNE', 'Inhalt': '100 g', 'Zutaten': '40 % Schweinefleisch, 25 % Schweineleber, Speck, SAHNE, VOLLEI, Trüffel (2 %), jod. Speisesalz, Maisstärke, Naturgewürze [enthält: SELLERIE], Dextrose, Rohrzucker, Vanillezucker, Antioxidationsmittel: Ascorbinsäure, Natriumascorbat Konservierungsstoff: Natriumnitrit.', 'Produkttyp': 'Herzhafte Brotaufstriche'}||||||||||||||0|0|2747184_1.png|https://static.mueller.de/6955494714-PV-0/pdzoom/kaefer-trueffel-leberpate.webp||||||||||||||||||||||Feinkost Käfer GmbH||||||||||100 g|||True||2747184P|||||||||10
2747186|mueller||||||||2024-10-28|Käfer Hausmacher Leberwurst|KÄFER||100|g|Home|Drogerie|Lebensmittel|Nahrung|Brotaufstriche|Herzhafte Brotaufstriche|Käfer Hausmacher Leberwurst|5,95 €|5,95 €|||||||||||59,50 € / 1 kg|||EUR|Home> Drogerie> Lebensmittel> Nahrung> Brotaufstriche> Herzhafte Brotaufstriche> Käfer Hausmacher Leberwurst|https://www.mueller.at/p/kaefer-hausmacher-leberwurst-2747186/|100 g|Unsere original Käfer Hausmacher Leberwurst 100g ist auch außerhalb Bayerns ein Genuss. Klassisch auf frischem Brot oder in dickem Scheiben auf Feldsalat schmeckt sie hervorragend.|||||Deutschland|SELLERIE, SENF|||||{'Nährwerte je': '100g', 'Brennwert': '1181.3 kj / 281.3 kcal', 'Fett in g': '27.2', '- davon gesättigte Fettsäuren in g': '10.9', 'Kohlenhydrate in g': '1.7', '- davon Zucker in g': '1.2', 'Eiweiß in g': '7.2', 'Salz in g': '0'}|||||||||||Non-Organic||||{'manufacturer': 'Feinkost Käfer GmbH', 'Herstelleradresse': 'Heimstettener Str. 1, 85599 Parsdorf', 'Herkunftsland': 'Deutschland', 'Allergenhinweis': 'SELLERIE, SENF', 'Inhalt': '100 g', 'Zutaten': 'Schweinefleisch, Schweineleber, jodiertes Speisesalz, Gewürze [enthalten: SELLERIE und SENF] Zuckerstoff: Dextrose Antioxidationsmittel: Ascorbinsäure, Natriumascorbat.', 'Produkttyp': 'Herzhafte Brotaufstriche'}||||||||||||||0|0|2747186_1.png|https://static.mueller.de/6958433639-PV-0/pdzoom/kaefer-hausmacher-leberwurst.webp||||||||||||||||||||||Feinkost Käfer GmbH||||||||||100 g|||True||2747186P|||||||||10
2879205|mueller||||||||2024-10-28|Grußkarte Druck mit Holzschriftzug Ginkgo für dich|DIE LASEREI||1|Stk.|Home|Schreibwaren|Bastelbedarf|Geschenkverpackungen|Grußkarte Druck mit Holzschriftzug Ginkgo für dich|||5,90 €|5,90 €||||||||||||||EUR|Home> Schreibwaren> Bastelbedarf> Geschenkverpackungen> Grußkarte Druck mit Holzschriftzug Ginkgo für dich|https://www.mueller.at/p/grusskarte-druck-mit-holzschriftzug-ginkgo-fuer-dich-IPN2879205/|1 Stk.|Die faltbare Grußkarte wird aus bedrucktem Papier angefertigt und wird an der Vorderseite mit einem 3D Schriftzug aus Nussholz verfeinert . Auf der Innenseite können Sie die Karte nach Belieben per Hand (Kugelschreiber, Faserstift...) mit Ihren persönlichen Grußworten beschreiben. Die Karte wird mit einem Kuvert in creme in Zellophanpapier verpackt und ist somit bereit zum Verschenken.||||||||||||||||||||||Non-Organic||||{'scope_of_delivery': '1 Stück inkl. Kuvert', 'manufacturer': 'holzgrusskarten.at - Die Laserei', 'Herstelleradresse': 'Wiesenweg 2 ,3632 Bad Traunstein', 'Artikelnummer des Herstellers': 'GDH003', 'Höhe': '140 mm', 'Tiefe': '2 mm', 'Inhalt': '1 Stk.'}||||||||||||||0|0|2879205_1.png|https://static.mueller.de/pdzoom/9120110665898.webp||||||||||||||||||||||holzgrusskarten.at - Die Laserei||||||||||1 Stk.|||True||2879205P|||||||||6
2879206|mueller||||||||2024-10-28|VTech - Switch-Go-Dinos - Launcher-T-Rex, Spielfigur & Fahrzeug (verwandelbar)|VTECH||1|Stk.|Home|Spielwaren|Elektronisches Spielzeug|Lern- & Spielcomputer|VTech - Switch-Go-Dinos - Launcher-T-Rex, Spielfigur & Fahrzeug (verwandelbar)|||25,99 €|25,99 €|25,99 €|22,99 €||||12%|Sie sparen 12%|||||||EUR|Home> Spielwaren> Elektronisches Spielzeug> Lern- & Spielcomputer> VTech - Switch-Go-Dinos - Launcher-T-Rex, Spielfigur & Fahrzeug (verwandelbar)|https://www.mueller.at/p/vtech-switch-go-dinos-launcher-t-rex-spielfigur-fahrzeug-verwandelbar-IPN2879206/|1 Stk.|Ziel gesichtet! Mit dem mächtigen Switch & Go Dinos Launcher-T-Rex treffsichere Abenteuer erleben! Dieser coole Dino kann mit nur wenigen Handgriffen in ein rasantes Fahrzeug verwandelt werden. Per Knopfdruck kann sowohl im Fahrzeug- als auch im Dinomodus ein scheibenförmiges Wurfprojektil abgeworfen werden. Beim Drücken der Kopftaste werden (passend zum jeweiligen Modus) realistische Sätze und Geräusche abgespielt. Mit LCD-Bildschirm, der entweder Dinoaugen oder eine Rennfahreranimation zeigt. Zwei Spielmodi: Dino und Fahrzeug. Jeder Modus wird automatisch ausgelöst, wenn die Transformation abgeschlossen ist. Mit Lautstärkeregler. Kindersicheres Batteriefach und Abschaltautomatik. Demobatterien sind enthalten.||||||||3 Jahre||||||||||||||Non-Organic||||"{'target_group': 'Kindergartenkinder|Grundschüler', 'Artikelnummer des Herstellers': '80-559004', 'Altersempfehlung ab': '3 Jahre', 'Batterie-Typ': 'Zn/C', 'Inhalt': '1 Stk.', 'Produkttyp': 'Computer für Vorschulkinder'}"||||||||||||||0|0|2879206_1.png|https://static.mueller.de/pdzoom/3417765590047.webp|2879206_2.png|https://static.mueller.de/pdzoom/3417765590047_5.webp|2879206_3.png|https://static.mueller.de/pdzoom/3417765590047_3.webp|2879206_4.png|https://static.mueller.de/pdzoom/3417765590047_7.webp|2879206_5.png|https://static.mueller.de/pdzoom/3417765590047_6.webp|2879206_6.png|https://static.mueller.de/pdzoom/3417765590047_4.webp||||||||||||80-559004||||||||||1 Stk.|||True||2879206P|||||||||10
2879207|mueller||||||||2024-10-28|Grußkarte Druck mit Holzschriftzug Regenbogen Wunder|DIE LASEREI||1|Stk.|Home|Schreibwaren|Bastelbedarf|Geschenkverpackungen|Grußkarte Druck mit Holzschriftzug Regenbogen Wunder|||5,90 €|5,90 €||||||||||||||EUR|Home> Schreibwaren> Bastelbedarf> Geschenkverpackungen> Grußkarte Druck mit Holzschriftzug Regenbogen Wunder|https://www.mueller.at/p/grusskarte-druck-mit-holzschriftzug-regenbogen-wunder-IPN2879207/|1 Stk.|Die faltbare Grußkarte wird aus bedrucktem Papier angefertigt und wird an der Vorderseite mit einem 3D Schriftzug aus Nussholz verfeinert . Auf der Innenseite können Sie die Karte nach Belieben per Hand (Kugelschreiber, Faserstift...) mit Ihren persönlichen Grußworten beschreiben. Die Karte wird mit einem Kuvert in creme in Zellophanpapier verpackt und ist somit bereit zum Verschenken.||||||||||||||||||||||Non-Organic||||{'scope_of_delivery': '1 Stück inkl. Kuvert', 'manufacturer': 'holzgrusskarten.at - Die Laserei', 'Herstelleradresse': 'Wiesenweg 2 ,3632 Bad Traunstein', 'Artikelnummer des Herstellers': 'GDH014', 'Höhe': '140 mm', 'Tiefe': '2 mm', 'Inhalt': '1 Stk.'}||||||||||||||0|0|2879207_1.png|https://static.mueller.de/pdzoom/9120110666123.webp||||||||||||||||||||||holzgrusskarten.at - Die Laserei||||||||||1 Stk.|||True||2879207P|||||||||10
2879209|mueller||||||||2024-10-28|Grußkarte Druck mit Holzschriftzug Lieblingsmensch|DIE LASEREI||1|Stk.|Home|Schreibwaren|Bastelbedarf|Geschenkverpackungen|Grußkarte Druck mit Holzschriftzug Lieblingsmensch|||5,90 €|5,90 €||||||||||||||EUR|Home> Schreibwaren> Bastelbedarf> Geschenkverpackungen> Grußkarte Druck mit Holzschriftzug Lieblingsmensch|https://www.mueller.at/p/grusskarte-druck-mit-holzschriftzug-lieblingsmensch-IPN2879209/|1 Stk.|Die faltbare Grußkarte wird aus bedrucktem Papier angefertigt und wird an der Vorderseite mit einem 3D Schriftzug aus Nussholz verfeinert . Auf der Innenseite können Sie die Karte nach Belieben per Hand (Kugelschreiber, Faserstift...) mit Ihren persönlichen Grußworten beschreiben. Die Karte wird mit einem Kuvert in creme in Zellophanpapier verpackt und ist somit bereit zum Verschenken.||||||||||||||||||||||Non-Organic||||{'scope_of_delivery': '1 Stück inkl. Kuvert', 'manufacturer': 'holzgrusskarten.at - Die Laserei', 'Herstelleradresse': 'Wiesenweg 2 ,3632 Bad Traunstein', 'Artikelnummer des Herstellers': 'GDH005', 'Höhe': '140 mm', 'Tiefe': '2 mm', 'Inhalt': '1 Stk.'}||||||||||||||0|0|2879209_1.png|https://static.mueller.de/pdzoom/9120110666031.webp||||||||||||||||||||||holzgrusskarten.at - Die Laserei||||||||||1 Stk.|||True||2879209P|||||||||10
2786712|mueller||||||||2024-10-28|Wiking 061299 - Feuerwehr - Rosenbauer AT 1:87|WIKING||1|Stk.|Home|Spielwaren|Modellbau & Modelleisenbahn|Modelleisenbahn|Figuren & Fahrzeuge|Wiking 061299 - Feuerwehr - Rosenbauer AT 1:87||39,99 €|39,99 €||||||||||||||EUR|Home> Spielwaren> Modellbau & Modelleisenbahn> Modelleisenbahn> Figuren & Fahrzeuge> Wiking 061299 - Feuerwehr - Rosenbauer AT 1:87|https://www.mueller.at/p/wiking-061299-feuerwehr-rosenbauer-at-1-87-2786712/|1 Stk.|Feuerwehr - Rosenbauer ATNeueste AT-Generation beweist Brandschutz-KnowhowSo fahren sie wöchentlich in die Feuerwehrhäuser von Europa - die Einsatzfahrzeuge der AT-Serie von Rosenbauer zählen zu den Favoriten der Brandschützer. Mit optischer Korrektur am Geräteaufbau und Facelift am Fahrerhaus des MAN TGM Euro 6 hält diese Generation des Hilfeleistungslöschfahrzeuges verdienten Einzug ins Programm. Das passt zusammen, denn gerade Rosenbauer gilt als Wegbereiter für optisch ansprechendes Einsatzfahrzeugdesign bei gleichzeitig funktionellem Nutzen. Diesmal erscheinen die Konturen des Geräteaufbaus neu nuanciert. Mit dem aktuellen Hilfeleistungslöschfahrzeug realisiert WIKING die neue Rosenbauer AT-Serie im Maßstab 1:87 und hat zugleich die impulsstarke Gestaltung der Vorbildgeneration miniaturisiert. Die AT-Serie auf MAN TGM-Fahrgestell erscheint wie ein typisches HLF, das in den letzten Jahren bei mittleren und großen Feuerwehren – auch mit individueller Geräteausrüstung - zum Standard wurde. Dabei folgt WIKING dem Rosenbauer-Weg und baut die Mannschaftsraumtür sowie den heckseitigen Pumpenstand transparent ein.Produktdetails:Fahrerhaus rot, Inneneinrichtung und Lenkrad anthrazitgrau. Martinshorn silbergrau aufgesteckt. Frontschürze rot, schwarzer Kühlergrill mit silbernem MAN-Markenzeichen und Zierleiste. Vordere Kotflügel mit Trittstufen rot. Fahrgestell mit Kardanwelle und hintere Inneneinrichtung anthrazitgrau. Glastüren für Mannschaftswagen topaz getönt. Roter Geräteraumaufbau mit anthrazitgrauen Jalousien, Pumpenstand mit topaz-transparenter Abdeckung. Warnlichter an allen vier Fahrzeugecken blautransparent eingesetzt. Dachaufbau anthrazitgrau, silberner Dachmonitor eingesteckt. Hintere Leiter silber. Pumpenarmaturen schwarz eingesetzt, Felgen silber. Scheibenwischer sowie Spiegelhalterung und Zierleisten am Fahrerhaus schwarz bedruckt. Vordere Blinker verkehrsorange. Mannschaftskabine mit schwarzem Türrahmen und silbernem R-Logo. Geräteraumaufbau mit Rosenbauer-Logo sowie bedruckten Blinkern und weißer Notruf-Nummer 112. Heckseitige Rücklichter mit silbernen Reflektoren. LED-Leiste an den Aufbauseiten verkehrsblau bedruckt. Spritzling mit Außen- und Seitenspiegeln beigelegt.||||||||6 Jahre||||||||||||||Non-Organic||||"{'particularities': 'Der Hersteller behält sich farbliche und technische Änderungen vor. Zur Darstellung der Neuheiten werden zum Teil Originalfotos und Prototypen eingesetzt. Abweichungen zum Lieferzustand des Modells sind möglich.', 'target_group': 'Erwachsene|Jugendliche', 'Artikelnummer des Herstellers': '061299', 'license': 'Wiking Modern Edition 1:87', 'Altersempfehlung ab': '6 Jahre', 'Altersempfehlung bis': '99 Jahre', 'Materialdetails': 'Kunststoff', 'Inhalt': '1 Stk.', 'Produkttyp': 'Dekofigur'}"||||||||Kunststoff||||||0|0|2786712_1.png|https://static.mueller.de/7081344406-PB-0/pdzoom/wiking-061299-feuerwehr-rosenbauer-at-1-87.webp||||||||||||||||||||||061299||||||||||1 Stk.|||False||2786712P|||||||||1
192723|mueller||||||||2024-10-28|L'Oréal Studioline Spurenlos FX liquid Gel ultra starker Halt|L'ORÉAL PARIS||150|ml|Home|Drogerie|Pflege|Haarpflege|Haarstyling|Haargel & -wachs|L'Oréal Studioline Spurenlos FX liquid Gel ultra starker Halt|5,95 €|5,95 €|||||||||||39,67 € / 1 l|||EUR|Home> Drogerie> Pflege> Haarpflege> Haarstyling> Haargel & -wachs> L'Oréal Studioline Spurenlos FX liquid Gel ultra starker Halt|https://www.mueller.at/p/loreal-studioline-spurenlos-fx-liquid-gel-ultra-starker-halt-192723/|150 ml|"Mit dem L'Oréal Paris Studio Line Spurenlos FX Liquid Gel erhält jedes Styling 24h  ultra-starken Halt und sieht dabei ganz natürlich aus. 
Das Innovative an dem flüssigen Haar-Gel ist seine ultra-feine Sprühtextur. Diese Textur und der besondere Sprühkopf sorgen dafür, dass das flüssige Haar-Gel optimal im Haar verteilt wird. Dadurch fixiert es zuverlässig und bietet auch bei großer Aktivität wie z. B. beim Sport ultra-starken Halt – und das für bis zu 24 Stunden.
Kein Verkleben, kein Beschweren, kein Austrocknen und keine sichtbaren Rückstände – für ein ganz natürlich wirkendes, strukturiertes Haarstyling, das den ganzen Tag hält. Das flüssige Haargel verleiht dem Styling einen ultra-starken Halt bis zu 24h lang und einen ganz natürlichen Look"||||||||||||||||||||||Non-Organic||||"{'Effekt': 'langer Halt', 'target_group': 'Unisex', 'manufacturer': ""L'Oréal Deutschland GmbH"", 'Herstelleradresse': 'TSA 75000 93684 ST OUEN CEDEX FR', 'Kontaktmöglichkeit': '0211 544 77191', 'Anwendungshinweis': ""L'Oreal Paris Studio Line Spurenlos FX Liquid Gel aus ca. 20 cm Entfernung auf das trockene oder feuchte Haar sprühen. Anschließend das Gel mit den Handflächen im gesamten Haar verteilen und gründlich einarbeiten. Zum Schluss die Haare mit den Fingern zum gewünschten Style formen.\n\nAlternativ kann das L'Oreal Paris Studio Line Spurenlos FX Liquid Gel auch als Styling-Finish verwendet werden. Dazu die Haare erst nach Wunsch stylen und dann mit dem flüssigen Gel besprühen."", 'package_contents': 'ALCOHOL DENAT. • AQUA / WATER • ACRYLATES/t-BUTYLACRYLAMIDE COPOLYMER • NIACINAMIDE • PEG/PPG-4/12 DIMETHICONE • AMINOMETHYL PROPANOL • LIMONENE • PANTHENOL • BENZYL SALICYLATE • BENZYL ALCOHOL • PENTAERYTHRITYL TETRA-DI-T-BUTYL HYDROXYHYDROCINNAMATE • CITRIC ACID • HEXYL CINNAMAL • PARFUM / FRAGRANCE (F.I.L. Z70026992/1).', 'Inhalt': '150 ml', 'Batterien erforderlich': 'Nein'}"||||||||||||||5.0|1|192723_1.png|https://static.mueller.de/markant_03600522471721_pv_1032943/pdzoom/loreal-studioline-spurenlos-fx-liquid-gel-ultra-starker-halt.webp||||||||||||||||||||||L'Oréal Deutschland GmbH||||||||||150 ml|ALCOHOL DENAT. • AQUA / WATER • ACRYLATES/t-BUTYLACRYLAMIDE COPOLYMER • NIACINAMIDE • PEG/PPG-4/12 DIMETHICONE • AMINOMETHYL PROPANOL • LIMONENE • PANTHENOL • BENZYL SALICYLATE • BENZYL ALCOHOL • PENTAERYTHRITYL TETRA-DI-T-BUTYL HYDROXYHYDROCINNAMATE • CITRIC ACID • HEXYL CINNAMAL • PARFUM / FRAGRANCE (F.I.L. Z70026992/1).||True||192723P||||Bei Kontakt mit den Augen diese gründlich ausspülen.|||||10
2786714|mueller||||||||2024-10-28|Wiking 086444 - Polizei - MB 240 D 1:87|WIKING||1|Stk.|Home|Spielwaren|Modellbau & Modelleisenbahn|Modelleisenbahn|Figuren & Fahrzeuge|Wiking 086444 - Polizei - MB 240 D 1:87||19,99 €|19,99 €||||||||||||||EUR|Home> Spielwaren> Modellbau & Modelleisenbahn> Modelleisenbahn> Figuren & Fahrzeuge> Wiking 086444 - Polizei - MB 240 D 1:87|https://www.mueller.at/p/wiking-086444-polizei-mb-240-d-1-87-2786714/|1 Stk.|Polizei - MB 240 DFür die Polizei durfte es nur der Daimler seinDie baden-württembergische Landespolizei wollte nie auf das Bekenntnis zur Heimat verzichten. Denn den „guten Daimler“ der Baureihe W 123 wussten selbst die Polizeibeamten im Muster-Ländle und Heimatbundesland von Mercedes-Benz zu schätzen. Mit ihm konnten sie bequem auf Streife fahren. WIKING ergänzt damit das Sammelspektrum von polizeilichen Einsatzfahrzeugen aus mehr als sechs Jahrzehnten bundesdeutscher Behördengeschichte.Produktdetails:Karosserie weiß, Inneneinrichtung schwarz, Fahrgestell silber. Weiße Stangenwarnlichter mit blautransparenter Kuppel auf dem Dach eingesetzt, in der Mitte weißer Lautsprecher. Motorhaube sowie Kofferraum und Türen grün bedruckt. Seitliche Türflächen mit weißem Polizei-Schriftzug bedruckt. Zierstreifen und Türgriffe schwarz. Scheibenrahmen gesilbert. Vordere und hintere Blinker tieforange bedruckt, Rücklichter verkehrsrot. Kühlergrill mit schwarzen Flächen, Stoßstangen mit schwarzem Gummiprofil bedruckt.||||||||6 Jahre||||||||||||||Non-Organic||||"{'particularities': 'Der Hersteller behält sich farbliche und technische Änderungen vor. Zur Darstellung der Neuheiten werden zum Teil Originalfotos und Prototypen eingesetzt. Abweichungen zum Lieferzustand des Modells sind möglich.', 'target_group': 'Erwachsene|Jugendliche', 'Artikelnummer des Herstellers': '086444', 'license': 'Wiking Klassik Edition 1:87', 'Altersempfehlung ab': '6 Jahre', 'Altersempfehlung bis': '99 Jahre', 'Materialdetails': 'Kunststoff', 'Inhalt': '1 Stk.', 'Produkttyp': 'Dekofigur'}"||||||||Kunststoff||||||0|0|2786714_1.png|https://static.mueller.de/7081344422-PB-0/pdzoom/wiking-086444-polizei-mb-240-d-1-87.webp||||||||||||||||||||||086444||||||||||1 Stk.|||True||2786714P|||||||||7
2879200|mueller||||||||2024-10-28|sensena NATURKOSMETIK Ganz Zart Peeling - Walnuss & Feige|SENSENA NATURKOSMETIK||80|g|Home|Parfümerie|Pflege|Körperpflege|Duschen|sensena NATURKOSMETIK Ganz Zart Peeling - Walnuss & Feige||2,29 €|2,29 €|||||||||||28,63 € / 1 kg|||EUR|Home> Parfümerie> Pflege> Körperpflege> Duschen> sensena NATURKOSMETIK Ganz Zart Peeling - Walnuss & Feige|https://www.mueller.at/p/sensena-naturkosmetik-ganz-zart-peeling-walnuss-feige-IPN2879200/|80 g|Dusche an, Sachet auf, duftendes Peeling mit kreisenden Bewegungen auf der feuchten Haut einmassieren, abspülen, sanft abtrocknen und sich dann sofort anziehen. Das Erfolgsrezept für glatte, streichelweiche gepflegte Haut braucht keine fünf Minuten und heißt „Ganz zart Peeling“. Lästiges Eincremen entfällt, denn hochwertiges Jojobaöl verwöhnt Sie mit viel Feuchtigkeit, zieht schnell ein und hinterlässt keinen klebrigen Film auf der Haut. Ideal für die morgendliche Expressdusche, die Reise, den Sport oder dem Saunabesuch.||Trocken lagern.||||||||||||||||||||Non-Organic||||"{'Lagerhinweis': 'Trocken lagern.', 'target_group': 'Damen|Herren|Unisex', 'manufacturer': 'Accentra GmbH & Co. KG', 'Herstelleradresse': 'Rudolf-Diesel-Straße 7, 91572 Bechhofen, Deutschland', 'Kontaktmöglichkeit': 'info@accentra.de', 'Anwendungshinweis': 'Anwendung Dusche: Vor dem Öffnen Sachet durch leichtes Kneten gut durchmischen. Das „Ganz zart Peeling“ mit kreisenden Bewegungen auf der feuchten Haut einmassieren, mit ausreichend warmen Wasser abspülen und sanft abtrocknen. Aufgrund der außergewöhnlich guten Rückfettung ist ein zusätzliches Eincremen nicht erforderlich. Anwendung in der Badewanne: Das „Ganz zart Peeling“ eignet sich hervorragend als Meersalz-Pflege-Ölbad. Hierzu das Peeling einfach in das Badewasser geben. Badetemperatur: 35 - 38°C. Badedauer: 15 – 20 Minuten.', 'package_contents': 'Maris Sal, **Carthamus Tinctoris Seed Oil, Juglans Regia Seed Oil, **Simmondsia Chinensis Seed Oil, Parfum (Fragrance), Tocopherol, Helianthus Annuus Seed Oil, Juglans Regia Shell Powder, **aus kontrolliert biologischem Anbau.', 'skin_type': 'normale Haut', 'product_property': 'pflegend|reinigend', 'Inhalt': '80 g', 'scope_of_application': 'Duschen', 'Produkttyp': 'Peeling'}"||||||||||||||0|0|2879200_1.png|https://static.mueller.de/pdzoom/4015953683572.webp||||||||||||||||||||||Accentra GmbH & Co. KG||||||||||80 g|Maris Sal, **Carthamus Tinctoris Seed Oil, Juglans Regia Seed Oil, **Simmondsia Chinensis Seed Oil, Parfum (Fragrance), Tocopherol, Helianthus Annuus Seed Oil, Juglans Regia Shell Powder, **aus kontrolliert biologischem Anbau.||False||2879200P|||||||||1
2786719|mueller||||||||2024-10-28|Wiking 077859 - John Deere 8R 410 1:32|WIKING||1|Stk.|Home|Spielwaren|Modellbau & Modelleisenbahn|Modelleisenbahn|Figuren & Fahrzeuge|Wiking 077859 - John Deere 8R 410 1:32||99,95 €|99,95 €||||||||||||||EUR|Home> Spielwaren> Modellbau & Modelleisenbahn> Modelleisenbahn> Figuren & Fahrzeuge> Wiking 077859 - John Deere 8R 410 1:32|https://www.mueller.at/p/wiking-077859-john-deere-8r-410-1-32-2786719/|1 Stk.|John Deere 8R 410Charaktervoller Auftritt des John Deere 8R 410Die nach vorn abfallende Haube, dahinter die markant eckige Kabine: Der John Deere 8R 410 besitzt ohne Frage Eigenständigkeit. Das beweist auch das 1:32-Präzisionsmodell, das WIKING in ganzer Vorbildanmutung vorstellt. Die Kooperation von John Deere mit BMW Designworks in Kalifornien macht es möglich, dass sich der neue 8R schon auf Anhieb von der übrigen Typenpalette abhebt. Auch der Blick unter die Motorhaube des Modells macht deutlich, dass die WIKING-Konstrukteure dem mächtig Kraft spendenden Aggregat reichlich Aufmerksamkeit widmeten. Der 8R arbeitet in Wirklichkeit mit dem leistungsstarken Sechszylinder von Deere Power Systems (DPS) mit respektablen 9,0 l Hubraum, der 8R 410 verfügt sogar über einen Doppelturbo. Damit leistet das Vorbild als Topmodell der Baureihe 302 kW/410 PS Nenn- und 326 kW/443 PS Maximalleistung.Produktdetails:Wie es sich für eine authentische 1:32-Miniatur gehört, ist die Motorhaube zum Öffnen angelegt. Die Nachahmung der Funktionalität gelingt durch bewegliche Ober- und Unterlenker. Der hintere Oberlenker lässt sich sogar ausziehen. Weil die Kabine die Reize beim Betrachter vollends ausspielen kann, haben die WIKING-Konstrukteure die Fahrertür zum Öffnen angelegt. Ebenso kann das Heckfenster geöffnet werden, was den Blick auf das Interieur noch optimiert. Dabei überrascht der drehbare Fahrersitz, während das Lenkrad die vordere Pendelachse steuerbar macht. Der Außenspiegel lässt sich nach innen und außen bewegen. Besonders bemerkenswert: Der Kühlschrank in der Kabine lässt sich öffnen – das ist wirkliche Liebe zum Detail. Und während im Inneren der Kabine die Instrumente präzise nachgebildet sind, erweisen sich außen die Kennzeichen, Warnschilder und Leuchten, aber auch die Hydraulikanschlüsse als fein bedruckt. Der Blick auf die grobstolligen Reifen und das technisch imposante Heck machen den John Deere 8R 410 zu einem rund herum gelungenen Modell. Das Präzisionsmodell erhält eine optimierte Verpackung, die attraktive Detailbilder außen auf dem Karton zeigt und aus stärkerem Material gefertigt wird. Ein QR-Code ermöglicht in Sekundenschnelle eine Verlinkung auf die Homepage und liefert damit sofort mehr Hintergrundinformationen, Produktbeschreibungen und 360°-Bildmaterial. Statt Styropor setzt WIKING jetzt auf eine schützende Innenverpackung mit einem robusten, ressourcenschonenden Faserformteil.||||||||6 Jahre||||||||||||||Non-Organic||||"{'particularities': 'Der Hersteller behält sich farbliche und technische Änderungen vor. Zur Darstellung der Neuheiten werden zum Teil Originalfotos und Prototypen eingesetzt. Abweichungen zum Lieferzustand des Modells sind möglich.', 'target_group': 'Erwachsene|Jugendliche', 'Artikelnummer des Herstellers': '077859', 'license': 'Wiking Die Cast 1:32 und 1:43', 'Altersempfehlung ab': '6 Jahre', 'Altersempfehlung bis': '99 Jahre', 'Materialdetails': 'Kunststoff', 'Inhalt': '1 Stk.', 'Produkttyp': 'Dekofigur'}"||||||||Kunststoff||||||0|0|2786719_1.png|https://static.mueller.de/7081344408-PB-0/pdzoom/wiking-077859-john-deere-8r-410-1-32.webp||||||||||||||||||||||077859||||||||||1 Stk.|||False||2786719P|||||||||1
2879201|mueller||||||||2024-10-28|sensena NATURKOSMETIK Ganz Zart Peeling - Quitte & Mandel|SENSENA NATURKOSMETIK||80|g|Home|Parfümerie|Pflege|Körperpflege|Duschen|sensena NATURKOSMETIK Ganz Zart Peeling - Quitte & Mandel||2,29 €|2,29 €|||||||||||28,63 € / 1 kg|||EUR|Home> Parfümerie> Pflege> Körperpflege> Duschen> sensena NATURKOSMETIK Ganz Zart Peeling - Quitte & Mandel|https://www.mueller.at/p/sensena-naturkosmetik-ganz-zart-peeling-quitte-mandel-IPN2879201/|80 g|Dusche an, Sachet auf, duftendes Peeling mit kreisenden Bewegungen auf der feuchten Haut einmassieren, abspülen, sanft abtrocknen und sich dann sofort anziehen. Das Erfolgsrezept für glatte, streichelweiche gepflegte Haut braucht keine fünf Minuten und heißt „Ganz zart Peeling“. Lästiges Eincremen entfällt, denn hochwertiges Jojobaöl verwöhnt Sie mit viel Feuchtigkeit, zieht schnell ein und hinterlässt keinen klebrigen Film auf der Haut. Ideal für die morgendliche Expressdusche, die Reise, den Sport oder dem Saunabesuch.||Trocken lagern.||||||||||||||||||||Non-Organic||||"{'Lagerhinweis': 'Trocken lagern.', 'target_group': 'Damen|Herren|Unisex', 'manufacturer': 'Accentra GmbH & Co. KG', 'Herstelleradresse': 'Rudolf-Diesel-Straße 7, 91572 Bechhofen, Deutschland', 'Kontaktmöglichkeit': 'info@accentra.de', 'Anwendungshinweis': 'Anwendung Dusche: Vor dem Öffnen Sachet durch leichtes Kneten gut durchmischen. Das „Ganz zart Peeling“ mit kreisenden Bewegungen auf der feuchten Haut einmassieren, mit ausreichend warmen Wasser abspülen und sanft abtrocknen. Aufgrund der außergewöhnlich guten Rückfettung ist ein zusätzliches Eincremen nicht erforderlich. Anwendung in der Badewanne: Das „Ganz zart Peeling“ eignet sich hervorragend als Meersalz-Pflege-Ölbad. Hierzu das Peeling einfach in das Badewasser geben. Badetemperatur: 35 - 38°C. Badedauer: 15 – 20 Minuten.', 'package_contents': 'Maris Sal, **Carthamus Tinctorius Seed Oil, Parfum (Fragrance), **Simmondsia Chinensis Seed Oil, Prunus Amygdalus Dulcis Oil, Tocopherol, Helianthus Annuus Seed Oil, Prunus Amygdalus Dulcis Seed Meal, **aus kontrolliert biologischem Anbau.', 'skin_type': 'normale Haut', 'product_property': 'pflegend|reinigend', 'Inhalt': '80 g', 'scope_of_application': 'Duschen', 'Produkttyp': 'Peeling'}"||||||||||||||0|0|2879201_1.png|https://static.mueller.de/pdzoom/4015953683565.webp||||||||||||||||||||||Accentra GmbH & Co. KG||||||||||80 g|Maris Sal, **Carthamus Tinctorius Seed Oil, Parfum (Fragrance), **Simmondsia Chinensis Seed Oil, Prunus Amygdalus Dulcis Oil, Tocopherol, Helianthus Annuus Seed Oil, Prunus Amygdalus Dulcis Seed Meal, **aus kontrolliert biologischem Anbau.||False||2879201P|||||||||1
2879202|mueller||||||||2024-10-28|VTech - Kiditronics - Kidisecrets Magic Glow|||1|Stk.|Home|Spielwaren|Elektronisches Spielzeug|Lern- & Spielcomputer|VTech - Kiditronics - Kidisecrets Magic Glow|||29,99 €|29,99 €||||||||||||||EUR|Home> Spielwaren> Elektronisches Spielzeug> Lern- & Spielcomputer> VTech - Kiditronics - Kidisecrets Magic Glow|https://www.mueller.at/p/vtech-kiditronics-kidisecrets-magic-glow-IPN2879202/|1 Stk.|"Mit dem Kidisecrets Magic Glow sind Geheimnisse doppelt geschützt! Das Tagebuch ist mit einem geheimen Zahlen-Passwort gesichert und die Zaubertinte wird nur unter dem magischen UV-Licht sichtbar. Kreativ werden und musizieren, coole Spiele spielen, die Glückszahl herausfinden und Lebensweisheiten hören. Ein geheimes Tagebuch voller Magie!
Geheimnisvolles Tagebuch mit magischem Stift, dessen Tinte nur unter der Zauberlampe sichtbar wird

Zauberstift mit unsichtbarer Tinte und 30-seitiges DIN-A6-Notizbuch inklusive
Die Tinte des Zauberstifts wird unter der aufklappbaren UV-Lampe sichtbar
Das Tagebuch bietet Platz für ein DIN-A6-Notizbuch und zum Aufbewahren kleiner Gegenstände
5 Spiele: Willkommensmelodie erstellen, Melodien anhören und wiedergeben, Glückszahl erfahren, Zahlenkette bilden und Lebensweisheit hören
4-stelliger Geheimcode zum Verschließen des Tagebuchs
Kindersicheres Batteriefach und Lautstärkeregler
Demobatterien enthalten
Produktmaße (B x T x H):
3.6 x 17.6 x 20.8 cm
Produktgewicht:
0.5 kg
Benötigte Batterien:
3 x AA"||||||||6 Jahre||||||||||||||Non-Organic||||"{'target_group': 'Grundschüler|Jugendliche', 'Artikelnummer des Herstellers': '80-532404', 'Altersempfehlung ab': '6 Jahre', 'Batterie-Typ': 'Zn/C', 'Inhalt': '1 Stk.', 'Produkttyp': 'Computer für Schulkinder'}"||||||||||||||0|0|2879202_1.png|https://static.mueller.de/pdzoom/3417765324048.webp|2879202_2.png|https://static.mueller.de/pdzoom/3417765324048_8.webp|2879202_3.png|https://static.mueller.de/pdzoom/3417765324048_5.webp|2879202_4.png|https://static.mueller.de/pdzoom/3417765324048_4.webp|2879202_5.png|https://static.mueller.de/pdzoom/3417765324048_6.webp|2879202_6.png|https://static.mueller.de/pdzoom/3417765324048_3.webp||||||||||||80-532404||||||||||1 Stk.|||True||2879202P|||||||||10
2879204|mueller||||||||2024-10-28|Grußkarte Druck mit Holzschriftzug Alles Liebe Lavendel|DIE LASEREI||1|Stk.|Home|Schreibwaren|Bastelbedarf|Geschenkverpackungen|Grußkarte Druck mit Holzschriftzug Alles Liebe Lavendel|||5,90 €|5,90 €||||||||||||||EUR|Home> Schreibwaren> Bastelbedarf> Geschenkverpackungen> Grußkarte Druck mit Holzschriftzug Alles Liebe Lavendel|https://www.mueller.at/p/grusskarte-druck-mit-holzschriftzug-alles-liebe-lavendel-IPN2879204/|1 Stk.|Die faltbare Grußkarte wird aus bedrucktem Papier angefertigt und wird an der Vorderseite mit einem 3D Schriftzug aus Nussholz verfeinert . Auf der Innenseite können Sie die Karte nach Belieben per Hand (Kugelschreiber, Faserstift...) mit Ihren persönlichen Grußworten beschreiben. Die Karte wird mit einem Kuvert in creme in Zellophanpapier verpackt und ist somit bereit zum Verschenken.||||||||||||||||||||||Non-Organic||||{'scope_of_delivery': '1 Stück inkl. Kuvert', 'manufacturer': 'holzgrusskarten.at - Die Laserei', 'Herstelleradresse': 'Wiesenweg 2 ,3632 Bad Traunstein', 'Artikelnummer des Herstellers': 'GDH011', 'Höhe': '140 mm', 'Tiefe': '2 mm', 'Inhalt': '1 Stk.'}||||||||||||||0|0|2879204_1.png|https://static.mueller.de/pdzoom/9120110666093.webp||||||||||||||||||||||holzgrusskarten.at - Die Laserei||||||||||1 Stk.|||True||2879204P|||||||||4
2747154|mueller||||||||2024-10-28|Käfer Risotto mit Steinpilzen|KÄFER||250|g|Home|Drogerie|Lebensmittel|Nahrung|Nudeln, Reis & Hülsenfrüchte|Reis|Käfer Risotto mit Steinpilzen|5,95 €|5,95 €|||||||||||23,80 € / 1 kg|||EUR|Home> Drogerie> Lebensmittel> Nahrung> Nudeln, Reis & Hülsenfrüchte> Reis> Käfer Risotto mit Steinpilzen|https://www.mueller.at/p/kaefer-risotto-mit-steinpilzen-2747154/|250 g|Mit unserem feinen Käfer Risotto mit getrockneten Steinpilzen und Kräutern zaubern Sie ganz einfach ein außergewöhnliches Gourmetgericht auf Ihren Teller. Getrocknete Steinpilze und feine Gewürze verleihen dem Risotto seinen einzigartigen Geschmack – ein leckeres Gericht wie bei Ihrem Lieblingsitaliener.|||||Italien||||||{'Nährwerte je': '100g', 'Brennwert': '1458 kj / 343 kcal', 'Fett in g': '0.5', '- davon gesättigte Fettsäuren in g': '0.1', 'Kohlenhydrate in g': '78', '- davon Zucker in g': '0.9', 'Eiweiß in g': '6.8', 'Salz in g': '0.02'}|||||||||||Non-Organic||||{'manufacturer': 'Feinkost Käfer GmbH', 'Herstelleradresse': 'Heimstettener Str. 1, 85599 Parsdorf', 'Herkunftsland': 'Italien', 'Inhalt': '250 g', 'Zutaten': 'Arborio Reis 95 %, Steinpilze (Boletus edulis) 2 %, Salz, Gewürze, Petersilie, Zwiebeln, natürliches Steinpilzaroma.', 'Produkttyp': 'Reis'}||||||||||||||0|0|2747154_1.png|https://static.mueller.de/6955459200-PV-0/pdzoom/kaefer-risotto-mit-steinpilzen.webp||||||||||||||||||||||Feinkost Käfer GmbH||||||||||250 g|||False||2747154P|||||||||1
2747156|mueller||||||||2024-10-28|Käfer Risotto mit Trüffel|KÄFER||250|g|Home|Drogerie|Lebensmittel|Nahrung|Nudeln, Reis & Hülsenfrüchte|Reis|Käfer Risotto mit Trüffel|7,95 €|7,95 €|||||||||||31,80 € / 1 kg|||EUR|Home> Drogerie> Lebensmittel> Nahrung> Nudeln, Reis & Hülsenfrüchte> Reis> Käfer Risotto mit Trüffel|https://www.mueller.at/p/kaefer-risotto-mit-trueffel-2747156/|250 g|Mit unserem Käfer Risotto mit Trüffel zaubern Sie ein feines Gourmetgericht auf Ihre Teller, ohne dafür Stunden in der Küche zu stehen. Feinster Arborio-Reis, schwarzer Sommertrüffel sowie erlesene Kräuter und Gewürze machen das Risotto zu einem unwiderstehlichen Genuss.|||||Italien||||||{'Nährwerte je': '100g', 'Brennwert': '1426 kj / 341 kcal', 'Fett in g': '0.4', '- davon gesättigte Fettsäuren in g': '0.1', 'Kohlenhydrate in g': '63', '- davon Zucker in g': '0.9', 'Eiweiß in g': '5.4', 'Salz in g': '0.02'}|||||||||||Non-Organic||||{'manufacturer': 'Feinkost Käfer GmbH', 'Herstelleradresse': 'Heimstettener Str. 1, 85599 Parsdorf', 'Herkunftsland': 'Italien', 'Inhalt': '250 g', 'Zutaten': 'Arborio Reis 95%, getrocknete Zwiebeln, schwarzer Sommertrüffel (Tuber aestivum Vitt.) 1%, getrockneter Knoblauch, getrocknete Petersilie, Gewürze.', 'Produkttyp': 'Reis'}||||||||||||||0|0|2747156_1.png|https://static.mueller.de/6955476828-PV-0/pdzoom/kaefer-risotto-mit-trueffel.webp||||||||||||||||||||||Feinkost Käfer GmbH||||||||||250 g|||False||2747156P|||||||||1
2747158|mueller||||||||2024-10-28|Käfer Tomatensauce Basilikum|KÄFER||390|g|Home|Drogerie|Lebensmittel|Nahrung|Saucen|Käfer Tomatensauce Basilikum||5,95 €|5,95 €|||||||||||15,26 € / 1 kg|||EUR|Home> Drogerie> Lebensmittel> Nahrung> Saucen> Käfer Tomatensauce Basilikum|https://www.mueller.at/p/kaefer-tomatensauce-basilikum-2747158/|390 g|Die Zutaten für die Tomatensauce mit frischem Basilikum aus dem Hause Käfer stammen von den ländlichen Gegenden rund um Pisa, wo Familienbetriebe Gemüse und Obst in kleinen Mengen anbauen. Bei der Herstellung der Sauce wird auf Konservierungsstoffe verzichtet und auf Natürlichkeit gesetzt.|||||Deutschland||||||{'Nährwerte je': '100g', 'Brennwert': '164 kj / 39 kcal', 'Fett in g': '2.3', '- davon gesättigte Fettsäuren in g': '0.4', 'Kohlenhydrate in g': '3.7', '- davon Zucker in g': '3.1', 'Eiweiß in g': '1.1', 'Salz in g': '1.6'}|||||||||||Non-Organic||||{'manufacturer': 'Feinkost Käfer GmbH', 'Herstelleradresse': 'Heimstettener Str. 1, 85599 Parsdorf', 'Herkunftsland': 'Deutschland', 'Inhalt': '390 g', 'Zutaten': 'Tomatenwürfel, Natives Olivenöl extra, Salz, Zucker, Basilikum 0,5%, Knoblauch.', 'Produkttyp': 'Ketchup, Saucen & Pesto'}||||||||||||||0|0|2747158_1.png|https://static.mueller.de/6955477029-PV-0/pdzoom/kaefer-tomatensauce-basilikum.webp||||||||||||||||||||||Feinkost Käfer GmbH||||||||||390 g|||True||2747158P|||||||||10
824813|mueller||||||||2024-10-28|A Thousand Suns|||1|Stk.|Home|Multi-Media|Musik|Rock|A Thousand Suns|||12,99 €|12,99 €||||||||||||||EUR|Home> Multi-Media> Musik> Rock> A Thousand Suns|https://www.mueller.at/p/a-thousand-suns-824813/|1 Stk.|||||||||||||||||||||||Non-Organic||||{'medium': 'CD', 'Künstler': 'Linkin Park', 'Inhalt': '1 Stk.', 'Anzahl Medien im Artikel': '1', 'genre': 'Rock international', 'Label': 'WB'}||||||||||||||0|0|824813_1.png|https://static.mueller.de/pdzoom/phononet_0093624963332_pv_0093624963332-0600px-001.webp|824813_2.png|https://static.mueller.de/pdzoom/phononet_0093624963332_pr_0093624963332-0600px-002.webp|824813_3.png|https://static.mueller.de/130839866-PR-1/pdzoom/a-thousand-suns.webp||||||||||||||||||||||||||||1 Stk.|||True||824813P|||||||||5
2747150|mueller||||||||2024-10-28|Käfer BBQ Gewürz für Fleisch & Marinaden|KÄFER||55|g|Home|Drogerie|Lebensmittel|Nahrung|Gewürze|Käfer BBQ Gewürz für Fleisch & Marinaden||6,95 €|6,95 €|||||||||||126,36 € / 1 kg|||EUR|Home> Drogerie> Lebensmittel> Nahrung> Gewürze> Käfer BBQ Gewürz für Fleisch & Marinaden|https://www.mueller.at/p/kaefer-bbq-gewuerz-fuer-fleisch-marinaden-2747150/|55 g|Unser BBQ Gewürz besteht aus vielen verschiedenen Gewürzen wie Paprika, Tomaten, Knoblauch, Zwiebeln, Chili, Oregano, Kreuzkümmel, Muskat. Diese Kombination aus scharfen und fruchtigen Aromen verleiht ihrem Fleisch zu jeder Jahreszeit ein verführerisches Grillaroma.|||||Spanien|SENF. Kann Spuren von Sellerie und Sesam enthalten.||||||||||||||||Organic||||{'manufacturer': 'Feinkost Käfer GmbH', 'Herstelleradresse': 'Heimstettener Str. 1, 85599 Parsdorf', 'Herkunftsland': 'Spanien', 'Allergenhinweis': 'SENF. Kann Spuren von Sellerie und Sesam enthalten.', 'Inhalt': '55 g', 'Bio': 'Ja', 'Zutaten': 'Meersalz, Rohrohrzucker*, Paprika edelsüß*, Tomatenflocken*, Zwiebeln*, Knoblauch*, Chiliflocken*, SENF*, Koriander*, schwarzer Bergpfeffer*, Thymian*, Oregano*, Rosmarin*, Kreuzkümmel*, MUSKATNUSS*. *aus kontrolliert biologischem Anbau. Kann Spuren von Sellerie und Sesam enthalten.', 'Produkttyp': 'Gewürze'}||||||||||||||0|0|2747150_1.png|https://static.mueller.de/6958433143-PV-0/pdzoom/kaefer-bbq-gewuerz-fuer-fleisch-marinaden.webp||||||||||||||||||||||Feinkost Käfer GmbH||||||||||55 g|||True||2747150P|||||||||10
2747151|mueller||||||||2024-10-28|Käfer Brathähnchen Gewürz|KÄFER||75|g|Home|Drogerie|Lebensmittel|Nahrung|Gewürze|Käfer Brathähnchen Gewürz||5,95 €|5,95 €|||||||||||79,33 € / 1 kg|||EUR|Home> Drogerie> Lebensmittel> Nahrung> Gewürze> Käfer Brathähnchen Gewürz|https://www.mueller.at/p/kaefer-brathaehnchen-gewuerz-2747151/|75 g|Alle wollen nur eins: Ein saftig, duftendes, zartes Hähnchen! Mit etwas Wasser und Olivenöl vermischt, ergibt das Gewürz eine wunderbare Marinade.|||||Deutschland|Kann Spuren von Sellerie und Sesam enthalten.||||||||||||||||Non-Organic||||{'manufacturer': 'Feinkost Käfer GmbH', 'Herstelleradresse': 'Heimstettener Str. 1, 85599 Parsdorf', 'Herkunftsland': 'Deutschland', 'Allergenhinweis': 'Kann Spuren von Sellerie und Sesam enthalten.', 'Inhalt': '75 g', 'Zutaten': 'Deutsches Tiefensteinsalz, Paprika edelsüß, Pfeffermischung (Schwarzer Bergpfeffer*, Tellycherry Bergpfeffer*, Kubebenpfeffer*, Szechuan Pfeffer, Grüner Bergpfeffer*, Weißer Bergpfeffer*, Langkornpfeffer), Zitronenmyrte*, Rote Zwiebel*, Italienische Kräuter* (Basilikum*, Thymian*, Oregano*, Rosmarin*, Salbei*, Petersilie*, Majoran*, Bohnenkraut*), Zitroneningwer*, .  *aus kontrolliert ökologischem Anbau. Kann Spuren von Sellerie und Sesam enthalten.', 'Produkttyp': 'Gewürze'}||||||||||||||0|0|2747151_1.png|https://static.mueller.de/6958433294-PV-0/pdzoom/kaefer-brathaehnchen-gewuerz.webp||||||||||||||||||||||Feinkost Käfer GmbH||||||||||75 g|||True||2747151P|||||||||10
2879217|mueller||||||||2024-10-28|sensena NATURKOSMETIK Ganz Zart Peeling - Sheabutter & Mandelöl|SENSENA NATURKOSMETIK||80|g|Home|Parfümerie|Pflege|Körperpflege|Duschen|sensena NATURKOSMETIK Ganz Zart Peeling - Sheabutter & Mandelöl||2,29 €|2,29 €|||||||||||28,63 € / 1 kg|||EUR|Home> Parfümerie> Pflege> Körperpflege> Duschen> sensena NATURKOSMETIK Ganz Zart Peeling - Sheabutter & Mandelöl|https://www.mueller.at/p/sensena-naturkosmetik-ganz-zart-peeling-sheabutter-mandeloel-IPN2879217/|80 g|Dusche an, Sachet auf, duftendes Peeling mit kreisenden Bewegungen auf der feuchten Haut einmassieren, abspülen, sanft abtrocknen und sich dann sofort anziehen. Das Erfolgsrezept für glatte, streichelweiche gepflegte Haut braucht keine fünf Minuten und heißt „Ganz zart Peeling“. Lästiges Eincremen entfällt, denn hochwertiges Jojobaöl verwöhnt Sie mit viel Feuchtigkeit, zieht schnell ein und hinterlässt keinen klebrigen Film auf der Haut. Ideal für die morgendliche Expressdusche, die Reise, den Sport oder dem Saunabesuch.||Trocken lagern.||||||||||||||||||||Non-Organic||||"{'Lagerhinweis': 'Trocken lagern.', 'target_group': 'Damen|Herren|Unisex', 'manufacturer': 'Accentra GmbH & Co. KG', 'Herstelleradresse': 'Rudolf-Diesel-Straße 7, 91572 Bechhofen, Deutschland', 'Kontaktmöglichkeit': 'info@accentra.de', 'Anwendungshinweis': 'Anwendung Dusche: Vor dem Öffnen Sachet durch leichtes Kneten gut durchmischen. Das „Ganz zart Peeling“ mit kreisenden Bewegungen auf der feuchten Haut einmassieren, mit ausreichend warmen Wasser abspülen und sanft abtrocknen. Aufgrund der außergewöhnlich guten Rückfettung ist ein zusätzliches Eincremen nicht erforderlich. Anwendung in der Badewanne: Das „Ganz zart Peeling“ eignet sich hervorragend als Meersalz-Pflege-Ölbad. Hierzu das Peeling einfach in das Badewasser geben. Badetemperatur: 35 - 38°C. Badedauer: 15 – 20 Minuten.', 'package_contents': 'Maris Sal, **Carthamus Tinctorius Seed Oil, **Simmondsia Chinensis Seed Oil, Parfum (Fragrance), *Linalool, *Limonene, Prunus Amygdalus Dulcis Oil, Butyrospermum Parkii (Shea) Butter, Helianthus Annuus Seed Oil, Tocopherol, *aus natürlichen Duftstoffen, **aus kontrolliert biologischem Anbau.', 'skin_type': 'normale Haut', 'product_property': 'pflegend|reinigend', 'Inhalt': '80 g', 'scope_of_application': 'Duschen', 'Produkttyp': 'Peeling'}"||||||||||||||0|0|2879217_1.png|https://static.mueller.de/pdzoom/4015953683589.webp||||||||||||||||||||||Accentra GmbH & Co. KG||||||||||80 g|Maris Sal, **Carthamus Tinctorius Seed Oil, **Simmondsia Chinensis Seed Oil, Parfum (Fragrance), *Linalool, *Limonene, Prunus Amygdalus Dulcis Oil, Butyrospermum Parkii (Shea) Butter, Helianthus Annuus Seed Oil, Tocopherol, *aus natürlichen Duftstoffen, **aus kontrolliert biologischem Anbau.||True||2879217P|||||||||10
2786720|mueller||||||||2024-10-28|Wiking 077861 - Case IH 1455 XL 1:32|WIKING||1|Stk.|Home|Spielwaren|Verkehr & Action|Fahr- & Flugzeuge|Fahrzeuge & Fluggeräte|Wiking 077861 - Case IH 1455 XL 1:32||99,95 €|99,95 €||||||||||||||EUR|Home> Spielwaren> Verkehr & Action> Fahr- & Flugzeuge> Fahrzeuge & Fluggeräte> Wiking 077861 - Case IH 1455 XL 1:32|https://www.mueller.at/p/wiking-077861-case-ih-1455-xl-1-32-2786720/|1 Stk.|Case IH 1455 XLDer Case mit den unverwechselbaren IH-GenenMit dem Case 1455 XL wird der einst in Neuss gebaute Standardschlepper mit Allradantrieb miniaturisiert - die letzte Generation sozusagen, ein wirklicher Youngtimer der deutschen Landmaschinen-Geschichte! Bei diesem Typ handelt es sich um den zunächst noch größten von International Harvester gebauten Traktor. Es war die IH-Antwort auf die veränderten Anforderungen in der deutschen Landwirtschaft, die mehr PS und damit größere und leistungsfähigere Schlepper nachfragte. Der letzte 1455 XL wurde am 20. Dezember 1996 gebaut. Er war damit weltweit der letzte Traktor, der von International Harvester konstruiert und noch elf Jahre nach dem Zusammenschluss mit Case gebaut wurde. WIKING miniaturisiert die Case-Ausführung, die mit der geometrischen Kühlergrillaufteilung der IH-Optik Schluss gemacht hatte und die Motorhaube integrativer, aber vor allem zeitgemäßer erscheinen ließ. Mit dieser rotschwarzen Gestaltungslinie des aufgeräumten Kühlergrills fügte sich der 1455 XL nahtlos in die gesamte Case-Schlepperpalette ein. Damit sind auch in 1:32 attraktive Gespanne der 1990er- bis 2000er-Jahre gewährleistet, zumal der 1455 XL auf vielen Höfen immer noch im Einsatz ist. Deren Landwirte können nicht vom Klassiker lassen, der sie über all die Jahrzehnte so verlässlich begleitet.Produktdetails:Das Chassis, aber auch Motorhaube und Frontgewicht mit Zugmaul entstehen beim 1:32-Modell von WIKING in Zinkdruckguss. Dazu kommt die Kabine aus Kunststoff, die vorbildgerecht verglast und sowohl vorne als auch hinten über entsprechende Beleuchtungselemente verfügt. Zugleich verfügt die Kabine über nach hinten öffnende Türen, die sich rechts und links gleichermaßen bewegen lassen und damit den Blick in die Kabine freigeben. Das Nummernschild am Kabinenheck fehlt ebenso wenig wie die zugehörige Beleuchtungseinheit sowie die eingesetzten Rückleuchten. WIKING miniaturisiert das charakteristische Auspuffrohr auf der Motorhaube sowie die Lüftungshutze aus Kunststoff. Aus dem gleichen Werkstoff sind die beidseitigen Trittleitern und Felgen gehalten. Weitere Kunststoffelemente bilden die Heckkupplung, aber auch den frontseitigen Kühlergrill mit eingesetzten Leuchten nach. Die Lenkung der Vorderachse funktioniert präzise und sorgt für einen kleinen Wenderadius, das Lenkrad dreht nicht mit. Die Heckkupplung kann zudem bewegt werden. Der von Enthusiasten gerne auch ‚Brüllrohr‘ genannte chrom glänzende Auspuff – beim Original als Zubehörteil nachrüstbar – wird von WIKING direkt mitgeliefert. WIKING realisiert eine vorbildgerechte Bedruckung von feinem Zierrat entsprechend der Case-Markenoptik. Der Schriftzug Case International ist auf den Seiten der Motorhaube zu sehen, der Typenschriftzug 1455 XL auf den Kabinentüren.||||||||6 Jahre||||||||||||||Non-Organic||||"{'particularities': 'Der Hersteller behält sich farbliche und technische Änderungen vor. Zur Darstellung der Neuheiten werden zum Teil Originalfotos und Prototypen eingesetzt. Abweichungen zum Lieferzustand des Modells sind möglich.', 'target_group': 'Erwachsene|Jugendliche', 'Artikelnummer des Herstellers': '077861', 'license': 'Wiking Die Cast 1:32 und 1:43', 'Altersempfehlung ab': '6 Jahre', 'Altersempfehlung bis': '99 Jahre', 'Materialdetails': 'Kunststoff', 'Material': 'Kunststoff', 'Inhalt': '1 Stk.', 'Maßstab': 'ca. 1:32', 'Produkttyp': 'Metallfertigmodelle mit hoher Modelltreue'}"||||||||Kunststoff||||||0|0|2786720_1.png|https://static.mueller.de/7081344409-PB-0/pdzoom/wiking-077861-case-ih-1455-xl-1-32.webp||||||||||||||||||||||077861||||||||||1 Stk.|||False||2786720P|||||||||1
2879219|mueller||||||||2024-10-28|Grußkarte Druck mit Holzschriftzug Hochzeitsauto|DIE LASEREI||1|Stk.|Home|Schreibwaren|Bastelbedarf|Geschenkverpackungen|Grußkarte Druck mit Holzschriftzug Hochzeitsauto|||5,90 €|5,90 €||||||||||||||EUR|Home> Schreibwaren> Bastelbedarf> Geschenkverpackungen> Grußkarte Druck mit Holzschriftzug Hochzeitsauto|https://www.mueller.at/p/grusskarte-druck-mit-holzschriftzug-hochzeitsauto-IPN2879219/|1 Stk.|Die faltbare Grußkarte wird aus bedrucktem Papier angefertigt und wird an der Vorderseite mit einem 3D Schriftzug aus Nussholz verfeinert . Auf der Innenseite können Sie die Karte nach Belieben per Hand (Kugelschreiber, Faserstift...) mit Ihren persönlichen Grußworten beschreiben. Die Karte wird mit einem Kuvert in creme in Zellophanpapier verpackt und ist somit bereit zum Verschenken.||||||||||||||||||||||Non-Organic||||{'scope_of_delivery': '1 Stück inkl. Kuvert', 'manufacturer': 'holzgrusskarten.at - Die Laserei', 'Herstelleradresse': 'Wiesenweg 2 ,3632 Bad Traunstein', 'Artikelnummer des Herstellers': 'GDH010', 'Höhe': '140 mm', 'Tiefe': '2 mm', 'Inhalt': '1 Stk.'}||||||||||||||0|0|2879219_1.png|https://static.mueller.de/pdzoom/9120110666086.webp||||||||||||||||||||||holzgrusskarten.at - Die Laserei||||||||||1 Stk.|||True||2879219P|||||||||10
310735|mueller||||||||2024-10-28|ESTÉE LAUDER Beautiful Eau De Parfum Spray|ESTÉE LAUDER||30|ml|Home|Parfümerie|Düfte für Sie|Düfte|ESTÉE LAUDER Beautiful Eau De Parfum Spray|||86,95 €|86,95 €|||||||||||2 898,33 € / 1 l|||EUR|Home> Parfümerie> Düfte für Sie> Düfte> ESTÉE LAUDER Beautiful Eau De Parfum Spray|https://www.mueller.at/p/estee-lauder-beautiful-eau-de-parfum-spray-310735/|30 ml|"Der Duft der Tausend Blumen.
Ein zartes Bouquet von Veilchen und Lilien, Rosen und Flieder, Ringelblumen und Orangenblüten ... mit der Wärme einer reichhaltigen, holzigen Basis, aufgehellt durch einen Hauch von Zitrus.

Romantisch, weiblich, unvergesslich.

Kopfnoten:
Rose, Mandarine, Lilie, Tuberose, Ringelblume

Herznoten:
Orangenblüte, Maiglöckchen, Jasmin, Ylang-Ylang

Basisnoten:
Sandelholz, Vetiver, Amber

Inspiration:
Die Vision von Evelyn Lauder war es, einen Duft zu kreieren, der jeder Frau das Gefühl gibt, die bezauberndste Frau im Raum zu sein. Es dauerte Jahre, um diesen komplexen Duft aus 2000 Blumen zu perfektionieren.

Romantisch und zeitlos feiert Beautiful die Weiblichkeit und die kostbarsten Momente im Leben. Daher wird der Duft mit einer Braut beworben als Sinnbild für weibliche Schönheit und Romantik schlechthin."||||||||||||||||||||||Non-Organic||||"{'target_group': 'Damen', 'manufacturer': 'Estée Lauder Companies', 'Herstelleradresse': 'Domagkstr. 10, 80807 München', 'fragrance_concentration': 'Eau de Parfum', 'top_note': 'Rose, Mandarine, Lilie, Tuberose, Ringelbume', 'heart_note': 'Orangenblüten, Maiglöckchen, Jasmin, Ylang-Ylang', 'base_note': 'Sandelholz, Vetiver, Amber', 'application_type': 'Pumpzerstäuber', 'package_contents': 'Alcohol Denat., Fragrance (Parfum), Water\\Aqua\\Eau, Butyl Methoxydibenzoylmethane, Ethylhexyl Salicylate, Ethylhexyl Methoxycinnamate, Hydroxycitronellal, Alpha-Isomethyl Ionone, Hexyl Cinnamal, Benzyl Benzoate, Eugenol, Linalool, Geraniol, Citronellol, Benzyl Salicylate, Evernia Prunastri (Oakmoss) Extract, Limonene, Coumarin, Cinnamyl Alcohol, Farnesol, Isoeugenol, Benzyl Alcohol, Citral, Benzyl Cinnamate, Amyl Cinnamal, Pentaerythrityl Tetra-Di-T-Butyl Hydroxyhydrocinnamate, Yellow 5 (Ci 19140), Red 4 (Ci 14700), Blue 1 (Ci 42090) < ILN49343 >', 'Inhalt': '30 ml', 'fragrance_effect': 'romantisch|sinnlich|verspielt', 'Produkttyp': 'Eau de Parfum'}"||||||||||||||0|0|310735_1.png|https://static.mueller.de/5549597317-PV-0/pdzoom/estee-lauder-beautiful-eau-de-parfum-spray.webp||||||||||||||||||||||Estée Lauder Companies||||||||||30 ml|Alcohol Denat., Fragrance (Parfum), Water\Aqua\Eau, Butyl Methoxydibenzoylmethane, Ethylhexyl Salicylate, Ethylhexyl Methoxycinnamate, Hydroxycitronellal, Alpha-Isomethyl Ionone, Hexyl Cinnamal, Benzyl Benzoate, Eugenol, Linalool, Geraniol, Citronellol, Benzyl Salicylate, Evernia Prunastri (Oakmoss) Extract, Limonene, Coumarin, Cinnamyl Alcohol, Farnesol, Isoeugenol, Benzyl Alcohol, Citral, Benzyl Cinnamate, Amyl Cinnamal, Pentaerythrityl Tetra-Di-T-Butyl Hydroxyhydrocinnamate, Yellow 5 (Ci 19140), Red 4 (Ci 14700), Blue 1 (Ci 42090) < ILN49343 >||True||310735P|||||||||10
2879210|mueller||||||||2024-10-28|Grußkarte Druck mit Holzschriftzug Birthday Luftballon|DIE LASEREI||1|Stk.|Home|Schreibwaren|Bastelbedarf|Geschenkverpackungen|Grußkarte Druck mit Holzschriftzug Birthday Luftballon|||5,90 €|5,90 €||||||||||||||EUR|Home> Schreibwaren> Bastelbedarf> Geschenkverpackungen> Grußkarte Druck mit Holzschriftzug Birthday Luftballon|https://www.mueller.at/p/grusskarte-druck-mit-holzschriftzug-birthday-luftballon-IPN2879210/|1 Stk.|Die faltbare Grußkarte wird aus bedrucktem Papier angefertigt und wird an der Vorderseite mit einem 3D Schriftzug aus Nussholz verfeinert . Auf der Innenseite können Sie die Karte nach Belieben per Hand (Kugelschreiber, Faserstift...) mit Ihren persönlichen Grußworten beschreiben. Die Karte wird mit einem Kuvert in creme in Zellophanpapier verpackt und ist somit bereit zum Verschenken.||||||||||||||||||||||Non-Organic||||{'scope_of_delivery': '1 Stück inkl. Kuvert', 'manufacturer': 'holzgrusskarten.at - Die Laserei', 'Herstelleradresse': 'Wiesenweg 2 ,3632 Bad Traunstein', 'Artikelnummer des Herstellers': 'GDH006', 'Höhe': '140 mm', 'Tiefe': '2 mm', 'Inhalt': '1 Stk.'}||||||||||||||0|0|2879210_1.png|https://static.mueller.de/pdzoom/9120110666048.webp||||||||||||||||||||||holzgrusskarten.at - Die Laserei||||||||||1 Stk.|||True||2879210P|||||||||10
2879211|mueller||||||||2024-10-28|Grußkarte Druck mit Holzschriftzug Birthday Cupcake|DIE LASEREI||1|Stk.|Home|Schreibwaren|Bastelbedarf|Geschenkverpackungen|Grußkarte Druck mit Holzschriftzug Birthday Cupcake|||5,90 €|5,90 €||||||||||||||EUR|Home> Schreibwaren> Bastelbedarf> Geschenkverpackungen> Grußkarte Druck mit Holzschriftzug Birthday Cupcake|https://www.mueller.at/p/grusskarte-druck-mit-holzschriftzug-birthday-cupcake-IPN2879211/|1 Stk.|Die faltbare Grußkarte wird aus bedrucktem Papier angefertigt und wird an der Vorderseite mit einem 3D Schriftzug aus Nussholz verfeinert . Auf der Innenseite können Sie die Karte nach Belieben per Hand (Kugelschreiber, Faserstift...) mit Ihren persönlichen Grußworten beschreiben. Die Karte wird mit einem Kuvert in creme in Zellophanpapier verpackt und ist somit bereit zum Verschenken.||||||||||||||||||||||Non-Organic||||{'scope_of_delivery': '1 Stück inkl. Kuvert', 'manufacturer': 'holzgrusskarten.at - Die Laserei', 'Herstelleradresse': 'Wiesenweg 2 ,3632 Bad Traunstein', 'Artikelnummer des Herstellers': 'GDH008', 'Höhe': '140 mm', 'Tiefe': '2 mm', 'Inhalt': '1 Stk.'}||||||||||||||0|0|2879211_1.png|https://static.mueller.de/pdzoom/9120110666062.webp||||||||||||||||||||||holzgrusskarten.at - Die Laserei||||||||||1 Stk.|||True||2879211P|||||||||10
2879212|mueller||||||||2024-10-28|VTech - Kiditronics - KidiLove, Interaktives leuchtendes Spielgerät|VTECH||1|Stk.|Home|Spielwaren|Elektronisches Spielzeug|Lern- & Spielcomputer|VTech - Kiditronics - KidiLove, Interaktives leuchtendes Spielgerät|||19,99 €|19,99 €||||||||||||||EUR|Home> Spielwaren> Elektronisches Spielzeug> Lern- & Spielcomputer> VTech - Kiditronics - KidiLove, Interaktives leuchtendes Spielgerät|https://www.mueller.at/p/vtech-kiditronics-kidilove-interaktives-leuchtendes-spielgeraet-IPN2879212/|1 Stk.|KidiLove - leuchtendes Herz mit magischem Haustier, zauberhaften Lichteffekten, Musik und Spielen. Durch Schütteln des Herzens das magische Haustier zum Schlüpfen bringen. Zauberhafte Spiele spielen und Edelseteine für die Überraschungs-Verwandlung sammeln -> Das Baby-Haustier verwandelt sich entweder in Einhorn, Fuchs oder Katze und wird zum magischen besten Freund. Das Herz leuchtet in den verschiedenen Farben des Regenbogens und macht coole Soundeffekte. Bewegungssensor zur Steuerung von Spielen und interagieren mit dem Haustier (Freundschaftsbarometer, Fliegen lernen,...). Praktische Handschlaufe zum Befestigen am Handgelenk, Rucksack, etc. und überall hin mitnehmen. Partymodus mit Licht und 8 verschiedenen Melodien - das Haustier tanzt passend zur Musik. Magische Kugel: Schütteln des Herzens löst süße Nachrichten aus. Uhr-, Wecker- und Stoppuhr-Funktion. Kindersicheres Batteriefach, Abschaltautomatik und Lautstärkeregler. Demobatterien sind enthalten.||||||||5 Jahre||||||||||||||Non-Organic||||"{'target_group': 'Grundschüler|Jugendliche', 'Artikelnummer des Herstellers': '80-532504', 'Altersempfehlung ab': '5 Jahre', 'Batterie-Typ': 'Zn/C', 'Inhalt': '1 Stk.', 'Produkttyp': 'Computer für Schulkinder'}"||||||||||||||0|0|2879212_1.png|https://static.mueller.de/pdzoom/3417765325045.webp|2879212_2.png|https://static.mueller.de/pdzoom/3417765325045_6.webp|2879212_3.png|https://static.mueller.de/pdzoom/3417765325045_7.webp|2879212_4.png|https://static.mueller.de/pdzoom/3417765325045_5.webp|2879212_5.png|https://static.mueller.de/pdzoom/3417765325045_4.webp|2879212_6.png|https://static.mueller.de/pdzoom/3417765325045_3.webp||||||||||||80-532504||||||||||1 Stk.|||True||2879212P|||||||||10
2879215|mueller||||||||2024-10-28|Grußkarte Druck mit Holzschriftzug Birthday Päckchen|DIE LASEREI||1|Stk.|Home|Schreibwaren|Bastelbedarf|Geschenkverpackungen|Grußkarte Druck mit Holzschriftzug Birthday Päckchen|||5,90 €|5,90 €||||||||||||||EUR|Home> Schreibwaren> Bastelbedarf> Geschenkverpackungen> Grußkarte Druck mit Holzschriftzug Birthday Päckchen|https://www.mueller.at/p/grusskarte-druck-mit-holzschriftzug-birthday-paeckchen-IPN2879215/|1 Stk.|Die faltbare Grußkarte wird aus bedrucktem Papier angefertigt und wird an der Vorderseite mit einem 3D Schriftzug aus Nussholz verfeinert . Auf der Innenseite können Sie die Karte nach Belieben per Hand (Kugelschreiber, Faserstift...) mit Ihren persönlichen Grußworten beschreiben. Die Karte wird mit einem Kuvert in creme in Zellophanpapier verpackt und ist somit bereit zum Verschenken.||||||||||||||||||||||Non-Organic||||{'scope_of_delivery': '1 Stück inkl. Kuvert', 'manufacturer': 'holzgrusskarten.at - Die Laserei', 'Herstelleradresse': 'Wiesenweg 2 ,3632 Bad Traunstein', 'Artikelnummer des Herstellers': 'GDH009', 'Höhe': '140 mm', 'Tiefe': '2 mm', 'Inhalt': '1 Stk.'}||||||||||||||0|0|2879215_1.png|https://static.mueller.de/pdzoom/9120110666079.webp||||||||||||||||||||||holzgrusskarten.at - Die Laserei||||||||||1 Stk.|||True||2879215P|||||||||10
2747166|mueller||||||||2024-10-28|Käfer Spaghetti|KÄFER||500|g|Home|Drogerie|Lebensmittel|Nahrung|Nudeln, Reis & Hülsenfrüchte|Nudeln|Käfer Spaghetti|3,95 €|3,95 €|||||||||||7,90 € / 1 kg|||EUR|Home> Drogerie> Lebensmittel> Nahrung> Nudeln, Reis & Hülsenfrüchte> Nudeln> Käfer Spaghetti|https://www.mueller.at/p/kaefer-spaghetti-2747166/|500 g|Von Anfang an wird jedes Weizenkorn durch einen Circle life mit großer Sorgfalt kontrolliert. Tag für Tag, Jahreszeit für Jahreszeit, beobachtet unser Hersteller das Wachstum des Weizens so lange, bis sie unsere einzigartige Paste daraus kreieren, genau dort, wo der Weizen wächst. Unsere Käfer Pasta wird in San Martino (Ferrara) in der Tenuta Cuniola produziert, dabei wird ausschließlich der Hartweizen verwendet, der auf den eigenen Feldern unseres Produzenten gewachsen ist.|||||Deutschland|Kann Spuren von Soja enthalten.|||||{'Nährwerte je': '100g', 'Brennwert': '1367 kj / 322 kcal', 'Fett in g': '0.5', '- davon gesättigte Fettsäuren in g': '0.1', 'Kohlenhydrate in g': '67', '- davon Zucker in g': '3.7', 'Eiweiß in g': '14', 'Salz in g': '0'}|||||||||||Non-Organic||||{'manufacturer': 'Feinkost Käfer GmbH', 'Herstelleradresse': 'Heimstettener Str. 1, 85599 Parsdorf', 'Herkunftsland': 'Deutschland', 'Allergenhinweis': 'Kann Spuren von Soja enthalten.', 'Inhalt': '500 g', 'Zutaten': 'HARTWEIZENGRIEß (GLUTEN), Wasser.', 'Produkttyp': 'Nudeln & Pasta'}||||||||||||||0|0|2747166_1.png|https://static.mueller.de/6957488821-PV-0/pdzoom/kaefer-spaghetti.webp||||||||||||||||||||||Feinkost Käfer GmbH||||||||||500 g|||False||2747166P|||||||||1
2747168|mueller||||||||2024-10-28|Käfer Tagliolini all' uovo|KÄFER||250|g|Home|Drogerie|Lebensmittel|Nahrung|Nudeln, Reis & Hülsenfrüchte|Nudeln|Käfer Tagliolini all' uovo|5,95 €|5,95 €|||||||||||23,80 € / 1 kg|||EUR|Home> Drogerie> Lebensmittel> Nahrung> Nudeln, Reis & Hülsenfrüchte> Nudeln> Käfer Tagliolini all' uovo|https://www.mueller.at/p/kaefer-tagliolini-all-uovo-2747168/|250 g|Käfer Tagliolini all' uovo werden in Italien nur aus ausgewählten Zutaten nach traditionellem Verfahren hergestellt. Durch das sehr langsame Trocknungsverfahren bei niedriger Temperatur behält der Teig seine wertvollen Proteine und bewahrt so sein typisches Aroma.|||||Italien|HARTWEIZENGRIESS, EIER.|||||{'Nährwerte je': '100g', 'Brennwert': '1559 kj / 368 kcal', 'Fett in g': '23', '- davon gesättigte Fettsäuren in g': '2', 'Kohlenhydrate in g': '67', '- davon Zucker in g': '2', 'Eiweiß in g': '15', 'Salz in g': '0.12'}|||||||||||Non-Organic||||{'manufacturer': 'Feinkost Käfer GmbH', 'Herstelleradresse': 'Heimstettener Str. 1, 85599 Parsdorf', 'Herkunftsland': 'Italien', 'Allergenhinweis': 'HARTWEIZENGRIESS, EIER.', 'Inhalt': '250 g', 'Zutaten': 'HARTWEIZENGRIESS, frische EIER , Wasser, Salz.', 'Produkttyp': 'Nudeln & Pasta'}||||||||||||||0|0|2747168_1.png|https://static.mueller.de/6955490950-PV-0/pdzoom/kaefer-tagliolini-all-uovo.webp||||||||||||||||||||||Feinkost Käfer GmbH||||||||||250 g|||True||2747168P|||||||||10
2747160|mueller||||||||2024-10-28|Käfer Tomatensauce Oliven|KÄFER||390|g|Home|Drogerie|Lebensmittel|Nahrung|Saucen|Käfer Tomatensauce Oliven||5,95 €|5,95 €|||||||||||15,26 € / 1 kg|||EUR|Home> Drogerie> Lebensmittel> Nahrung> Saucen> Käfer Tomatensauce Oliven|https://www.mueller.at/p/kaefer-tomatensauce-oliven-2747160/|390 g|Die Zutaten für die Tomatensauce mit Oliven aus dem Hause Käfer stammen von den ländlichen Gegenden rund um Pisa, wo Familienbetriebe Gemüse und Obst in kleinen Mengen anbauen. Bei der Herstellung der Sauce wird auf Konservierungsstoffe verzichtet und auf Natürlichkeit gesetzt.|||||Italien||||||{'Nährwerte je': '100g', 'Brennwert': '329 kj / 79 kcal', 'Fett in g': '6.8', '- davon gesättigte Fettsäuren in g': '1', 'Kohlenhydrate in g': '3.7', '- davon Zucker in g': '2', 'Eiweiß in g': '0.9', 'Salz in g': '0.8'}|||||||||||Non-Organic||||{'manufacturer': 'Feinkost Käfer GmbH', 'Herstelleradresse': 'Heimstettener Str. 1, 85599 Parsdorf', 'Herkunftsland': 'Italien', 'Inhalt': '390 g', 'Zutaten': 'Tomatenwürfel, Oliven 10%, Natives Olivenöl extra, Kapern in Weinessig, Salz, Petersilie, Knoblauch, Chili, Pfeffer.', 'Produkttyp': 'Ketchup, Saucen & Pesto'}||||||||||||||0|0|2747160_1.png|https://static.mueller.de/6958433401-PV-0/pdzoom/kaefer-tomatensauce-oliven.webp||||||||||||||||||||||Feinkost Käfer GmbH||||||||||390 g|||True||2747160P|||||||||10
2747161|mueller||||||||2024-10-28|Käfer Tomatensauce Trüffel|KÄFER||390|g|Home|Drogerie|Lebensmittel|Nahrung|Saucen|Käfer Tomatensauce Trüffel||8,95 €|8,95 €|||||||||||22,95 € / 1 kg|||EUR|Home> Drogerie> Lebensmittel> Nahrung> Saucen> Käfer Tomatensauce Trüffel|https://www.mueller.at/p/kaefer-tomatensauce-trueffel-2747161/|390 g|Die Zutaten für die Tomatensauce mit Trüffeln aus dem Hause Käfer stammen von den ländlichen Gegenden rund um Pisa, wo Familienbetriebe Gemüse und Obst in kleinen Mengen anbauen. Bei der Herstellung der Sauce wird auf Konservierungsstoffe verzichtet und auf die Natürlichkeit gesetzt.|||||Italien||||||{'Nährwerte je': '100g', 'Brennwert': '295 kj / 71 kcal', 'Fett in g': '6', '- davon gesättigte Fettsäuren in g': '1', 'Kohlenhydrate in g': '3', '- davon Zucker in g': '3', 'Eiweiß in g': '2', 'Salz in g': '2'}|||||||||||Non-Organic||||{'manufacturer': 'Feinkost Käfer GmbH', 'Herstelleradresse': 'Heimstettener Str. 1, 85599 Parsdorf', 'Herkunftsland': 'Italien', 'Inhalt': '390 g', 'Zutaten': 'Sonnengereifte Tomaten, Tomatenpaste, Trüffelolivenöl (Olivenöl, Trüffelaroma) 4,5%, natives Olivenöl, Sommertrüffel (Tuber aestivum vitt.) 1,8 %, Salz, Zucker, Petersilie, Knoblauch, Pfeffer.', 'Produkttyp': 'Ketchup, Saucen & Pesto'}||||||||||||||0|0|2747161_1.png|https://static.mueller.de/6955489665-PV-0/pdzoom/kaefer-tomatensauce-trueffel.webp||||||||||||||||||||||Feinkost Käfer GmbH||||||||||390 g|||True||2747161P|||||||||10
2747162|mueller||||||||2024-10-28|Käfer Penne|KÄFER||500|g|Home|Drogerie|Lebensmittel|Nahrung|Nudeln, Reis & Hülsenfrüchte|Nudeln|Käfer Penne|3,95 €|3,95 €|||||||||||7,90 € / 1 kg|||EUR|Home> Drogerie> Lebensmittel> Nahrung> Nudeln, Reis & Hülsenfrüchte> Nudeln> Käfer Penne|https://www.mueller.at/p/kaefer-penne-2747162/|500 g|Die sorgfältige Auswahl des Weizens, des Grießes und die spezielle Verarbeitung des vollen Korns geben der Pasta seinen unverwechselbaren Duft und einzigartigen Geschmack. Die Leidenschaft unseres handwerklichen Herstellers ist unsere Qualitätsgarantie.|||||Deutschland|Kann Spuren von Soja enthalten.|||||{'Nährwerte je': '100g', 'Brennwert': '1367 kj / 322 kcal', 'Fett in g': '0.5', '- davon gesättigte Fettsäuren in g': '0.1', 'Kohlenhydrate in g': '67', '- davon Zucker in g': '3.7', 'Eiweiß in g': '14', 'Salz in g': '0'}|||||||||||Non-Organic||||{'manufacturer': 'Feinkost Käfer GmbH', 'Herstelleradresse': 'Heimstettener Str. 1, 85599 Parsdorf', 'Herkunftsland': 'Deutschland', 'Allergenhinweis': 'Kann Spuren von Soja enthalten.', 'Inhalt': '500 g', 'Zutaten': 'HARTWEIZENGRIEß (Gluten), Wasser.', 'Produkttyp': 'Nudeln & Pasta'}||||||||||||||0|0|2747162_1.png|https://static.mueller.de/6957323569-PV-0/pdzoom/kaefer-penne.webp||||||||||||||||||||||Feinkost Käfer GmbH||||||||||500 g|||True||2747162P|||||||||4
2747164|mueller||||||||2024-10-28|Käfer Fusilli|KÄFER||500|g|Home|Drogerie|Lebensmittel|Nahrung|Nudeln, Reis & Hülsenfrüchte|Nudeln|Käfer Fusilli|3,95 €|3,95 €|||||||||||7,90 € / 1 kg|||EUR|Home> Drogerie> Lebensmittel> Nahrung> Nudeln, Reis & Hülsenfrüchte> Nudeln> Käfer Fusilli|https://www.mueller.at/p/kaefer-fusilli-2747164/|500 g|Die sorgfältige Auswahl des Weizens, des Grießes und die spezielle Verarbeitung des vollen Korns geben der Pasta seinen unverwechselbaren Duft und einzigartigen Geschmack. Die Leidenschaft unseres handwerklichen Herstellers ist unsere Qualitätsgarantie.|||||Italien|HARTZWEIZENGRIEß. Kann Spuren von Soja enthalten.|||||{'Nährwerte je': '100g', 'Brennwert': '1367 kj / 322 kcal', 'Fett in g': '0.5', '- davon gesättigte Fettsäuren in g': '0.1', 'Kohlenhydrate in g': '67', '- davon Zucker in g': '3.7', 'Eiweiß in g': '14', 'Salz in g': '0'}|||||||||||Non-Organic||||{'manufacturer': 'Feinkost Käfer GmbH', 'Herstelleradresse': 'Heimstettener Str. 1, 85599 Parsdorf', 'Herkunftsland': 'Italien', 'Allergenhinweis': 'HARTZWEIZENGRIEß. Kann Spuren von Soja enthalten.', 'Inhalt': '500 g', 'Zutaten': 'HARTZWEIZENGRIEß (GLUTEN), Wasser. Kann Spuren von Soja enthalten.', 'Produkttyp': 'Nudeln & Pasta'}||||||||||||||0|0|2747164_1.png|https://static.mueller.de/6958433438-PV-0/pdzoom/kaefer-fusilli.webp||||||||||||||||||||||Feinkost Käfer GmbH||||||||||500 g|||False||2747164P|||||||||1
2879227|mueller||||||||2024-10-28|Grußkarte mit Holzschriftzug Geburtstag 03 Päckchen|DIE LASEREI||1|Stk.|Home|Schreibwaren|Bastelbedarf|Geschenkverpackungen|Grußkarte mit Holzschriftzug Geburtstag 03 Päckchen|||5,50 €|5,50 €||||||||||||||EUR|Home> Schreibwaren> Bastelbedarf> Geschenkverpackungen> Grußkarte mit Holzschriftzug Geburtstag 03 Päckchen|https://www.mueller.at/p/grusskarte-mit-holzschriftzug-geburtstag-03-paeckchen-IPN2879227/|1 Stk.|Die faltbare Grußkarte wird aus Papier angefertigt und wird an der Vorderseite mit einem 3D Schriftzug aus Nussholz verfeinert . Auf der Innenseite können Sie die Karte nach Belieben per Hand (Kugelschreiber, Faserstift...) mit Ihren persönlichen Grußworten beschreiben. Die Karte wird mit einem braunen Kuvert in Zellophanpapier verpackt und ist somit bereit zum Verschenken.||||||||||||||||||||||Non-Organic||||{'scope_of_delivery': '1 Stück inkl. Kuvert', 'manufacturer': 'holzgrusskarten.at - Die Laserei', 'Herstelleradresse': 'Wiesenweg 2 ,3632 Bad Traunstein', 'Artikelnummer des Herstellers': 'GHS033', 'Höhe': '150 mm', 'Tiefe': '2 mm', 'Inhalt': '1 Stk.'}||||||||||||||0|0|2879227_1.png|https://static.mueller.de/pdzoom/9120110666710_01.webp|2879227_2.png|https://static.mueller.de/pdzoom/9120110666710_02.webp||||||||||||||||||||holzgrusskarten.at - Die Laserei||||||||||1 Stk.|||True||2879227P|||||||||10
2879228|mueller||||||||2024-10-28|Grußkarte mit Holzschriftzug Geburtstag 04 Blume|DIE LASEREI||1|Stk.|Home|Schreibwaren|Bastelbedarf|Geschenkverpackungen|Grußkarte mit Holzschriftzug Geburtstag 04 Blume|||5,50 €|5,50 €||||||||||||||EUR|Home> Schreibwaren> Bastelbedarf> Geschenkverpackungen> Grußkarte mit Holzschriftzug Geburtstag 04 Blume|https://www.mueller.at/p/grusskarte-mit-holzschriftzug-geburtstag-04-blume-IPN2879228/|1 Stk.|Die faltbare Grußkarte wird aus Papier angefertigt und wird an der Vorderseite mit einem 3D Schriftzug aus Nussholz verfeinert . Auf der Innenseite können Sie die Karte nach Belieben per Hand (Kugelschreiber, Faserstift...) mit Ihren persönlichen Grußworten beschreiben. Die Karte wird mit einem braunen Kuvert in Zellophanpapier verpackt und ist somit bereit zum Verschenken.||||||||||||||||||||||Non-Organic||||{'scope_of_delivery': '1 Stück inkl. Kuvert', 'manufacturer': 'holzgrusskarten.at - Die Laserei', 'Herstelleradresse': 'Wiesenweg 2 ,3632 Bad Traunstein', 'Artikelnummer des Herstellers': 'GHS034', 'Höhe': '150 mm', 'Tiefe': '2 mm', 'Inhalt': '1 Stk.'}||||||||||||||0|0|2879228_1.png|https://static.mueller.de/pdzoom/9120110666727_01.webp|2879228_2.png|https://static.mueller.de/pdzoom/9120110666727_02.webp||||||||||||||||||||holzgrusskarten.at - Die Laserei||||||||||1 Stk.|||True||2879228P|||||||||5
2879229|mueller||||||||2024-10-28|Grußkarte mit Holzschriftzug Geburtstag 05 Blume Stiel|DIE LASEREI||1|Stk.|Home|Schreibwaren|Bastelbedarf|Geschenkverpackungen|Grußkarte mit Holzschriftzug Geburtstag 05 Blume Stiel|||5,50 €|5,50 €||||||||||||||EUR|Home> Schreibwaren> Bastelbedarf> Geschenkverpackungen> Grußkarte mit Holzschriftzug Geburtstag 05 Blume Stiel|https://www.mueller.at/p/grusskarte-mit-holzschriftzug-geburtstag-05-blume-stiel-IPN2879229/|1 Stk.|Die faltbare Grußkarte wird aus Papier angefertigt und wird an der Vorderseite mit einem 3D Schriftzug aus Nussholz verfeinert . Auf der Innenseite können Sie die Karte nach Belieben per Hand (Kugelschreiber, Faserstift...) mit Ihren persönlichen Grußworten beschreiben. Die Karte wird mit einem braunen Kuvert in Zellophanpapier verpackt und ist somit bereit zum Verschenken.||||||||||||||||||||||Non-Organic||||{'scope_of_delivery': '1 Stück inkl. Kuvert', 'manufacturer': 'holzgrusskarten.at - Die Laserei', 'Herstelleradresse': 'Wiesenweg 2 ,3632 Bad Traunstein', 'Artikelnummer des Herstellers': 'GHS035', 'Höhe': '150 mm', 'Tiefe': '2 mm', 'Inhalt': '1 Stk.'}||||||||||||||0|0|2879229_1.png|https://static.mueller.de/pdzoom/9120110666734_01.webp|2879229_2.png|https://static.mueller.de/pdzoom/9120110666734_02.webp||||||||||||||||||||holzgrusskarten.at - Die Laserei||||||||||1 Stk.|||True||2879229P|||||||||10
2786735|mueller||||||||2024-10-28|WILLI DUNGL Bio-Bonbons Natürlich Immun|WILLI DUNGL||65|g|Home|Drogerie|Lebensmittel|Süßigkeiten|Bonbons & Lutscher|WILLI DUNGL Bio-Bonbons Natürlich Immun||2,25 €|2,25 €|||||||||||34,62 € / 1 kg|||EUR|Home> Drogerie> Lebensmittel> Süßigkeiten> Bonbons & Lutscher> WILLI DUNGL Bio-Bonbons Natürlich Immun|https://www.mueller.at/p/willi-dungl-bio-bonbons-natuerlich-immun-2786735/|65 g|Willi Dungl® NATÜRLICH IMMUN Bio Bonbons mit Vitamin C und Waldbeergeschmack enthalten hochwertige Zutaten aus biologischem Anbau. Wertvolles Vitamin C, das zu einer normalen Funktion des Immunsystems beiträgt, gewinnt NATÜRLICH IMMUN aus der Acerolakirsche. Das natürliche Aroma der Heidelbeere, Erdbeere und schwarzen Johannisbeere sorgt für einen fruchtigen Geschmack.||Vor Wärme geschützt und trocken lagern.|||DE||||||{'Nährwerte je': '100g', 'Brennwert': '1642kJ kj / 386 kcal', 'Fett in g': '<0,5', '- davon gesättigte Fettsäuren in g': '<0,1', 'Kohlenhydrate in g': '96', '- davon Zucker in g': '77', 'Eiweiß in g': '0', 'Salz in g': '0.03'}|||||||||||Organic||||{'Lagerhinweis': 'Vor Wärme geschützt und trocken lagern.', 'manufacturer': 'Teekanne GmbH Austria', 'Herstelleradresse': 'Münchner Bundesstraße 120, 5020 Salzburg Österreich', 'Kontaktmöglichkeit': 'office@teekanne.at', 'Herkunftsland': 'DE', 'Öko-Kontrollstelle': 'DE-ÖKO-001', 'Inhalt': '65 g', 'Bio': 'Ja', 'Zutaten': 'Glukosesirup*, Zucker*, Säuerungsmittel: Citronensäure; Acerolapulver*, natürliches Heidelbeeraroma, natürliches Erdbeeraroma, natürliches Schwarze Johannisbeeraroma, Aroniasaftkonzentrat* Drei Bonbons enthalten durchschnittlich 15% der Tagesdosis an Vitamin C. Bitte achten Sie auf eine abwechslungsreiche und gesunde Lebensweise. *aus kontrolliert biologischem Anbau', 'Produkttyp': 'Bonbons & Kaubonbons'}||||||||||||||0|0|2786735_1.png|https://static.mueller.de/7079269533-PV-0/pdzoom/willi-dungl-bio-bonbons-natuerlich-immun.webp||||||||||||||||||||||Teekanne GmbH Austria||||||||||65 g|||True||2786735P|||||||||5
2879221|mueller||||||||2024-10-28|VTech - Switch-Go-Dinos - Surprise Ei, Spielfigur & Fahrzeug (verwandelbar)|VTECH||1|Stk.|Home|Spielwaren|Elektronisches Spielzeug|Lern- & Spielcomputer|VTech - Switch-Go-Dinos - Surprise Ei, Spielfigur & Fahrzeug (verwandelbar)|||14,99 €|14,99 €|14,99 €|10,99 €||||27%|Sie sparen 27%|||||||EUR|Home> Spielwaren> Elektronisches Spielzeug> Lern- & Spielcomputer> VTech - Switch-Go-Dinos - Surprise Ei, Spielfigur & Fahrzeug (verwandelbar)|https://www.mueller.at/p/vtech-switch-go-dinos-surprise-ei-spielfigur-fahrzeug-verwandelbar-IPN2879221/|1 Stk.|Überraschung! Welcher mächtige Dino wohl aus dem Ei schlüpft? Jedes Dino-Ei enthält einen von vier verschiedenen Dinos, die jeweils in zwei Farbvarianten erhältlich sind (T-Rex in Blau oder Gold, Velociraptor in Blau oder Orange, Triceratops in Grün oder Rot, Pterodaktylus in Grün oder Gelb). Das Dino-Ei leuchtet und macht Dino-Geräusche im Display. Für ausgeklügelten Spielspaß sorgt der Inhalt des Eis: Die im Bausatz enthaltenen +13 Bauteile können sowohl zu einem mächtigen Dino als auch zu einem coolen Fahrzeug zusammengebaut werden. Je nach Dino-Variante unterscheidet sich auch das Fahrzeug (Rennauto, Rennwagen (Einsitzer), Sportwagen, Helikopter). Beim Drücken der Kopftaste werden realistische Sätze und Geräusche abgespielt. Die roten LED Augen der Dinos leuchten auf. Mit Lautstärkeregler. Kindersicheres Batteriefach. Demobatterien sind enthalten.||||||||3 Jahre||||||||||||||Non-Organic||||"{'target_group': 'Kindergartenkinder|Grundschüler', 'Artikelnummer des Herstellers': '80-422504', 'Altersempfehlung ab': '3 Jahre', 'Batterie-Typ': 'Zn/C', 'Inhalt': '1 Stk.', 'Produkttyp': 'Computer für Vorschulkinder'}"||||||||||||||0|0|2879221_1.png|https://static.mueller.de/pdzoom/3417764225049.webp|2879221_2.png|https://static.mueller.de/pdzoom/3417764225049_3.webp|2879221_3.png|https://static.mueller.de/pdzoom/3417764225049_2.webp|2879221_4.png|https://static.mueller.de/pdzoom/3417764225049_6.webp|2879221_5.png|https://static.mueller.de/pdzoom/3417764225049_8.webp|2879221_6.png|https://static.mueller.de/pdzoom/3417764225049_4.webp||||||||||||80-422504||||||||||1 Stk.|||True||2879221P|||||||||10
2879222|mueller||||||||2024-10-28|Grußkarte Druck mit Holzschriftzug Blumenring|DIE LASEREI||1|Stk.|Home|Schreibwaren|Bastelbedarf|Geschenkverpackungen|Grußkarte Druck mit Holzschriftzug Blumenring|||5,90 €|5,90 €||||||||||||||EUR|Home> Schreibwaren> Bastelbedarf> Geschenkverpackungen> Grußkarte Druck mit Holzschriftzug Blumenring|https://www.mueller.at/p/grusskarte-druck-mit-holzschriftzug-blumenring-IPN2879222/|1 Stk.|Die faltbare Grußkarte wird aus bedrucktem Papier angefertigt und wird an der Vorderseite mit einem 3D Schriftzug aus Nussholz verfeinert . Auf der Innenseite können Sie die Karte nach Belieben per Hand (Kugelschreiber, Faserstift...) mit Ihren persönlichen Grußworten beschreiben. Die Karte wird mit einem Kuvert in creme in Zellophanpapier verpackt und ist somit bereit zum Verschenken.||||||||||||||||||||||Non-Organic||||{'scope_of_delivery': '1 Stück inkl. Kuvert', 'manufacturer': 'holzgrusskarten.at - Die Laserei', 'Herstelleradresse': 'Wiesenweg 2 ,3632 Bad Traunstein', 'Artikelnummer des Herstellers': 'GDH015', 'Höhe': '140 mm', 'Tiefe': '2 mm', 'Inhalt': '1 Stk.'}||||||||||||||0|0|2879222_1.png|https://static.mueller.de/pdzoom/9120110666130.webp||||||||||||||||||||||holzgrusskarten.at - Die Laserei||||||||||1 Stk.|||True||2879222P|||||||||10
2879223|mueller||||||||2024-10-28|Grußkarte Druck mit Holzschriftzug Großes Glück|DIE LASEREI||1|Stk.|Home|Schreibwaren|Bastelbedarf|Geschenkverpackungen|Grußkarte Druck mit Holzschriftzug Großes Glück|||5,90 €|5,90 €||||||||||||||EUR|Home> Schreibwaren> Bastelbedarf> Geschenkverpackungen> Grußkarte Druck mit Holzschriftzug Großes Glück|https://www.mueller.at/p/grusskarte-druck-mit-holzschriftzug-grosses-glueck-IPN2879223/|1 Stk.|Die faltbare Grußkarte wird aus bedrucktem Papier angefertigt und wird an der Vorderseite mit einem 3D Schriftzug aus Nussholz verfeinert . Auf der Innenseite können Sie die Karte nach Belieben per Hand (Kugelschreiber, Faserstift...) mit Ihren persönlichen Grußworten beschreiben. Die Karte wird mit einem Kuvert in creme in Zellophanpapier verpackt und ist somit bereit zum Verschenken.||||||||||||||||||||||Non-Organic||||{'scope_of_delivery': '1 Stück inkl. Kuvert', 'manufacturer': 'holzgrusskarten.at - Die Laserei', 'Herstelleradresse': 'Wiesenweg 2 ,3632 Bad Traunstein', 'Artikelnummer des Herstellers': 'GDH013', 'Höhe': '140 mm', 'Tiefe': '2 mm', 'Inhalt': '1 Stk.'}||||||||||||||0|0|2879223_1.png|https://static.mueller.de/pdzoom/9120110666116.webp||||||||||||||||||||||holzgrusskarten.at - Die Laserei||||||||||1 Stk.|||True||2879223P|||||||||9
2879225|mueller||||||||2024-10-28|Grußkarte mit Holzschriftzug Geburtstag 02 Luftballon|DIE LASEREI||1|Stk.|Home|Schreibwaren|Bastelbedarf|Geschenkverpackungen|Grußkarte mit Holzschriftzug Geburtstag 02 Luftballon|||5,50 €|5,50 €||||||||||||||EUR|Home> Schreibwaren> Bastelbedarf> Geschenkverpackungen> Grußkarte mit Holzschriftzug Geburtstag 02 Luftballon|https://www.mueller.at/p/grusskarte-mit-holzschriftzug-geburtstag-02-luftballon-IPN2879225/|1 Stk.|Die faltbare Grußkarte wird aus Papier angefertigt und wird an der Vorderseite mit einem 3D Schriftzug aus Nussholz verfeinert . Auf der Innenseite können Sie die Karte nach Belieben per Hand (Kugelschreiber, Faserstift...) mit Ihren persönlichen Grußworten beschreiben. Die Karte wird mit einem braunen Kuvert in Zellophanpapier verpackt und ist somit bereit zum Verschenken.||||||||||||||||||||||Non-Organic||||{'scope_of_delivery': '1 Stück inkl. Kuvert', 'manufacturer': 'holzgrusskarten.at - Die Laserei', 'Herstelleradresse': 'Wiesenweg 2 ,3632 Bad Traunstein', 'Artikelnummer des Herstellers': 'GHS032', 'Höhe': '150 mm', 'Tiefe': '2 mm', 'Inhalt': '1 Stk.'}||||||||||||||0|0|2879225_1.png|https://static.mueller.de/pdzoom/9120110666703.webp|2879225_2.png|https://static.mueller.de/pdzoom/9120110666703_02.webp||||||||||||||||||||holzgrusskarten.at - Die Laserei||||||||||1 Stk.|||True||2879225P|||||||||10
2169735|mueller||||||||2024-10-28|KÜCHENPROFI Gemüsehobel Vario|KÜCHENPROFI||1|Stk.|Home|Haushalt|Kochen & Backen|Küchenhelfer & -textilien|Spezialhelfer|KÜCHENPROFI Gemüsehobel Vario||37,99 €|37,99 €||||||||||||||EUR|Home> Haushalt> Kochen & Backen> Küchenhelfer & -textilien> Spezialhelfer> KÜCHENPROFI Gemüsehobel Vario|https://www.mueller.at/p/kuechenprofi-gemuesehobel-vario-2169735/|1 Stk.|"Für alle, die sich gesund ernähren und nicht stundenlang in der Küchen stehen möchten. Der KÜCHENPROFI Gemüsehobel VARIO aus der Serie Veggie-Fit passt perfekt dazu. 4 Messereinsätze und die verstellbare Schnittstärke garantieren vielfältige Einsatzmöglichkeiten. Das Gerät raspelt Obst und Gemüse von Apfel bis Zucchini in Scheiben, Stifte, grobe oder feine Raspeln. Der spezielle, extra scharfe Klingenstahl arbeitet schnell und gleichmäßig. Der Restehalter sorgt dafür, dass Sie auch kleine Stücke sicher zerkleinern können.  Ihre Lebensmittel landen knackig frisch in dem praktischen Auffangbehälter. Von dort wandern Möhren- oder Rote Beete-Raspeln in den Salat, die Apfelstifte landen auf dem Birchermüsli. Und dank VARIO wird Gemüse zum Star auf dem nächsten Kindergeburtstag. Wenn sich die Schlange aus Gurkenscheiben über den Teller windet und aus dem zum Maul geschnittenen Ende neckisch die Zunge aus roter Paprika ragt, greifen alle zu.

- 4 Schneideinsätze
- verstellbare Schnittstärke
- Obst und Gemüse in Bestform
- Material: rostfreier Edelstahl, Kunststoff
- inkl. 4 Messereinsätze für Scheiben, Stifte, grobe oder feine Raspeln
- Gummierter Griff
- Inklusive Restehalter
- Inklusive Restehalter"||||||||||||||||||||||Non-Organic||||{'Höhe': '11 cm', 'Breite': '37 cm', 'Tiefe': '10.7 cm', 'Inhalt': '1 Stk.'}||||||||||||||0|0|2169735_1.png|https://static.mueller.de/5832528570-PV-0/pdzoom/kuechenprofi-gemuesehobel-vario.webp|2169735_2.png|https://static.mueller.de/5832528570-PB-1/pdzoom/kuechenprofi-gemuesehobel-vario.webp|2169735_3.png|https://static.mueller.de/5832528570-PB-2/pdzoom/kuechenprofi-gemuesehobel-vario.webp|2169735_4.png|https://static.mueller.de/5832528570-PB-3/pdzoom/kuechenprofi-gemuesehobel-vario.webp|2169735_5.png|https://static.mueller.de/5832528570-PB-4/pdzoom/kuechenprofi-gemuesehobel-vario.webp|2169735_6.png|https://static.mueller.de/5832528570-PB-5/pdzoom/kuechenprofi-gemuesehobel-vario.webp||||||||||||||||||||||1 Stk.|||True||2169735P|||||||||10
2879226|mueller||||||||2024-10-28|VTech - Switch-Go-Dinos - 551264 OneClick-Mini-Wolf|VTECH||1|Stk.|Home|Spielwaren|Elektronisches Spielzeug|Lern- & Spielcomputer|VTech - Switch-Go-Dinos - 551264 OneClick-Mini-Wolf|||16,99 €|16,99 €|16,99 €|14,99 €||||12%|Sie sparen 12%|||||||EUR|Home> Spielwaren> Elektronisches Spielzeug> Lern- & Spielcomputer> VTech - Switch-Go-Dinos - 551264 OneClick-Mini-Wolf|https://www.mueller.at/p/vtech-switch-go-dinos-551264-oneclick-mini-wolf-IPN2879226/|1 Stk.|"Dieses rasante Polizeiauto kann mit nur einem Knopfdruck in einen mächtigen Wolf verwandelt werden

Mit nur wenigen Handgriffen kann der Wolf in das Polizeiauto zurückverwandelt werden
Mit coolen LED-Effekten in Rot
Beim Drücken der Taste werden (je nach Modus) realistische Sätze und Geräusche abgespielt
Zwei Spielmodi: Wolf und Polizeiauto. Jeder Modus wird automatisch ausgelöst, wenn die Transformation abgeschlossen ist
Mit Lautstärkeregler
Kindersicheres Batteriefach und Abschaltautomatik
Demobatterie ist enthalten
Produktmaße (B x T x H):
16.4 x 6.8 x 9 cm
Produktgewicht:
0.15 kg
Benötigte Batterien:
1 x AAA"||||||||3 Jahre||||||||||||||Non-Organic||||"{'target_group': 'Kindergartenkinder|Grundschüler', 'manufacturer': 'Vtech Electronics', 'Artikelnummer des Herstellers': '80-551264', 'license': 'VTech', 'Altersempfehlung ab': '3 Jahre', 'Altersempfehlung bis': '8 Jahre', 'Farbe': 'blau, schwarz, rot', 'Batterie-Typ': 'Zn/C', 'Inhalt': '1 Stk.', 'Produkttyp': 'Elektronische Spiele'}"||||||blau, schwarz, rot||||||||0|0|2879226_1.png|https://static.mueller.de/pdzoom/3417765512643.webp|2879226_2.png|https://static.mueller.de/pdzoom/3417765512643_2.webp|2879226_3.png|https://static.mueller.de/pdzoom/3417765512643_4.webp|2879226_4.png|https://static.mueller.de/pdzoom/3417765512643_3.webp|2879226_5.png|https://static.mueller.de/pdzoom/3417765512643_5.webp||||||||||||||Vtech Electronics||||||||||1 Stk.|||True||2879226P|||||||||10
2879081|mueller||||||||2024-10-28|VTech - Baby - 540404 Babys Pop-It-Tablet|VTECH||1|Stk.|Home|Spielwaren|Baby & Kleinkind|Interaktives Spielzeug|VTech - Baby - 540404 Babys Pop-It-Tablet|||19,99 €|19,99 €||||||||||||||EUR|Home> Spielwaren> Baby & Kleinkind> Interaktives Spielzeug> VTech - Baby - 540404 Babys Pop-It-Tablet|https://www.mueller.at/p/vtech-baby-540404-babys-pop-it-tablet-IPN2879081/|1 Stk.|"Babys Pop-It-Tablet verspricht musikalischen Spielspaß und schult nebenbei die Sinne des Babys! Formen und Farben werden hier spielerisch erlernt. Die neun Tasten aus Weichplastik leuchten und blinken zu Melodien und Musik. Außerdem haben sie verschiedene Reliefmuster und stimulieren so die taktile und visuelle Wahrnehmung.
Babys kunterbuntes Pop-It-Tablet verspricht musikalischen Spielspaß und schult nebenbei die Sinne des Babys!

Buntes Tablet mit praktischem Tragegriff und Rasselelementen
9 leuchtende Weichplastiktasten mit verschiedenen Reliefmustern regen den Tastsinn des Babys an und stimulieren die visuelle Wahrnehmung
Werden die Tasten gedrückt, löst dies lustige Sätze und Musik aus, und die Kinder lernen die ersten Formen und Farben
4 Klaviertasten lösen Musik und lustige Sätze zu den abgebildeten Tieren aus (Zebra, Giraffe, Nilpferd, Tiger)
Lerninhalte: Formen, Farben, Tiere
5 gesungene Lieder & 18 Melodien
Kindersicheres Batteriefach, Abschaltautomatik und Lautstärkeregler
Demobatterien sind enthalten
Produktmaße (B x T x H):
3.3 x 18.6 x 16.6 cm
Produktgewicht:
0.27 kg
Benötigte Batterien:
3 x AAA"||||||||6 Monate||||||||||||||Non-Organic||||"{'target_group': 'Säuglinge|Kleinkinder', 'Artikelnummer des Herstellers': '80-540404', 'Altersempfehlung ab': '6 Monate', 'Altersempfehlung bis': '36 Monate', 'Batterie-Typ': 'Zn/C', 'Inhalt': '1 Stk.', 'Produkttyp': 'Interaktive Spielpartner'}"||||||||||||||0|0|2879081_1.png|https://static.mueller.de/pdzoom/3417765404047.webp|2879081_2.png|https://static.mueller.de/pdzoom/3417765404047_3.webp|2879081_3.png|https://static.mueller.de/pdzoom/3417765404047_2.webp|2879081_4.png|https://static.mueller.de/pdzoom/3417765404047_4.webp||||||||||||||||80-540404||||||||||1 Stk.|||True||2879081P|||||||||10
2879082|mueller||||||||2024-10-28|VTech - Tut Tut Baby Flitzer - Postauto, Interaktives Babyauto|VTECH||1|Stk.|Home|Spielwaren|Baby & Kleinkind|Interaktives Spielzeug|VTech - Tut Tut Baby Flitzer - Postauto, Interaktives Babyauto|||9,99 €|9,99 €||||||||||||||EUR|Home> Spielwaren> Baby & Kleinkind> Interaktives Spielzeug> VTech - Tut Tut Baby Flitzer - Postauto, Interaktives Babyauto|https://www.mueller.at/p/vtech-tut-tut-baby-flitzer-postauto-interaktives-babyauto-IPN2879082/|1 Stk.|Hallo! Ich bin ein pünktliches Postauto! Spricht fröhliche Sätze, spielt kindgerechte Melodien und Lieder und macht lustige Geräusche. Eine leuchtende Taste zum Drücken. Zusätzliche Taste öffnet die Tür zur Ladefläche und löst passende Geräuscheffekte aus. Reagiert auf Bewegung der Räder. Reagiert auf die magischen Sensoren der Tut Tut. Baby Flitzer Spielsets (separat erhältlich). 3 gesungene Lieder. 6 Kindermelodien. Kindersicheres Batteriefach und Abschaltautomatik. Demobatterien enthalten.||||||||1 Jahre||||||||||||||Non-Organic||||"{'target_group': 'Kleinkinder|Kindergartenkinder', 'Artikelnummer des Herstellers': '80-561204', 'Altersempfehlung ab': '1 Jahre', 'Altersempfehlung bis': '5 Jahre', 'Batterie-Typ': 'Zn/C', 'Inhalt': '1 Stk.', 'Produkttyp': 'Interaktive Spielpartner'}"||||||||||||||0|0|2879082_1.png|https://static.mueller.de/pdzoom/3417765612046.webp|2879082_2.png|https://static.mueller.de/pdzoom/3417765612046_4.webp|2879082_3.png|https://static.mueller.de/pdzoom/3417765612046_3.webp|2879082_4.png|https://static.mueller.de/pdzoom/3417765612046_2.webp||||||||||||||||80-561204||||||||||1 Stk.|||True||2879082P|||||||||4
2879084|mueller||||||||2024-10-28|VTech - Tut Tut Baby Flitzer - Taxi, Interaktives Babyauto|VTECH||1|Stk.|Home|Spielwaren|Baby & Kleinkind|Interaktives Spielzeug|VTech - Tut Tut Baby Flitzer - Taxi, Interaktives Babyauto|||9,99 €|9,99 €||||||||||||||EUR|Home> Spielwaren> Baby & Kleinkind> Interaktives Spielzeug> VTech - Tut Tut Baby Flitzer - Taxi, Interaktives Babyauto|https://www.mueller.at/p/vtech-tut-tut-baby-flitzer-taxi-interaktives-babyauto-IPN2879084/|1 Stk.|Hallo! Ich bin ein tatkräftiges Taxi! Spricht fröhliche Sätze, spielt kindgerechte Melodien und Lieder und macht lustige Geräusche. Eine leuchtende Taste zum Drücken. Zusätzliche Taste bewegt das Taxischild und löst passende Geräuscheffekte aus. Reagiert auf Bewegung der Räder. Reagiert auf die magischen Sensoren der Tut Tut Baby Flitzer Spielsets (separat erhältlich). 3 gesungene Lieder. 6 Kindermelodien. Kindersicheres Batteriefach und Abschaltautomatik. Demobatterien enthalten.||||||||1 Jahre||||||||||||||Non-Organic||||"{'target_group': 'Kleinkinder|Kindergartenkinder', 'Artikelnummer des Herstellers': '80-561104', 'Altersempfehlung ab': '1 Jahre', 'Altersempfehlung bis': '5 Jahre', 'Batterie-Typ': 'Zn/C', 'Inhalt': '1 Stk.', 'Produkttyp': 'Interaktive Spielpartner'}"||||||||||||||0|0|2879084_1.png|https://static.mueller.de/pdzoom/3417765611049.webp|2879084_2.png|https://static.mueller.de/pdzoom/3417765611049_3.webp|2879084_3.png|https://static.mueller.de/pdzoom/3417765611049_2.webp|2879084_4.png|https://static.mueller.de/pdzoom/3417765611049_5.webp||||||||||||||||80-561104||||||||||1 Stk.|||True||2879084P|||||||||3
2879085|mueller||||||||2024-10-28|VTech - Tut Tut Baby Flitzer - 4-in-1-Rampe, Babyauto-Spielset|VTECH||1|Stk.|Home|Spielwaren|Baby & Kleinkind|Interaktives Spielzeug|VTech - Tut Tut Baby Flitzer - 4-in-1-Rampe, Babyauto-Spielset|||29,99 €|29,99 €|29,99 €|20,00 €||||33%|Sie sparen 33%|||||||EUR|Home> Spielwaren> Baby & Kleinkind> Interaktives Spielzeug> VTech - Tut Tut Baby Flitzer - 4-in-1-Rampe, Babyauto-Spielset|https://www.mueller.at/p/vtech-tut-tut-baby-flitzer-4-in-1-rampe-babyauto-spielset-IPN2879085/|1 Stk.|Mit der Tut Tut Baby Flitzer- 4-in-1-Rampe actionreiche Stunts machen! 4 verschiedene Aufbaumöglichkeiten. Fördern das fantasievolle Spiel und die Motorik. 1 Zickzack-Piste. 1 Duell-Schanze für 2 Flitzer. 1 Duell-Rampe für 2 Flitzer. 1 lange Launcher-Rampe. 3 magische Sensoren lösen Sätze, Melodien, Lieder und lustige Geräusche bei den Tut Tut Baby Flitzern mit magischer Erkennung aus. Enthält 1 Tut Tut Baby Flitzer Rennauto. 3 gesungene Lieder. 6 Kindermelodien. Kindersicheres Batteriefach und Abschaltautomatik. Demobatterien sind enthalten.||||||||1 Jahre||||||||||||||Non-Organic||||"{'target_group': 'Kleinkinder|Kindergartenkinder', 'Artikelnummer des Herstellers': '80-556504', 'Altersempfehlung ab': '1 Jahre', 'Altersempfehlung bis': '5 Jahre', 'Batterie-Typ': 'Zn/C', 'Inhalt': '1 Stk.', 'Produkttyp': 'Interaktive Spielpartner'}"||||||||||||||0|0|2879085_1.png|https://static.mueller.de/pdzoom/3417765565045_main.webp|2879085_2.png|https://static.mueller.de/pdzoom/3417765565045_PT03.webp|2879085_3.png|https://static.mueller.de/pdzoom/3417765565045_PT02.webp|2879085_4.png|https://static.mueller.de/pdzoom/3417765565045_PT07.webp|2879085_5.png|https://static.mueller.de/pdzoom/3417765565045_PT06.webp|2879085_6.png|https://static.mueller.de/pdzoom/3417765565045_PT01.webp||||||||||||80-556504||||||||||1 Stk.|||False||2879085P|||||||||1
2062688|mueller||||||||2024-10-28|Salus Darm-Care Kräuter-Tonikum plus|SALUS||250|ml|Home|Drogerie|Lebensmittel|Getränke|Säfte, Smoothies & Schorlen|Salus Darm-Care Kräuter-Tonikum plus||19,95 €|19,95 €|||||||||||79,80 € / 1 l|||EUR|Home> Drogerie> Lebensmittel> Getränke> Säfte, Smoothies & Schorlen> Salus Darm-Care Kräuter-Tonikum plus|https://www.mueller.at/p/salus-darm-care-kraeuter-tonikum-plus-2062688/|250 ml|Salus Darm-Care Kräuter-Tonikum plus ist ein wohlschmeckendes, fruchtig-würziges Tonikum, das zur Erhaltung der Darmgesundheit und Darmpflege beitragen kann. Die von Salus entwickelte Spezialrezeptur enthält insbesondere Calcium, Magnesium und Vitamin D3.    + Zur Erhaltung der Darmgesundheit*  + Mit Calcium und Magnesium  + Mit Vitamin D3  + Wohlschmeckend und bekömmlich    *)  + Calcium unterstützt die normale Funktion von Verdauungsenzymen und wird für den Erhalt der normalen Muskelfunktion benötigt.  + Magnesium ist an der normalen Muskelfunktion beteiligt und besitzt Bedeutung für die Zellteilung.  + Vitamin D3 ist wichtig für die normale Funktion des Immunsystems und den Erhalt der normalen Muskelfunktion und ist auch an der Zellteilung beteiligt.    Die Zutaten curcuminreicher Curcuma-Extrakt (mit 70 mg Curcumin pro Tagesmenge), Apfel-Pflaumenextrakt und Gewürz-Kräuterauszug dienen dem allgemeinen Wohlbefinden und dem Wohlgeschmack des Tonikums. Salus Darm-Care ist wie Balsam für den Darm. Das Tonikum ist kein Abführmittel. Die Tagesdosis ist 20ml.||Nach Anbruch innerhalb von vier Wochen aufbrauchen. Außerhalb der Reichweite von Kindern zu lagern. Nach dem Öffnen sofort gut verschließen und stehend im Kühlschrank aufbewahren. Ungeöffnete Flasche nicht über 25°C auf bewahren.|||Deutschland||||||{'Nährwerte je': '20ml', 'Brennwert': '100 kj / 23 kcal', 'Fett in g': '<0,5', '- davon gesättigte Fettsäuren in g': '<0,5', 'Kohlenhydrate in g': '5.8', '- davon Zucker in g': '3.4', 'Eiweiß in g': '<0,5', 'Salz in g': '0.02'}|||||||||||Non-Organic||||"{'Lagerhinweis': 'Nach Anbruch innerhalb von vier Wochen aufbrauchen. Außerhalb der Reichweite von Kindern zu lagern. Nach dem Öffnen sofort gut verschließen und stehend im Kühlschrank aufbewahren. Ungeöffnete Flasche nicht über 25°C auf bewahren.', 'manufacturer': 'SALUS Haus GmbH & Co. KG', 'Herstelleradresse': 'Bahnhofstr. 24, 83052 Bruckmühl', 'Kontaktmöglichkeit': '+49 8062 901 0', 'Herkunftsland': 'Deutschland', 'Inhalt': '250 ml', 'Eigenschaften': 'Glutenfrei|Vegan|vegetarisch gemaeß Rezeptur', 'Zutaten': 'Wässriger Gewürz-Kräuterauszug (39 %) (aus Curcuma, Pfefferminzblättern, Artischockenblättern, Rosmarinblättern und Ingwer), Apfel-Pflaumenextrakt (20 %), Pflaumenpüree-Konzentrat (10 %), Wasser, Ananassaftkonzentrat, Magnesiumgluconat, Calciumgluconat, Johannisbrotextrakt, Calciumlaktat, Magnesiumcitrat, Traubensaftkonzentrat, Curcumaextrakt (0,4 %), Apfelsaftkonzentrat, Verdickungsmittel (Guarkernmehl, Johannisbrotkernmehl, Pektin, Xanthan), natürliches Ananasaroma, Cholecalciferol (Vitamin D).', 'Produkttyp': 'Säfte'}"||||||||||||||0|0|2062688_1.png|https://static.mueller.de/6815019128-PV-0/pdzoom/salus-darm-care-kraeuter-tonikum-plus.webp||||||||||||||||||||||SALUS Haus GmbH & Co. KG||||||||||250 ml|||True||2062688P|||||||||10
2879078|mueller||||||||2024-10-28|VTech - Ready, Set, School - Leuchtendes Lernhandy|VTECH||1|Stk.|Home|Spielwaren|Elektronisches Spielzeug|Lern- & Spielcomputer|VTech - Ready, Set, School - Leuchtendes Lernhandy|||19,99 €|19,99 €||||||||||||||EUR|Home> Spielwaren> Elektronisches Spielzeug> Lern- & Spielcomputer> VTech - Ready, Set, School - Leuchtendes Lernhandy|https://www.mueller.at/p/vtech-ready-set-school-leuchtendes-lernhandy-IPN2879078/|1 Stk.|"Mit dem Leuchtenden Lernhandy ist Spaß für unterwegs garantiert! Dieses kindergerechte Spielzeughandy begleitet die Kinder bei ihren ersten Schritten in die digitale Welt. 10 Aktivitäten bergen Spiel- und Lernspaß in den Bereichen Zahlen, Zählen, Zeitkonzepte, Musik, Nachrichten und vielen mehr! Das Mikrofon kann zur Spracherkennung genutzt werden. Anrufe bei den Tierfreunden und Chatnachrichten mit dem Äffchen können simuliert werden.
Mit dem leuchtenden Lernhandy niedliche Tierfreunde anrufen und viele Apps entdecken!

12 verschiedene Aktivitäten und Spiele wie z.B. Tierfreunde anrufen, Emails, Zählspiel und Smilies senden
Spielend Zahlen, Zählen, Logik und Zeitkonzepte lernen
4 Tier-Tasten: Tierfreunde werden angerufen
10 App-Tasten, um zu Spielen, Email etc zu gelangen
5 verschiedene Klingeltöne zum Auswählen
Das Lernhandy leuchtet bei Anrufen in verschiedenen Farben
3 gesungene Lieder und 10 Melodien
Bildschirm mit niedlichen Animationen
Mikrofon für interaktives Rollenspiel
Kindersicheres Batteriefach, Abschaltautomatik und Lautstärkeregler
Demobatterien sind enthalten
Produktmaße (B x T x H).
15 x 8.5 x 2.3 cm
Produktgewicht.
0.16 kg
Benötigte Batterien.
2 x AA"||||||||3 Jahre||||||||||||||Non-Organic||||{'target_group': 'Kindergartenkinder', 'Artikelnummer des Herstellers': '80-529204', 'Altersempfehlung ab': '3 Jahre', 'Batterie-Typ': 'Zn/C', 'Inhalt': '1 Stk.', 'Produkttyp': 'Computer für Vorschulkinder'}||||||||||||||0|0|2879078_1.png|https://static.mueller.de/pdzoom/3417765292040.webp|2879078_2.png|https://static.mueller.de/pdzoom/3417765292040_2.webp|2879078_3.png|https://static.mueller.de/pdzoom/3417765292040_3.webp|2879078_4.png|https://static.mueller.de/pdzoom/3417765292040_4.webp|2879078_5.png|https://static.mueller.de/pdzoom/3417765292040_5.webp||||||||||||||80-529204||||||||||1 Stk.|||True||2879078P|||||||||10
2772446|mueller||||||||2024-10-28|Venom: Let There Be Carnage|||1|Stk.|Home|Multi-Media|Filme & TV|Action & Abenteuer|Venom: Let There Be Carnage|||7,99 €|7,99 €||||||||||||||EUR|Home> Multi-Media> Filme & TV> Action & Abenteuer> Venom: Let There Be Carnage|https://www.mueller.at/p/venom-let-there-be-carnage-2772446/|1 Stk.|"Eddie Brock (Tom Hardy) lebt nun schon seit einiger Zeit mit dem außerirdischen Parasiten Venom in seinem Körper und die beiden haben sich mehr oder weniger miteinander arrangiert. Auf der Suche nach seiner nächsten großen Story gelingt es dem Journalisten Eddie Brock, ein exklusives Interview mit dem verurteilten Mörder und Todeskandidaten Cletus Kasady (Woody Harrelson) zu führen, der Eddies Geheimnis entdeckt und zum Wirt für Carnage wird, einen bedrohlichen und furchterregenden Symbionten. 
Eddie und Venom müssen ihre zerstrittene Beziehung überwinden und zusammenarbeiten, um Carnage zu besiegen.  

Tom Hardy kehrt als tödlicher Beschützer Venom, einer der größten und komplexesten Charaktere von MARVEL, auf die große Leinwand zurück. Unter der Regie von Andy Serkis (Mowgli: Legend of the Jungle) spielen außerdem Michelle Williams und Naomie Harris als Shriek mit."|||||||||||||||Europa, Vorderasien, Afrika, Australien|||||||Non-Organic||||"{'medium': 'Blu-ray Disc', 'Untertitel': 'Deutsch,Englisch,Französisch,Türkisch,Arabisch,Holländisch,Hebräisch', 'manufacturer': 'Sony Pictures Entertainment Deutschland GmbH', 'Bildformat': '16:9|HD', 'Zusatzinfos / Bonusmaterial beim Film dabei': 'ÜBER EINE STUNDE BONUSMATERIAL AUF BLU-RAY DISC TM;\nOUTTAKES;\nGELÖSCHTE SZENEN;\nLET THERE BE… ACTION;\nEDDIE & VENOM: EIN SELTSAMES PAAR;\nDER KRANKE UND GESTÖRTE CLETUS KASADY;\nDAS KONZEPT FÜR CARNAGE;\nUND NOCH VIELES MEHR;', 'Inhalt': '1 Stk.', 'Hörfilmfassung': 'Französisch', 'Laufzeit in min (gesamt)': '97', 'Produktionsjahr': '2021', 'Produktionsland': 'USA', 'Regionalcode': 'Europa, Vorderasien, Afrika, Australien', 'Regisseur': 'Andy Serkis', 'Schauspieler': 'Tom Hardy,Michelle Williams,Naomie Harris,Reid Scott,Stephen Graham,Woody Harrelson', 'Special Edition': 'Nein', 'Tonformat-Sprache': 'Türkisch,Deutsch,Englisch,Französisch', 'packaging_type': 'Softbox', 'Hauptgenre': 'Action|Horror|Science Fiction|Comicverfilmung'}"||||||||||||||4.0|1|2772446_1.png|https://static.mueller.de/videojakob_4030521757899_pv_624019/pdzoom/venom-let-there-be-carnage.webp|2772446_2.png|https://static.mueller.de/pdzoom/videojakob_4030521757899_pr_624019-back.webp|2772446_3.png|https://static.mueller.de/videojakob_4030521757899_pd_66656074/pdzoom/venom-let-there-be-carnage.webp|2772446_4.png|https://static.mueller.de/videojakob_4030521757899_pd_66656305/pdzoom/venom-let-there-be-carnage.webp|2772446_5.png|https://static.mueller.de/videojakob_4030521757899_pd_66657098/pdzoom/venom-let-there-be-carnage.webp|2772446_6.png|https://static.mueller.de/videojakob_4030521757899_pd_66657320/pdzoom/venom-let-there-be-carnage.webp||||||||||||Sony Pictures Entertainment Deutschland GmbH||||||||||1 Stk.|||True||2772446P|||||||||5
2772449|mueller||||||||2024-10-28|Venom: Let There Be Carnage|||1|Stk.|Home|Multi-Media|Filme & TV|Action & Abenteuer|Venom: Let There Be Carnage|||4,99 €|4,99 €||||||||||||||EUR|Home> Multi-Media> Filme & TV> Action & Abenteuer> Venom: Let There Be Carnage|https://www.mueller.at/p/venom-let-there-be-carnage-2772449/|1 Stk.|"Eddie Brock (Tom Hardy) lebt nun schon seit einiger Zeit mit dem außerirdischen Parasiten Venom in seinem Körper und die beiden haben sich mehr oder weniger miteinander arrangiert. Auf der Suche nach seiner nächsten großen Story gelingt es dem Journalisten Eddie Brock, ein exklusives Interview mit dem verurteilten Mörder und Todeskandidaten Cletus Kasady (Woody Harrelson) zu führen, der Eddies Geheimnis entdeckt und zum Wirt für Carnage wird, einen bedrohlichen und furchterregenden Symbionten. 
Eddie und Venom müssen ihre zerstrittene Beziehung überwinden und zusammenarbeiten, um Carnage zu besiegen.  

Tom Hardy kehrt als tödlicher Beschützer Venom, einer der größten und komplexesten Charaktere von MARVEL, auf die große Leinwand zurück. Unter der Regie von Andy Serkis (Mowgli: Legend of the Jungle) spielen außerdem Michelle Williams und Naomie Harris als Shriek mit."||||||||||||||||||||||Non-Organic||||"{'medium': 'DVD', 'Untertitel': 'Deutsch,Englisch,Französisch,Türkisch,Arabisch,Holländisch,Hebräisch', 'manufacturer': 'Sony Pictures Entertainment Deutschland GmbH', 'Bildformat': '16:9', 'Zusatzinfos / Bonusmaterial beim Film dabei': 'LET THERE BE… ACTION', 'Inhalt': '1 Stk.', 'Hörfilmfassung': 'Französisch', 'Laufzeit in min (gesamt)': '96', 'Produktionsjahr': '2021', 'Produktionsland': 'USA', 'Regisseur': 'Andy Serkis', 'Schauspieler': 'Naomie Harris,Michelle Williams,Tom Hardy,Reid Scott,Stephen Graham,Woody Harrelson', 'Special Edition': 'Nein', 'Tonformat-Sprache': 'Deutsch,Englisch,Französisch', 'packaging_type': 'Softbox', 'Hauptgenre': 'Action|Horror|Science Fiction|Comicverfilmung'}"||||||||||||||0|0|2772449_1.png|https://static.mueller.de/videojakob_4030521757882_pv_624017/pdzoom/venom-let-there-be-carnage.webp|2772449_2.png|https://static.mueller.de/pdzoom/videojakob_4030521757882_pr_624017-back.webp|2772449_3.png|https://static.mueller.de/videojakob_4030521757882_pd_66625842/pdzoom/venom-let-there-be-carnage.webp|2772449_4.png|https://static.mueller.de/videojakob_4030521757882_pd_66626094/pdzoom/venom-let-there-be-carnage.webp|2772449_5.png|https://static.mueller.de/videojakob_4030521757882_pd_66626882/pdzoom/venom-let-there-be-carnage.webp|2772449_6.png|https://static.mueller.de/videojakob_4030521757882_pd_66627113/pdzoom/venom-let-there-be-carnage.webp||||||||||||Sony Pictures Entertainment Deutschland GmbH||||||||||1 Stk.|||True||2772449P|||||||||5
2747479|mueller||||||||2024-10-28|Veganz Soja-Medaillons|VEGANZ||250|g|Home|Naturshop|Lebensmittel|Nahrung|Fertiggerichte & Konserven|Fleischersatz|Veganz Soja-Medaillons|2,55 €|2,55 €|||||||||||10,20 € / 1 kg|||EUR|Home> Naturshop> Lebensmittel> Nahrung> Fertiggerichte & Konserven> Fleischersatz> Veganz Soja-Medaillons|https://www.mueller.at/p/veganz-soja-medaillons-2747479/|250 g|Texturiertes Sojaprotein in Medaillonform.||Trocken lagern und vor Wärme schützen.|||Slowakei|Kann Spuren von SELLERIE, GLUTENHALTIGEM GETREIDE, EI, MILCH und SULFIT enthalten.|||||{'Nährwerte je': '100g', 'Brennwert': '1365 kj / 323 kcal', 'Fett in g': '1,5', '- davon gesättigte Fettsäuren in g': '0,5', 'Kohlenhydrate in g': '17', '- davon Zucker in g': '6,9', 'Eiweiß in g': '53', 'Salz in g': '0,01'}|||||||||||Non-Organic||||"{'Lagerhinweis': 'Trocken lagern und vor Wärme schützen.', 'manufacturer': 'Veganz Group AG', 'Herstelleradresse': 'An den Kiefern 7, DE-14974 Ludwigsfelde', 'Kontaktmöglichkeit': 'info@veganz.de', 'Herkunftsland': 'Slowakei', 'Allergenhinweis': 'Kann Spuren von SELLERIE, GLUTENHALTIGEM GETREIDE, EI, MILCH und SULFIT enthalten.', 'Inhalt': '250 g', 'Eigenschaften': 'Vegan|Vegetarisch', 'Zutaten': 'SOJAMEHL teilentfettet.', 'Produkttyp': 'Fleischersatzprodukte', 'Zubereitungshinweis': 'Die Veganz Soja-Medaillons mit kochender Flüssigkeit (Wasser, Brühe, etc.) übergießen und ca. 10 Minuten („al dente“) ziehen lassen. Ausdrücken und nach Belieben weiterverarbeiten. 100g des Produkts ergeben die 2-3fache Menge küchenfertige Soja-Medaillons.'}"||||||||||||||5.0|3|2747479_1.png|https://static.mueller.de/6956151795-PV-0/pdzoom/veganz-soja-medaillons.webp||||||||||||||||||||||Veganz Group AG||||||||||250 g|||True||2747479P|||||||||10
2772435|mueller||||||||2024-10-28|Don't Breathe 2|||1|Stk.|Home|Multi-Media|Filme & TV|Horror|Don't Breathe 2|||9,99 €|9,99 €||||||||||||||EUR|Home> Multi-Media> Filme & TV> Horror> Don't Breathe 2|https://www.mueller.at/p/dont-breathe-2-2772435/|1 Stk.|In der packenden Fortsetzung des Erfolgsfilms zeigt DON'T BREATHE 2 wieder Norman Nordstrom (Stephen Lang), der sich seit mehreren Jahren in einer einsamen Hütte versteckt. Er lebt mit einem jungen Mädchen zusammen und hat sich somit die Familie neu erschaffen, die ihm von einem betrunkenen Autofahrer genommen worden war. Ihr ruhiges Leben wird zerstört, als eine Gruppe von Kriminellen das Mädchen entführt und Norman dazu zwingt, sich noch dunklerer und kreativerer Instinkte zu bedienen, um sie zu retten.|||||||||||||||"Nord- und Südamerika, Korea, Hongkong, Taiwan|Europa, Vorderasien, Afrika, Australien|Indien, China, Russland, Zentral- und Südasien"|||||||Non-Organic||||"{'medium': 'Blu-ray Disc', 'Untertitel': 'Deutsch,Englisch,Französisch,Türkisch,Arabisch,Holländisch', 'manufacturer': 'Sony Pictures Entertainment Deutschland GmbH', 'Bildformat': 'HD|Widescreen', 'Zusatzinfos / Bonusmaterial beim Film dabei': 'ALTERNATIVES ENDE;\nFreunde und Filmemacher Featurette;\nBad Man (Slang ist wieder da) Featurette;\nOptische Täuschung Featurette;\nAUDIOKOMMENTAR MIT DEN FILMEMACHERN;', 'Inhalt': '1 Stk.', 'Laufzeit in min (gesamt)': '98', 'Produktionsjahr': '2021', 'Produktionsland': 'USA', 'Regionalcode': 'Nord- und Südamerika, Korea, Hongkong, Taiwan|Europa, Vorderasien, Afrika, Australien|Indien, China, Russland, Zentral- und Südasien', 'Regisseur': 'Rodo Sayagues Mendez', 'Schauspieler': 'Stephen Lang,Adam Young,Bobby Schfield', 'Special Edition': 'Nein', 'Tonformat-Sprache': 'Deutsch,Englisch,Französisch', 'packaging_type': 'Softbox', 'Hauptgenre': 'Horror|Thriller & Krimi'}"||||||||||||||4.6667|3|2772435_1.png|https://static.mueller.de/videojakob_4030521758926_pv_622831/pdzoom/dont-breathe-2.webp|2772435_2.png|https://static.mueller.de/pdzoom/videojakob_4030521758926_pr_622831-back.webp|2772435_3.png|https://static.mueller.de/videojakob_4030521758926_pd_66631140/pdzoom/dont-breathe-2.webp|2772435_4.png|https://static.mueller.de/videojakob_4030521758926_pd_66632867/pdzoom/dont-breathe-2.webp|2772435_5.png|https://static.mueller.de/videojakob_4030521758926_pd_66634572/pdzoom/dont-breathe-2.webp|2772435_6.png|https://static.mueller.de/videojakob_4030521758926_pd_66635829/pdzoom/dont-breathe-2.webp||||||||||||Sony Pictures Entertainment Deutschland GmbH||||||||||1 Stk.|||True||2772435P|||||||||5
2772437|mueller||||||||2024-10-28|Don't Breathe 2|||1|Stk.|Home|Multi-Media|Filme & TV|Horror|Don't Breathe 2|||7,99 €|7,99 €||||||||||||||EUR|Home> Multi-Media> Filme & TV> Horror> Don't Breathe 2|https://www.mueller.at/p/dont-breathe-2-2772437/|1 Stk.|In der packenden Fortsetzung des Erfolgsfilms zeigt DON'T BREATHE 2 wieder Norman Nordstrom (Stephen Lang), der sich seit mehreren Jahren in einer einsamen Hütte versteckt. Er lebt mit einem jungen Mädchen zusammen und hat sich somit die Familie neu erschaffen, die ihm von einem betrunkenen Autofahrer genommen worden war. Ihr ruhiges Leben wird zerstört, als eine Gruppe von Kriminellen das Mädchen entführt und Norman dazu zwingt, sich noch dunklerer und kreativerer Instinkte zu bedienen, um sie zu retten.||||||||||||||||||||||Non-Organic||||"{'medium': 'DVD', 'Untertitel': 'Deutsch,Englisch,Französisch,Spanisch,Türkisch,Arabisch,Holländisch', 'manufacturer': 'Sony Pictures Entertainment Deutschland GmbH', 'Bildformat': 'Widescreen', 'Zusatzinfos / Bonusmaterial beim Film dabei': 'ALTERNATIVES ENDE;\nFreunde und Filmemacher Featurette;\nBad Man (Slang ist wieder da) Featurette;\nOptische Täuschung Featurette;\nAUDIOKOMMENTAR MIT DEN FILMEMACHERN;', 'Inhalt': '1 Stk.', 'Laufzeit in min (gesamt)': '94', 'Produktionsjahr': '2021', 'Produktionsland': 'USA', 'Regisseur': 'Rodo Sayagues Mendez', 'Schauspieler': 'Stephen Lang,Adam Young,Bobby Schfield', 'Special Edition': 'Nein', 'Tonformat-Sprache': 'Deutsch,Englisch,Französisch,Spanisch', 'packaging_type': 'Softbox', 'Hauptgenre': 'Horror|Thriller & Krimi'}"||||||||||||||0|0|2772437_1.png|https://static.mueller.de/videojakob_4030521758919_pv_622829/pdzoom/dont-breathe-2.webp|2772437_2.png|https://static.mueller.de/pdzoom/videojakob_4030521758919_pr_622829-back.webp|2772437_3.png|https://static.mueller.de/videojakob_4030521758919_pd_66614938/pdzoom/dont-breathe-2.webp|2772437_4.png|https://static.mueller.de/videojakob_4030521758919_pd_66616726/pdzoom/dont-breathe-2.webp|2772437_5.png|https://static.mueller.de/videojakob_4030521758919_pd_66618440/pdzoom/dont-breathe-2.webp|2772437_6.png|https://static.mueller.de/videojakob_4030521758919_pd_66619694/pdzoom/dont-breathe-2.webp||||||||||||Sony Pictures Entertainment Deutschland GmbH||||||||||1 Stk.|||True||2772437P|||||||||5
2904586|mueller||||||||2024-10-28|H&H Kinderbecher MATTEO|H&H||1|Stk.|Home|Spielwaren|Kostüme & Partyartikel|Trends|H&H Kinderbecher MATTEO|||8,99 €|8,99 €||||||||||||||EUR|Home> Spielwaren> Kostüme & Partyartikel> Trends> H&H Kinderbecher MATTEO|https://www.mueller.at/p/h-h-kinderbecher-matteo-IPN2904586/|1 Stk.|Der Personalisierte Kinderbecher besteht aus dem langlebigen, robusten aber leichten Material Melamin – somit ideal für kleine Kinderhände. Es wurde darauf geachtet, dass die Becher spülmaschinengeeignet sind. Ihr Fassungsvermögen beträgt 250ml.||||||||2 Jahre||||||||||||||Non-Organic||||"{'target_group': 'Kleinkinder|Kindergartenkinder|Grundschüler', 'Artikelnummer des Herstellers': '03225060066', 'Altersempfehlung ab': '2 Jahre', 'Inhalt': '1 Stk.', 'Produkttyp': 'Kleinspielzeug'}"||||||||||||||0|0|2904586_1.png|https://static.mueller.de/pdzoom/5099563201264_03225060066_Matteo.webp||||||||||||||||||||||03225060066||||||||||1 Stk.|||True||2904586P|||||||||9
2326868|mueller||||||||2024-10-28|WMF Sandwichtoaster LONO|WMF||1|Stk.|Home|Haushalt|Kochen & Backen|Küchengeräte|Weitere Geräte|WMF Sandwichtoaster LONO||94,99 €|94,99 €|94,99 €|74,99 €||||21%|Sie sparen 21%|||||||EUR|Home> Haushalt> Kochen & Backen> Küchengeräte> Weitere Geräte> WMF Sandwichtoaster LONO|https://www.mueller.at/p/wmf-sandwichtoaster-lono-2326868/|1 Stk.|"Lieblingssandwich entdeckt? Dann einfach in den WMF Lono Sandwich-Toaster legen, goldbraun knusprigkross toasten und fertig ist der leckere Snack. Egal ob XXL-Format oder doppelt belegt - dank der zweistufigen Höhenanpassung und den extra-großen Toastplatten können alle Arten von Sandwiches problemlos in Minutenschnelle zubereitet werden.

Edles Design aus hochwertigem Cromargan® matt
Platz für 2 Sandwiches in jeder Größe - von Standard- bis XXL-Toastscheiben (Sandwichgröße je max. 130 x 130 mm)
Variable Griff-Verriegelung mit 2-stufiger Höhenanpassung passt sich an die Sandwich-Dicke an
Platzsparende vertikale Aufbewahrung durch integrierte Kabelaufwicklung
Leichte Reinigung dank antihaftbeschichteter Toastplatten
LED-Bereitschaftsanzeige
Ein-/Ausschalter
"||||||||||||||||||||||Non-Organic||||{'scope_of_delivery': 'Sandwichtoaster', 'Modellnummer': '0415150011', 'Höhe': '8.8 cm', 'Breite': '23.6 cm', 'Tiefe': '26.3 cm', 'Inhalt': '1 Stk.'}|||||||0415150011|||||||0|0|2326868_1.png|https://static.mueller.de/6837715245-PV-0/pdzoom/wmf-sandwichtoaster-lono.webp|2326868_2.png|https://static.mueller.de/6837715245-PB-1/pdzoom/wmf-sandwichtoaster-lono.webp|2326868_3.png|https://static.mueller.de/6837715245-PB-2/pdzoom/wmf-sandwichtoaster-lono.webp||||||||||||||||||||||||||||1 Stk.|||True||2326868P|||||||||2
810328|mueller||||||||2024-10-28|Charlotte Meentzen NATUR PUR BALANCE Reinigungsgel|CHARLOTTE MEENTZEN||100|ml|Home|Parfümerie|Pflege|Gesichtspflege|Reinigung|Reinigungsgel|Charlotte Meentzen NATUR PUR BALANCE Reinigungsgel|17,40 €|17,40 €|||||||||||174,00 € / 1 l|||EUR|Home> Parfümerie> Pflege> Gesichtspflege> Reinigung> Reinigungsgel> Charlotte Meentzen NATUR PUR BALANCE Reinigungsgel|https://www.mueller.at/p/charlotte-meentzen-natur-pur-balance-reinigungsgel-810328/|100 ml|Das milde Reinigungsgel reinigt sanft und gründlich. Jojobaöl schützt vor dem Austrocknen der Haut und bewahrt die Lipid-Feuchtigkeits-Balance. Schisandra-Extrakt und Grüner Tee schützen vor Irritationen und beleben. Für reine und erfrischte Haut.||||||||||||||||||||||Non-Organic||||"{'PH-Hautneutral': 'Nein', 'target_group': 'Damen', 'manufacturer': 'Charlotte Meentzen Kräutervital Kosmetik GmbH', 'Herstelleradresse': 'Carl-Eschenbach-Str. 10, 01454 Radeberg', 'Kontaktmöglichkeit': 'info@meentzen.de', 'dermatologically_tested': 'Ja', 'Anwendungshinweis': 'Morgens und abends auf die feuchte Gesichtshaut auftragen und sanft massieren. Anschließend mit warmem Wasser abwaschen.', 'package_contents': 'Caprylic/Capric Triglyceride, Simmondsia Chinensis (Jojoba) Seed Oil, Decyl Cocoate, Glycerin, Aqua (Water), Sucrose Palmitate, Sucrose Laurate, Camellia Sinensis Leaf Extract, Schizandra Sphenanthera Fruit Extract, Bisabolol, Alcohol, Limonene, Rosmarinus Officinalis (Rosemary) Leaf Extract, Parfum (Fragrance), Helianthus Annuus (Sunflower) Seed Oil, Linalool', 'skin_type': 'unreine Haut|ölige Haut|Mischhaut', 'product_property': 'beruhigend|erfrischend|klärend|reinigend|pflegend', 'Inhalt': '100 ml', 'scope_of_application': 'Reinigung', 'Produkttyp': 'Reinigungsgel'}"||||||||||||||0|0|810328_1.png|https://static.mueller.de/338821632-PV-0/pdzoom/charlotte-meentzen-natur-pur-balance-reinigungsgel.webp|810328_2.png|https://static.mueller.de/338821632-VV-1/pdzoom/charlotte-meentzen-natur-pur-balance-reinigungsgel.webp||||||||||||||||||||Charlotte Meentzen Kräutervital Kosmetik GmbH||||||||||100 ml|Caprylic/Capric Triglyceride, Simmondsia Chinensis (Jojoba) Seed Oil, Decyl Cocoate, Glycerin, Aqua (Water), Sucrose Palmitate, Sucrose Laurate, Camellia Sinensis Leaf Extract, Schizandra Sphenanthera Fruit Extract, Bisabolol, Alcohol, Limonene, Rosmarinus Officinalis (Rosemary) Leaf Extract, Parfum (Fragrance), Helianthus Annuus (Sunflower) Seed Oil, Linalool||True||810328P|||||||||10
2747481|mueller||||||||2024-10-28|Veganz Soja-Schnetzel|VEGANZ||300|g|Home|Naturshop|Lebensmittel|Nahrung|Fertiggerichte & Konserven|Fleischersatz|Veganz Soja-Schnetzel|2,99 €|2,99 €|||||||||||9,97 € / 1 kg|||EUR|Home> Naturshop> Lebensmittel> Nahrung> Fertiggerichte & Konserven> Fleischersatz> Veganz Soja-Schnetzel|https://www.mueller.at/p/veganz-soja-schnetzel-2747481/|300 g|Texturiertes Sojaprotein in Streifenform.||Trocken lagern und vor Wärme schützen.|||Slowakei|Kann Spuren von SELLERIE, GLUTENHALTIGEM GETREIDE, EI, MILCH und SULFIT enthalten.|||||{'Nährwerte je': '100g', 'Brennwert': '1354 kj / 321 kcal', 'Fett in g': '0,9', '- davon gesättigte Fettsäuren in g': '0,2', 'Kohlenhydrate in g': '20', '- davon Zucker in g': '6,9', 'Eiweiß in g': '50', 'Salz in g': '<0,01'}|||||||||||Non-Organic||||"{'Lagerhinweis': 'Trocken lagern und vor Wärme schützen.', 'manufacturer': 'Veganz Group AG', 'Herstelleradresse': 'An den Kiefern 7, DE-14974 Ludwigsfelde', 'Kontaktmöglichkeit': 'info@veganz.de', 'Herkunftsland': 'Slowakei', 'Allergenhinweis': 'Kann Spuren von SELLERIE, GLUTENHALTIGEM GETREIDE, EI, MILCH und SULFIT enthalten.', 'Inhalt': '300 g', 'Eigenschaften': 'Vegan|Vegetarisch', 'Zutaten': 'SOJAMEHL teilentfettet.', 'Produkttyp': 'Fleischersatzprodukte', 'Zubereitungshinweis': 'Die Veganz Soja-Schnetzel mit kochender Flüssigkeit (Wasser, Brühe, etc.) übergießen und ca. 5-10 Minuten ziehen lassen. Ausdrücken und nach Belieben weiterverarbeiten.\n100g des Produkts ergeben die 2-3fache Menge küchenfertiger Soja-Schnetzel.'}"||||||||||||||5.0|2|2747481_1.png|https://static.mueller.de/6956151776-PV-0/pdzoom/veganz-soja-schnetzel.webp||||||||||||||||||||||Veganz Group AG||||||||||300 g|||True||2747481P|||||||||10
2904563|mueller||||||||2024-10-28|H&H Kinderbecher LUCA|H&H||1|Stk.|Home|Spielwaren|Kostüme & Partyartikel|Trends|H&H Kinderbecher LUCA|||8,99 €|8,99 €||||||||||||||EUR|Home> Spielwaren> Kostüme & Partyartikel> Trends> H&H Kinderbecher LUCA|https://www.mueller.at/p/h-h-kinderbecher-luca-IPN2904563/|1 Stk.|Der Personalisierte Kinderbecher besteht aus dem langlebigen, robusten aber leichten Material Melamin – somit ideal für kleine Kinderhände. Es wurde darauf geachtet, dass die Becher spülmaschinengeeignet sind. Ihr Fassungsvermögen beträgt 250ml.||||||||2 Jahre||||||||||||||Non-Organic||||"{'target_group': 'Kleinkinder|Kindergartenkinder|Grundschüler', 'Artikelnummer des Herstellers': '03225060061', 'Altersempfehlung ab': '2 Jahre', 'Inhalt': '1 Stk.', 'Produkttyp': 'Kleinspielzeug'}"||||||||||||||0|0|2904563_1.png|https://static.mueller.de/pdzoom/5099563201219_03225060061_Luca.webp||||||||||||||||||||||03225060061||||||||||1 Stk.|||True||2904563P|||||||||7
2904566|mueller||||||||2024-10-28|H&H Kinderbecher LUISA|H&H||1|Stk.|Home|Spielwaren|Kostüme & Partyartikel|Trends|H&H Kinderbecher LUISA|||8,99 €|8,99 €||||||||||||||EUR|Home> Spielwaren> Kostüme & Partyartikel> Trends> H&H Kinderbecher LUISA|https://www.mueller.at/p/h-h-kinderbecher-luisa-IPN2904566/|1 Stk.|Der Personalisierte Kinderbecher besteht aus dem langlebigen, robusten aber leichten Material Melamin – somit ideal für kleine Kinderhände. Es wurde darauf geachtet, dass die Becher spülmaschinengeeignet sind. Ihr Fassungsvermögen beträgt 250ml.||||||||2 Jahre||||||||||||||Non-Organic||||"{'target_group': 'Kleinkinder|Kindergartenkinder|Grundschüler', 'Artikelnummer des Herstellers': '03225060062', 'Altersempfehlung ab': '2 Jahre', 'Inhalt': '1 Stk.', 'Produkttyp': 'Kleinspielzeug'}"||||||||||||||0|0|2904566_1.png|https://static.mueller.de/pdzoom/5099563201226_03225060062_Luisa.webp||||||||||||||||||||||03225060062||||||||||1 Stk.|||True||2904566P|||||||||10
2326845|mueller||||||||2024-10-28|WMF Küchenminis Kaffeemaschine Aroma|WMF||1|Stk.|Home|Haushalt|Essen & Trinken|Kaffee & Tee|Kaffeemaschinen|WMF Küchenminis Kaffeemaschine Aroma||84,99 €|84,99 €|84,99 €|59,99 €||||29%|Sie sparen 29%|||||||EUR|Home> Haushalt> Essen & Trinken> Kaffee & Tee> Kaffeemaschinen> WMF Küchenminis Kaffeemaschine Aroma|https://www.mueller.at/p/wmf-kuechenminis-kaffeemaschine-aroma-2326845/|1 Stk.|"Klein, aber oho: Aromatischer Filterkaffee ab der ersten Tasse. Filterkaffee ist wieder im Trend. Die kompakte, formschöne WMF Filter-Kaffeemaschine mit Cromargan®-Gehäuse und formschöner Glaskanne für 5 Tassen brüht exakt die Menge, die man in kleineren Haushalten benötigt. Einfach zurücklehnen und aromatischen, heißen Kaffee ab der ersten Tasse genießen.
Die WMF Heißbrüh-Technologie und WMF Aroma Perfection mit individueller Anpassung der Aromastärke machen’s möglich. Die Warmhalteplatte mit Abschaltautomatik lässt den Kaffee in der Aromaglaskanne lange heiß bleiben. 

Gehäuse aus hochwertigem Cromargan® matt
Kaffeemaschine mit Aromaglaskanne für fünf Tassen à 125 ml
Kompaktes, platzsparendes Design
WMF Heißbrüh-Technologie für aromatischen Kaffee ab der ersten Tasse
Herausnehmbarer Filtereinsatz (Größe 2) mit Tropfstopp
Außenliegende Wasserstandsanzeige
Warmhalteplatte mit Abschaltautomatik
Einfache Wassertankbefüllung
Beleuchtete Starttaste
Leistung in Hz: 50-60
"||||||||||||||||||||||Non-Organic||||{'scope_of_delivery': '1x Stück', 'Modellnummer': '412270011', 'power_in_watts': '640 W', 'Höhe': '29.4 cm', 'Breite': '14.6 cm', 'Tiefe': '20.4 cm', 'Inhalt': '1 Stk.'}|||||||412270011|||||||4.5|2|2326845_1.png|https://static.mueller.de/6483626578-PV-0/pdzoom/wmf-kuechenminis-kaffeemaschine-aroma.webp|2326845_2.png|https://static.mueller.de/6483626578-VV-1/pdzoom/wmf-kuechenminis-kaffeemaschine-aroma.webp|2326845_3.png|https://static.mueller.de/6483626578-PB-2/pdzoom/wmf-kuechenminis-kaffeemaschine-aroma.webp|2326845_4.png|https://static.mueller.de/6483626578-PB-3/pdzoom/wmf-kuechenminis-kaffeemaschine-aroma.webp|2326845_5.png|https://static.mueller.de/6483626578-PB-4/pdzoom/wmf-kuechenminis-kaffeemaschine-aroma.webp|2326845_6.png|https://static.mueller.de/6483626578-PB-5/pdzoom/wmf-kuechenminis-kaffeemaschine-aroma.webp||||||||||||||||||||||1 Stk.|||True||2326845P|||||||||2
2904568|mueller||||||||2024-10-28|H&H Kinderbecher LUKAS|H&H||1|Stk.|Home|Spielwaren|Kostüme & Partyartikel|Trends|H&H Kinderbecher LUKAS|||8,99 €|8,99 €||||||||||||||EUR|Home> Spielwaren> Kostüme & Partyartikel> Trends> H&H Kinderbecher LUKAS|https://www.mueller.at/p/h-h-kinderbecher-lukas-IPN2904568/|1 Stk.|Der Personalisierte Kinderbecher besteht aus dem langlebigen, robusten aber leichten Material Melamin – somit ideal für kleine Kinderhände. Es wurde darauf geachtet, dass die Becher spülmaschinengeeignet sind. Ihr Fassungsvermögen beträgt 250ml.||||||||2 Jahre||||||||||||||Non-Organic||||"{'target_group': 'Kleinkinder|Kindergartenkinder|Grundschüler', 'Artikelnummer des Herstellers': '03225060063', 'Altersempfehlung ab': '2 Jahre', 'Inhalt': '1 Stk.', 'Produkttyp': 'Kleinspielzeug'}"||||||||||||||0|0|2904568_1.png|https://static.mueller.de/pdzoom/5099563201233_03225060063_Lukas.webp||||||||||||||||||||||03225060063||||||||||1 Stk.|||True||2904568P|||||||||10
2904570|mueller||||||||2024-10-28|H&H Kinderbecher MAJA|H&H||1|Stk.|Home|Spielwaren|Kostüme & Partyartikel|Trends|H&H Kinderbecher MAJA|||8,99 €|8,99 €||||||||||||||EUR|Home> Spielwaren> Kostüme & Partyartikel> Trends> H&H Kinderbecher MAJA|https://www.mueller.at/p/h-h-kinderbecher-maja-IPN2904570/|1 Stk.|Der Personalisierte Kinderbecher besteht aus dem langlebigen, robusten aber leichten Material Melamin – somit ideal für kleine Kinderhände. Es wurde darauf geachtet, dass die Becher spülmaschinengeeignet sind. Ihr Fassungsvermögen beträgt 250ml.||||||||2 Jahre||||||||||||||Non-Organic||||"{'target_group': 'Kleinkinder|Kindergartenkinder|Grundschüler', 'Artikelnummer des Herstellers': '03225060064', 'Altersempfehlung ab': '2 Jahre', 'Inhalt': '1 Stk.', 'Produkttyp': 'Kleinspielzeug'}"||||||||||||||0|0|2904570_1.png|https://static.mueller.de/pdzoom/5099563201240_03225060064_Maja.webp||||||||||||||||||||||03225060064||||||||||1 Stk.|||True||2904570P|||||||||7
2904572|mueller||||||||2024-10-28|H&H Kinderbecher MARIE|H&H||1|Stk.|Home|Spielwaren|Kostüme & Partyartikel|Trends|H&H Kinderbecher MARIE|||8,99 €|8,99 €||||||||||||||EUR|Home> Spielwaren> Kostüme & Partyartikel> Trends> H&H Kinderbecher MARIE|https://www.mueller.at/p/h-h-kinderbecher-marie-IPN2904572/|1 Stk.|Der Personalisierte Kinderbecher besteht aus dem langlebigen, robusten aber leichten Material Melamin – somit ideal für kleine Kinderhände. Es wurde darauf geachtet, dass die Becher spülmaschinengeeignet sind. Ihr Fassungsvermögen beträgt 250ml.||||||||2 Jahre||||||||||||||Non-Organic||||"{'target_group': 'Kleinkinder|Kindergartenkinder|Grundschüler', 'Artikelnummer des Herstellers': '03225060065', 'Altersempfehlung ab': '2 Jahre', 'Inhalt': '1 Stk.', 'Produkttyp': 'Kleinspielzeug'}"||||||||||||||0|0|2904572_1.png|https://static.mueller.de/pdzoom/5099563201257_03225060065_Marie.webp||||||||||||||||||||||03225060065||||||||||1 Stk.|||True||2904572P|||||||||1
2879034|mueller||||||||2024-10-28|Makotex - Haarclip Schiffchen Schwarz Weiß|MAKOTEX||1|Stk.|Home|Spielwaren|Kostüme & Partyartikel|Kostüme & Schminke|Makotex - Haarclip Schiffchen Schwarz Weiß|||7,99 €|7,99 €||||||||||||||EUR|Home> Spielwaren> Kostüme & Partyartikel> Kostüme & Schminke> Makotex - Haarclip Schiffchen Schwarz Weiß|https://www.mueller.at/p/makotex-haarclip-schiffchen-schwarz-weiss-IPN2879034/|1 Stk.|Makotex - Haarclip Schiffchen Schwarz Weiß||||||||14 Jahre||||||||||||||Non-Organic||||"{'target_group': 'Jugendliche|Erwachsene', 'Artikelnummer des Herstellers': '990981569', 'Altersempfehlung ab': '14 Jahre', 'Inhalt': '1 Stk.', 'Produkttyp': 'Sonstiges Kostümzubehör'}"||||||||||||||0|0|2879034_1.png|https://static.mueller.de/pdzoom/4039996425654.webp||||||||||||||||||||||990981569||||||||||1 Stk.|||False||2879034P|||||||||1
2879035|mueller||||||||2024-10-28|Makotex - Haarclip Schiffchen Blau|MAKOTEX||1|Stk.|Home|Spielwaren|Kostüme & Partyartikel|Kostüme & Schminke|Makotex - Haarclip Schiffchen Blau|||7,99 €|7,99 €||||||||||||||EUR|Home> Spielwaren> Kostüme & Partyartikel> Kostüme & Schminke> Makotex - Haarclip Schiffchen Blau|https://www.mueller.at/p/makotex-haarclip-schiffchen-blau-IPN2879035/|1 Stk.|Makotex - Haarclip Schiffchen Blau||||||||14 Jahre||||||||||||||Non-Organic||||"{'target_group': 'Jugendliche|Erwachsene', 'Artikelnummer des Herstellers': '998981569', 'Altersempfehlung ab': '14 Jahre', 'Inhalt': '1 Stk.', 'Produkttyp': 'Sonstiges Kostümzubehör'}"||||||||||||||0|0|2879035_1.png|https://static.mueller.de/pdzoom/4039996425647.webp||||||||||||||||||||||998981569||||||||||1 Stk.|||False||2879035P|||||||||1
2747462|mueller||||||||2024-10-28|KORRES BLACK PINE 4D BioShapeLift™ Serum|KORRES||40|ml|Home|Parfümerie|Pflege|Gesichtspflege|Spezialpflege|Seren & Ampullen|KORRES BLACK PINE 4D BioShapeLift™ Serum|66,90 €|66,90 €|||||||||||1 672,50 € / 1 l|||EUR|Home> Parfümerie> Pflege> Gesichtspflege> Spezialpflege> Seren & Ampullen> KORRES BLACK PINE 4D BioShapeLift™ Serum|https://www.mueller.at/p/korres-black-pine-4d-bioshapelift-serum-2747462/|40 ml|Zielgerichtetes Gel-Serum, mit Roll-on-Applikator, das die Kiefer-, Wangen- und Halspartie strafft und die Gesichts- und Halskonturen definierter aussehen lässt.|||||Griechenland|||||||||||||||||Non-Organic||||"{'target_group': 'Damen|Herren|Unisex', 'manufacturer': 'KORRES D-A-CH GmbH', 'Herstelleradresse': 'Max-Planck-Straße 6, D-85609 Aschheim-Dornach', 'Kontaktmöglichkeit': 'kontakt@korres-dach.de', 'Herkunftsland': 'Griechenland', 'Anwendungshinweis': 'Drehen Sie den Applikator auf die „ON“ Position und drücken sie die Tube leicht damit etwas Serum heraus kommt. Drehen Sie den Applikator danach wieder auf die „OFF“-Position. Im Kiefer-, Wangen und Halsbereich mit Aufwärtsbewegungen in die gereinigte Haut einmassieren und einziehen lassen. Überschüssiges Serum mit einem Tuch entfernen. Morgens und abends anwenden.', 'package_contents': 'AQUA/WATER/EAU, PROPANEDIOL, GLYCERIN, CAPRYLIC/CAPRIC TRIGLYCERIDE, SILICA, BACILLUS FERMENT, CYNARA SCOLYMUS (ARTICHOKE) LEAF EXTRACT, DEXTRAN, EPIGALLOCATECHIN GALLATE, EPIGALLOCATECHIN GALLATYL GLUCOSIDE, ETHYLHEXYLGLYCERIN, HYDROLYZED SODIUM HYALURONATE, ISOMALT, LACTIC ACID, LECITHIN, LONICERA CAPRIFOLIUM (HONEYSUCKLE) FLOWER EXTRACT, LONICERA JAPONICA (HONEYSUCKLE) FLOWER EXTRACT, LYCIUM BARBARUM CALLUS CULTURE EXTRACT, PINUS NIGRA BARK EXTRACT*, PINUS NIGRA BUD/NEEDLE EXTRACT*, POLYACRYLATE CROSSPOLYMER-6, SODIUM CARBOXYMETHYL BETA-GLUCAN, SODIUM HYALURONATE, SODIUM HYDROXIDE, SPILANTHES ACMELLA FLOWER EXTRACT, TRIFLUOROACETYL TRIPEPTIDE-2, XANTHAN GUM, BENZYL ALCOHOL, PHENOXYETHANOL, POTASSIUM SORBATE, SODIUM BENZOATE, PARFUM/FRAGRANCE.\n*KORRES BLACK PINE EXTRACTS', 'skin_type': 'reife Haut', 'product_property': 'glättend|festigend|straffend', 'Inhalt': '40 ml', 'scope_of_application': 'Spezialpflege', 'Produkttyp': 'Serum'}"||||||||||||||0|0|2747462_1.png|https://static.mueller.de/6957287807-PV-0/pdzoom/korres-black-pine-4d-bioshapelift-serum.webp||||||||||||||||||||||KORRES D-A-CH GmbH||||||||||40 ml|"AQUA/WATER/EAU, PROPANEDIOL, GLYCERIN, CAPRYLIC/CAPRIC TRIGLYCERIDE, SILICA, BACILLUS FERMENT, CYNARA SCOLYMUS (ARTICHOKE) LEAF EXTRACT, DEXTRAN, EPIGALLOCATECHIN GALLATE, EPIGALLOCATECHIN GALLATYL GLUCOSIDE, ETHYLHEXYLGLYCERIN, HYDROLYZED SODIUM HYALURONATE, ISOMALT, LACTIC ACID, LECITHIN, LONICERA CAPRIFOLIUM (HONEYSUCKLE) FLOWER EXTRACT, LONICERA JAPONICA (HONEYSUCKLE) FLOWER EXTRACT, LYCIUM BARBARUM CALLUS CULTURE EXTRACT, PINUS NIGRA BARK EXTRACT*, PINUS NIGRA BUD/NEEDLE EXTRACT*, POLYACRYLATE CROSSPOLYMER-6, SODIUM CARBOXYMETHYL BETA-GLUCAN, SODIUM HYALURONATE, SODIUM HYDROXIDE, SPILANTHES ACMELLA FLOWER EXTRACT, TRIFLUOROACETYL TRIPEPTIDE-2, XANTHAN GUM, BENZYL ALCOHOL, PHENOXYETHANOL, POTASSIUM SORBATE, SODIUM BENZOATE, PARFUM/FRAGRANCE.
*KORRES BLACK PINE EXTRACTS"||False||2747462P|||||||||1
2747463|mueller||||||||2024-10-28|Oral-B Elektrische Zahnbürste Pulsonic Slim Luxe 4900 Schwarz/Rosegold mit 2. Handstück|ORAL-B||2|Stk.|Home|Haushalt|Schönheit & Gesundheit|Mundhygiene|Oral-B Elektrische Zahnbürste Pulsonic Slim Luxe 4900 Schwarz/Rosegold mit 2. Handstück|||199,99 €|199,99 €|199,99 €|99,00 €||||50%|Sie sparen 50%||||495,00 € / 10 Stk.|||EUR|Home> Haushalt> Schönheit & Gesundheit> Mundhygiene> Oral-B Elektrische Zahnbürste Pulsonic Slim Luxe 4900 Schwarz/Rosegold mit 2. Handstück|https://www.mueller.at/p/oral-b-elektrische-zahnbuerste-pulsonic-slim-luxe-4900-schwarz-rosegold-mit-2-handstueck-2747463/|2 Stk.|Ultra-schlanke & super-leichte Schallzahnbürste für gesünderes Zahnfleisch in 4 Wochen! Die Oral-B Pulsonic Slim Luxe entfernt mit sanfter Schalltechnologie und 31.000 Bürstenkopfbewegungen pro Minute mehr Plaque als eine herkömmliche Handzahnbürste. Der längliche Bürstenkopf sorgt mit vibrierenden, abgerundeten Borsten für eine sanfte Reinigung und gesünderes Zahnfleisch. Erleben Sie ein individuelles Zahnputzerlebnis mit drei verschiedenen Reinigungsmodi: Tägliche Reinigung, Aufhellen & Sensitiv. Der professionelle Timer erinnert Sie zusätzlich daran, die von Zahnärzten empfohlene Putzzeit von 2 Minuten einzuhalten. DOPPELPACK: Die Pulsonic Slim Luxe mit 2. Zahnbürste - Ideal für Paare, Familien & ReisendeUltra-schlanke & super-leichte Schallzahnbürste für gesünderes Zahnfleisch in 4 WochenEntfernt mit sanfter Schalltechnologie und 31.000 Bürstenkopfbewegungen pro Minute mehr Plaque als eine herkömmliche HandzahnbürsteExtra Zahnfleischschutz dank vibrierenden, abgerundeten Borsten3 Putzprogramme: Tägliche Reinigung, Aufhellen und SensitivDer Akku hält mit einer Vollladung bis zu 2 WochenLieferumfang: 2 elektrische Schallzahnbürsten mit Ladestation, 2 Aufsteckbürsten||||||||||||||||||||||Non-Organic||||{'manufacturer': 'Braun GmbH', 'Herstelleradresse': 'Frankfurter Str.145, 61476 Kronberg, Germany', 'Kontaktmöglichkeit': 'dekontakt.im@pg.com', 'Batterie-Typ': 'NiMh', 'Inhalt': '2 Stk.', 'Anzahl enthaltene Batterien': '2', 'Anzahl erforderliche Batterien': '2', 'Batterien eingebaut': 'Ja', 'Batterien erforderlich': 'Ja'}||||||||||||||4.6716|134|2747463_1.png|https://static.mueller.de/markant_04210201396345_pv_3264002/pdzoom/oral-b-elektrische-zahnbuerste-pulsonic-slim-luxe-4900-schwarz-rosegold-mit-2-handstueck.webp|2747463_2.png|https://static.mueller.de/markant_04210201396345_pv_3217728/pdzoom/oral-b-elektrische-zahnbuerste-pulsonic-slim-luxe-4900-schwarz-rosegold-mit-2-handstueck.webp|2747463_3.png|https://static.mueller.de/markant_04210201396345_pr_3225572/pdzoom/oral-b-elektrische-zahnbuerste-pulsonic-slim-luxe-4900-schwarz-rosegold-mit-2-handstueck.webp|2747463_4.png|https://static.mueller.de/markant_04210201396345_pd_3217729/pdzoom/oral-b-elektrische-zahnbuerste-pulsonic-slim-luxe-4900-schwarz-rosegold-mit-2-handstueck.webp|2747463_5.png|https://static.mueller.de/markant_04210201396345_pd_3225571/pdzoom/oral-b-elektrische-zahnbuerste-pulsonic-slim-luxe-4900-schwarz-rosegold-mit-2-handstueck.webp||||||||||||||Braun GmbH||||||||||2 Stk.|||True||2747463P||||Prüfen Sie das Kabel regelmäßig auf Beschädigungen. Falls das Kabel beschädigt ist, bringen Sie es in ein Servicecenter von Oral-B und Braun. Beschädigte oder nicht funktionstüchtige Geräte dürfen nicht länger benutzt werden. Nicht für den Gebrauch von Kindern unter 3 Jahren geeignet. Dieses Gerät ist nicht für den Gebrauch von Kindern oder Menschen mit eingeschränkten körperlichen, sensorischen oder geistigen Fähigkeiten geeignet, sofern sie nicht von einer für ihre Sicherheit verantwortlichen Person dabei beaufsichtigt werden. Grundsätzlich wird empfohlen, das Gerät außerhalb der Reichweite von Kindern aufzubewahren. Kinder sollten beaufsichtigt werden, um sicherzustellen, dass sie nicht mit dem Gerät spielen. Falls das Produkt herunterfällt, sollte der Bürstenkopf vor dem nächsten Gebrauch ausgetauscht werden, auch wenn kein sichtbarer Schaden entstanden ist. Achten Sie beim Aufstellen und Aufbewahren darauf, dass das Produkt nicht in eine Wanne oder ein Waschbecken fallen oder hine|||||10
2879053|mueller||||||||2024-10-28|Jean&Len Trockenshampoo Frische & Geschmeidigkeit|JEAN&LEN||200|ml|Home|Drogerie|Pflege|Haarpflege|Haarwäsche|Trockenshampoo|Jean&Len Trockenshampoo Frische & Geschmeidigkeit|4,45 €|4,45 €|||||||||||22,25 € / 1 l|||EUR|Home> Drogerie> Pflege> Haarpflege> Haarwäsche> Trockenshampoo> Jean&Len Trockenshampoo Frische & Geschmeidigkeit|https://www.mueller.at/p/jean-len-trockenshampoo-frische-geschmeidigkeit-IPN2879053/|200 ml|Für langanhaltend frisches Haar ganz ohne Haarewaschen.,Keine weißen Rückstände.,Kein fettiger Haaransatz,Das Haar duftet fruchtig frisch nach Mango. veganohne Parabene und Silikoneohne Mineralölohne flüssiges Mikroplastikohne Inhaltsstoffe tierischen Ursprungs||Vor Sonnenbestrahlung schützen. Nicht Temperaturen über 50 °C/ 122 °F aussetzen. Von Hitze, heißen Oberflächen, Funken, offenen Flammen und anderen Zündquellen fernhalten.||||||||||||||||||||Non-Organic||||"{'hair_type': 'alle Haartypen', 'Lagerhinweis': 'Vor Sonnenbestrahlung schützen. Nicht Temperaturen über 50 °C/ 122 °F aussetzen. Von Hitze, heißen Oberflächen, Funken, offenen Flammen und anderen Zündquellen fernhalten.', 'Effekt': 'pflegend', 'target_group': 'Unisex|Damen|Herren', 'manufacturer': 'Jean & Len GmbH', 'Herstelleradresse': 'Brunnenstraße 31 72505 Krauchenwies', 'Kontaktmöglichkeit': 'hallo@jeanlen.de', 'dermatologically_tested': 'Ja', 'Anwendungshinweis': 'Anwendung: Vor Gebrauch gut schütteln. Aus ca. 20 - 30 cm Entfernung auf das trockene Haar sprühen. Dose dabei aufrecht halten. Nicht ausspülen. Nicht in die Augen sprühen. Nicht rauchen. Nicht gegen offene Flamme oder andere Zündquelle sprühen. Nicht durchstechen oder verbrennen, auch nicht nach Gebrauch', 'package_contents': 'Butane Propane Alcohol Denat. Oryza Sativa (Rice) Starch Tocopheryl Acetate Cetrimonium Chloride Distearyldimonium Chloride Aqua Parfum Citral Hexyl Cinnamal Limonene Linalool', 'product_property': 'reinigend', 'Inhalt': '200 ml', 'Produkttyp': 'Trockenshampoo'}"||||||||||||||0|0|2879053_1.png|https://static.mueller.de/markant_04260702188239_pv_3775737/pdzoom/jean-len-trockenshampoo-frische-geschmeidigkeit.webp|2879053_2.png|https://static.mueller.de/pdzoom/2800100123_4260702188239_12062024.webp||||||||||||||||||||Jean & Len GmbH||||||||||200 ml|Butane Propane Alcohol Denat. Oryza Sativa (Rice) Starch Tocopheryl Acetate Cetrimonium Chloride Distearyldimonium Chloride Aqua Parfum Citral Hexyl Cinnamal Limonene Linalool||True||2879053P||||Gefahr Extrem entzündbares Aerosol. Behälter steht unter Druck: Kann bei Erwärmung bersten. Von Hitze, heißen Oberflächen, Funken, offenen Flammen und anderen Zündquellen fernhalten. Nicht rauchen. Nicht gegen offene Flamme oder andere Zündquelle sprühen. Nicht durchstechen oder verbrennen, auch nicht nach Gebrauch. Vor Sonnenbestrahlung schützen. Nicht Temperaturen über 50 °C/ 122 °F aussetzen. Darf nicht in die Hände von Kindern gelangen. Nicht in die Augen sprühen.|||||10
2747469|mueller||||||||2024-10-28|Veganz BIO Bliss Balls Nougat Core|VEGANZ||40|g|Home|Drogerie|Lebensmittel|Süßigkeiten|Snacks & Riegel|Veganz BIO Bliss Balls Nougat Core||1,95 €|1,95 €|||||||||||48,75 € / 1 kg|||EUR|Home> Drogerie> Lebensmittel> Süßigkeiten> Snacks & Riegel> Veganz BIO Bliss Balls Nougat Core|https://www.mueller.at/p/veganz-bio-bliss-balls-nougat-core-2747469/|40 g|Bio-Proteinkonfektmasse mit Keksteig-Geschmack und Nuss-Nougat-Füllung.||Trocken lagern und vor Wärme schützen.|||Deutschland|Kann Spuren von ERDNUSS, anderen SCHALENFRÜCHTEN, SESAM, EI und MILCH enthalten.|||||{'Nährwerte je': '100g', 'Brennwert': '1777 kj / 422 kcal', 'Fett in g': '13', '- davon gesättigte Fettsäuren in g': '6,1', 'Kohlenhydrate in g': '54', '- davon Zucker in g': '34', 'Eiweiß in g': '22', 'Salz in g': '0,25'}|||||||||||Organic||||"{'Lagerhinweis': 'Trocken lagern und vor Wärme schützen.', 'manufacturer': 'Veganz Group AG', 'Herstelleradresse': 'An den Kiefern 7, DE-14974 Ludwigsfelde', 'Kontaktmöglichkeit': 'info@veganz.de', 'Herkunftsland': 'Deutschland', 'Öko-Kontrollstelle': 'DE-ÖKO-006', 'Allergenhinweis': 'Kann Spuren von ERDNUSS, anderen SCHALENFRÜCHTEN, SESAM, EI und MILCH enthalten.', 'Inhalt': '40 g', 'Bio': 'Ja', 'Eigenschaften': 'Vegan|Vegetarisch|Glutenfrei', 'Zutaten': 'Proteinmischung* (24 %) (SOJAPROTEINISOLAT*, Kürbiskernprotein*, Erbsenprotein*, Reisprotein*), Reissirup*, Dattelsirup*, Nuss-Nougatcreme* (12 %) (Rohrzucker*, Palmöl*, Sonnenblumenöl*, HASELNUSSKERNE* (14 %), Kakao* stark entölt, SÜßLUPINENMEHL*, Bourbon Vanille*), Tapiokastärke*, HAFERMEHL* glutenfrei, Kakaokernstückchen* geröstet (4,0 %), Kokosöl*, Vanilleextraktpulver* (0,5 %), Meersalz.* aus kontrolliert biologischem Anbau.', 'Produkttyp': 'Snacks & Riegel'}"||||||||||||||0|0|2747469_1.png|https://static.mueller.de/pdzoom/4251725800895.webp||||||||||||||||||||||Veganz Group AG||||||||||40 g|||False||2747469P|||||||||1
2904552|mueller||||||||2024-10-28|H&H Kinderbecher LENI|H&H||1|Stk.|Home|Spielwaren|Kostüme & Partyartikel|Trends|H&H Kinderbecher LENI|||8,99 €|8,99 €||||||||||||||EUR|Home> Spielwaren> Kostüme & Partyartikel> Trends> H&H Kinderbecher LENI|https://www.mueller.at/p/h-h-kinderbecher-leni-IPN2904552/|1 Stk.|Der Personalisierte Kinderbecher besteht aus dem langlebigen, robusten aber leichten Material Melamin – somit ideal für kleine Kinderhände. Es wurde darauf geachtet, dass die Becher spülmaschinengeeignet sind. Ihr Fassungsvermögen beträgt 250ml.||||||||2 Jahre||||||||||||||Non-Organic||||"{'target_group': 'Kleinkinder|Kindergartenkinder|Grundschüler', 'Artikelnummer des Herstellers': '03225060051', 'Altersempfehlung ab': '2 Jahre', 'Inhalt': '1 Stk.', 'Produkttyp': 'Kleinspielzeug'}"||||||||||||||0|0|2904552_1.png|https://static.mueller.de/pdzoom/5099563201110_03225060051_Leni.webp||||||||||||||||||||||03225060051||||||||||1 Stk.|||True||2904552P|||||||||10
2904553|mueller||||||||2024-10-28|H&H Kinderbecher LEO|H&H||1|Stk.|Home|Spielwaren|Kostüme & Partyartikel|Trends|H&H Kinderbecher LEO|||8,99 €|8,99 €||||||||||||||EUR|Home> Spielwaren> Kostüme & Partyartikel> Trends> H&H Kinderbecher LEO|https://www.mueller.at/p/h-h-kinderbecher-leo-IPN2904553/|1 Stk.|Der Personalisierte Kinderbecher besteht aus dem langlebigen, robusten aber leichten Material Melamin – somit ideal für kleine Kinderhände. Es wurde darauf geachtet, dass die Becher spülmaschinengeeignet sind. Ihr Fassungsvermögen beträgt 250ml.||||||||2 Jahre||||||||||||||Non-Organic||||"{'target_group': 'Kleinkinder|Kindergartenkinder|Grundschüler', 'Artikelnummer des Herstellers': '03225060052', 'Altersempfehlung ab': '2 Jahre', 'Inhalt': '1 Stk.', 'Produkttyp': 'Kleinspielzeug'}"||||||||||||||0|0|2904553_1.png|https://static.mueller.de/pdzoom/5099563201127_03225060052_Leo.webp||||||||||||||||||||||03225060052||||||||||1 Stk.|||True||2904553P|||||||||10
2023023|mueller||||||||2024-10-28|Casali Original Rum Kokos|CASALI||175|g|Home|Drogerie|Lebensmittel|Süßigkeiten|Schokolade|Casali Original Rum Kokos||3,29 €|3,29 €|||||||||||18,80 € / 1 kg|||EUR|Home> Drogerie> Lebensmittel> Süßigkeiten> Schokolade> Casali Original Rum Kokos|https://www.mueller.at/p/casali-original-rum-kokos-2023023/|175 g|"Es ist kein Geheimnis, dass am Rum Kokos Beach die rauschendsten Inselfeste gefeiert werden. Wenns im östlichsten Zipfel von Casali Island rundgeht, reisen  Paradiesvögel aus allen Himmelsrichtungen an. Für Verpflegung ist stets gesorgt: Überall gibts die einzigartigen Rum-Kokos Kugeln zu naschen. ""Harrr Harrr! Das Piratenleben ist schööön!"""||Bei Zimmertemperatur und trocken lagern.|||||||||{'Nährwerte je': '100  g', 'Brennwert': '2058 kj / 492 kcal', 'Fett in g': '23.0 g', '- davon gesättigte Fettsäuren in g': '15.0 g', 'Kohlenhydrate in g': '61.0 g', '- davon Zucker in g': '58.0 g', 'Eiweiß in g': '4.9 g', 'Salz in g': '0.17 g'}|||||||||||Non-Organic||||{'Lagerhinweis': 'Bei Zimmertemperatur und trocken lagern.', 'manufacturer': 'Josef Manner & Comp. AG', 'Herstelleradresse': 'Wilhelminenstraße 6, 1170 Wien, Austria', 'Kontaktmöglichkeit': 'team@manner.com', 'Inhalt': '175 g', 'Zutaten': 'Zucker, Kakaobutter, VOLLMILCHPULVER, Kakaomasse, SÜSSMOLKENPULVER, Rum (4%), Kokosraspel (4%), HAFERMARK, Aromen, Emulgator: Lecithine (SOJA); Überzugsmittel: Gummi arabicum, Schellack; Glukose-Fruktosesirup, Gelatine, Stärke. Kann Spuren von Nüssen enthalten.', 'Produkttyp': 'Schokoladenartikel'}||||||||||||||0|0|2023023_1.png|https://static.mueller.de/markant_09000332813973_pv_4544461/pdzoom/casali-original-rum-kokos.webp||||||||||||||||||||||Josef Manner & Comp. AG||||||||||175 g|||True||2023023P|||||||||5
2904554|mueller||||||||2024-10-28|H&H Kinderbecher LEON|H&H||1|Stk.|Home|Spielwaren|Kostüme & Partyartikel|Trends|H&H Kinderbecher LEON|||8,99 €|8,99 €||||||||||||||EUR|Home> Spielwaren> Kostüme & Partyartikel> Trends> H&H Kinderbecher LEON|https://www.mueller.at/p/h-h-kinderbecher-leon-IPN2904554/|1 Stk.|Der Personalisierte Kinderbecher besteht aus dem langlebigen, robusten aber leichten Material Melamin – somit ideal für kleine Kinderhände. Es wurde darauf geachtet, dass die Becher spülmaschinengeeignet sind. Ihr Fassungsvermögen beträgt 250ml.||||||||2 Jahre||||||||||||||Non-Organic||||"{'target_group': 'Kleinkinder|Kindergartenkinder|Grundschüler', 'Artikelnummer des Herstellers': '03225060053', 'Altersempfehlung ab': '2 Jahre', 'Inhalt': '1 Stk.', 'Produkttyp': 'Kleinspielzeug'}"||||||||||||||0|0|2904554_1.png|https://static.mueller.de/pdzoom/5099563201134_03225060053_Leon.webp||||||||||||||||||||||03225060053||||||||||1 Stk.|||True||2904554P|||||||||9
2904555|mueller||||||||2024-10-28|H&H Kinderbecher LEONIE|H&H||1|Stk.|Home|Spielwaren|Kostüme & Partyartikel|Trends|H&H Kinderbecher LEONIE|||8,99 €|8,99 €||||||||||||||EUR|Home> Spielwaren> Kostüme & Partyartikel> Trends> H&H Kinderbecher LEONIE|https://www.mueller.at/p/h-h-kinderbecher-leonie-IPN2904555/|1 Stk.|Der Personalisierte Kinderbecher besteht aus dem langlebigen, robusten aber leichten Material Melamin – somit ideal für kleine Kinderhände. Es wurde darauf geachtet, dass die Becher spülmaschinengeeignet sind. Ihr Fassungsvermögen beträgt 250ml.||||||||2 Jahre||||||||||||||Non-Organic||||"{'target_group': 'Kleinkinder|Kindergartenkinder|Grundschüler', 'Artikelnummer des Herstellers': '03225060054', 'Altersempfehlung ab': '2 Jahre', 'Inhalt': '1 Stk.', 'Produkttyp': 'Kleinspielzeug'}"||||||||||||||0|0|2904555_1.png|https://static.mueller.de/pdzoom/5099563201141_03225060054_Leoni.webp||||||||||||||||||||||03225060054||||||||||1 Stk.|||True||2904555P|||||||||10
2904557|mueller||||||||2024-10-28|H&H Kinderbecher LIA|H&H||1|Stk.|Home|Spielwaren|Kostüme & Partyartikel|Trends|H&H Kinderbecher LIA|||8,99 €|8,99 €||||||||||||||EUR|Home> Spielwaren> Kostüme & Partyartikel> Trends> H&H Kinderbecher LIA|https://www.mueller.at/p/h-h-kinderbecher-lia-IPN2904557/|1 Stk.|Der Personalisierte Kinderbecher besteht aus dem langlebigen, robusten aber leichten Material Melamin – somit ideal für kleine Kinderhände. Es wurde darauf geachtet, dass die Becher spülmaschinengeeignet sind. Ihr Fassungsvermögen beträgt 250ml.||||||||2 Jahre||||||||||||||Non-Organic||||"{'target_group': 'Kleinkinder|Kindergartenkinder|Grundschüler', 'Artikelnummer des Herstellers': '03225060055', 'Altersempfehlung ab': '2 Jahre', 'Inhalt': '1 Stk.', 'Produkttyp': 'Kleinspielzeug'}"||||||||||||||0|0|2904557_1.png|https://static.mueller.de/pdzoom/5099563201158_03225060055_Lia.webp||||||||||||||||||||||03225060055||||||||||1 Stk.|||True||2904557P|||||||||6
2772409|mueller||||||||2024-10-28|Haribo Fruchtgummi-Konfekt Pico-Balla|HARIBO||160|g|Home|Drogerie|Lebensmittel|Süßigkeiten|Fruchtgummi|Haribo Fruchtgummi-Konfekt Pico-Balla||1,49 €|1,49 €|||||||||||9,31 € / 1 kg|||EUR|Home> Drogerie> Lebensmittel> Süßigkeiten> Fruchtgummi> Haribo Fruchtgummi-Konfekt Pico-Balla|https://www.mueller.at/p/haribo-fruchtgummi-konfekt-pico-balla-2772409/|160 g|Haribo Süssware Fruchtgummi-Konfekt Pico-Balla 1 Bt 175g||Vor Wärme und Feuchtigkeit schützen.|||||||||{'Nährwerte je': '100  g', 'Brennwert': '1613 kj / 381 kcal', 'Fett in g': '4.9 g', '- davon gesättigte Fettsäuren in g': '3.4 g', 'Kohlenhydrate in g': '82.0 g', '- davon Zucker in g': '61.0 g', 'Eiweiß in g': '1.7 g', 'Salz in g': '0.2 g'}|||||||||||Non-Organic||||{'Lagerhinweis': 'Vor Wärme und Feuchtigkeit schützen.', 'manufacturer': 'Haribo GmbH & Co. KG', 'Herstelleradresse': 'D-53105 Bonn', 'Kontaktmöglichkeit': 'info@haribo.com', 'Inhalt': '160 g', 'Eigenschaften': 'vegetarisch gemaeß Rezeptur', 'Zutaten': 'Zucker; Glukosesirup; WEIZENMEHL; WEIZENSTÄRKE; Palmfett; Emulgatoren: Mono- und Diglyceride von Speisefettsäuren, Citronensäureester von Mono- und Diglyceriden von Speisefettsäuren; Dextrose; Säuerungsmittel: Citronensäure; Geliermittel: Carrageen; Säureregulator: Trinatriumcitrat; Sonnenblumenöl; Aroma; Frucht- und Pflanzenkonzentrate: Spirulina, Rettich, Schwarze Johannisbeere, Apfel, Holunderbeere, Aronia, Traube; Holunderbeerextrakt; Farbstoffe: Kurkumin, Kupferkomplexe der Chlorophylline; Überzugsmittel: Bienenwachs weiß und gelb. Kann Spuren von MILCH enthalten.', 'Produkttyp': 'Frucht- & Weingummi'}||||||||||||||5.0|2|2772409_1.png|https://static.mueller.de/markant_04001686120132_pv_4885797/pdzoom/haribo-fruchtgummi-konfekt-pico-balla.webp|2772409_2.png|https://static.mueller.de/markant_04001686120132_pv_4603390/pdzoom/haribo-fruchtgummi-konfekt-pico-balla.webp||||||||||||||||||||Haribo GmbH & Co. KG||||||||||160 g|||True||2772409P|||||||||5
2904558|mueller||||||||2024-10-28|H&H Kinderbecher LINA|H&H||1|Stk.|Home|Spielwaren|Kostüme & Partyartikel|Trends|H&H Kinderbecher LINA|||8,99 €|8,99 €||||||||||||||EUR|Home> Spielwaren> Kostüme & Partyartikel> Trends> H&H Kinderbecher LINA|https://www.mueller.at/p/h-h-kinderbecher-lina-IPN2904558/|1 Stk.|Der Personalisierte Kinderbecher besteht aus dem langlebigen, robusten aber leichten Material Melamin – somit ideal für kleine Kinderhände. Es wurde darauf geachtet, dass die Becher spülmaschinengeeignet sind. Ihr Fassungsvermögen beträgt 250ml.||||||||2 Jahre||||||||||||||Non-Organic||||"{'target_group': 'Kleinkinder|Kindergartenkinder|Grundschüler', 'Artikelnummer des Herstellers': '03225060056', 'Altersempfehlung ab': '2 Jahre', 'Inhalt': '1 Stk.', 'Produkttyp': 'Kleinspielzeug'}"||||||||||||||0|0|2904558_1.png|https://static.mueller.de/pdzoom/5099563201165_03225060056_Lina.webp||||||||||||||||||||||03225060056||||||||||1 Stk.|||True||2904558P|||||||||4
2904559|mueller||||||||2024-10-28|H&H Kinderbecher LINUS|H&H||1|Stk.|Home|Spielwaren|Kostüme & Partyartikel|Trends|H&H Kinderbecher LINUS|||8,99 €|8,99 €||||||||||||||EUR|Home> Spielwaren> Kostüme & Partyartikel> Trends> H&H Kinderbecher LINUS|https://www.mueller.at/p/h-h-kinderbecher-linus-IPN2904559/|1 Stk.|Der Personalisierte Kinderbecher besteht aus dem langlebigen, robusten aber leichten Material Melamin – somit ideal für kleine Kinderhände. Es wurde darauf geachtet, dass die Becher spülmaschinengeeignet sind. Ihr Fassungsvermögen beträgt 250ml.||||||||2 Jahre||||||||||||||Non-Organic||||"{'target_group': 'Kleinkinder|Kindergartenkinder|Grundschüler', 'Artikelnummer des Herstellers': '03225060057', 'Altersempfehlung ab': '2 Jahre', 'Inhalt': '1 Stk.', 'Produkttyp': 'Kleinspielzeug'}"||||||||||||||0|0|2904559_1.png|https://static.mueller.de/pdzoom/5099563201172_03225060057_Linus.webp||||||||||||||||||||||03225060057||||||||||1 Stk.|||True||2904559P|||||||||7
2904560|mueller||||||||2024-10-28|H&H Kinderbecher LISA|H&H||1|Stk.|Home|Spielwaren|Kostüme & Partyartikel|Trends|H&H Kinderbecher LISA|||8,99 €|8,99 €||||||||||||||EUR|Home> Spielwaren> Kostüme & Partyartikel> Trends> H&H Kinderbecher LISA|https://www.mueller.at/p/h-h-kinderbecher-lisa-IPN2904560/|1 Stk.|Der Personalisierte Kinderbecher besteht aus dem langlebigen, robusten aber leichten Material Melamin – somit ideal für kleine Kinderhände. Es wurde darauf geachtet, dass die Becher spülmaschinengeeignet sind. Ihr Fassungsvermögen beträgt 250ml.||||||||2 Jahre||||||||||||||Non-Organic||||"{'target_group': 'Kleinkinder|Kindergartenkinder|Grundschüler', 'Artikelnummer des Herstellers': '03225060058', 'Altersempfehlung ab': '2 Jahre', 'Inhalt': '1 Stk.', 'Produkttyp': 'Kleinspielzeug'}"||||||||||||||0|0|2904560_1.png|https://static.mueller.de/pdzoom/5099563201189_03225060058_Lisa.webp||||||||||||||||||||||03225060058||||||||||1 Stk.|||True||2904560P|||||||||10
2904561|mueller||||||||2024-10-28|H&H Kinderbecher LOTTA|H&H||1|Stk.|Home|Spielwaren|Kostüme & Partyartikel|Trends|H&H Kinderbecher LOTTA|||8,99 €|8,99 €||||||||||||||EUR|Home> Spielwaren> Kostüme & Partyartikel> Trends> H&H Kinderbecher LOTTA|https://www.mueller.at/p/h-h-kinderbecher-lotta-IPN2904561/|1 Stk.|Der Personalisierte Kinderbecher besteht aus dem langlebigen, robusten aber leichten Material Melamin – somit ideal für kleine Kinderhände. Es wurde darauf geachtet, dass die Becher spülmaschinengeeignet sind. Ihr Fassungsvermögen beträgt 250ml.||||||||2 Jahre||||||||||||||Non-Organic||||"{'target_group': 'Kleinkinder|Kindergartenkinder|Grundschüler', 'Artikelnummer des Herstellers': '03225060059', 'Altersempfehlung ab': '2 Jahre', 'Inhalt': '1 Stk.', 'Produkttyp': 'Kleinspielzeug'}"||||||||||||||0|0|2904561_1.png|https://static.mueller.de/pdzoom/5099563201196_03225060059_Lotta.webp||||||||||||||||||||||03225060059||||||||||1 Stk.|||True||2904561P|||||||||7
2904562|mueller||||||||2024-10-28|H&H Kinderbecher LOUIS|H&H||1|Stk.|Home|Spielwaren|Kostüme & Partyartikel|Trends|H&H Kinderbecher LOUIS|||8,99 €|8,99 €||||||||||||||EUR|Home> Spielwaren> Kostüme & Partyartikel> Trends> H&H Kinderbecher LOUIS|https://www.mueller.at/p/h-h-kinderbecher-louis-IPN2904562/|1 Stk.|Der Personalisierte Kinderbecher besteht aus dem langlebigen, robusten aber leichten Material Melamin – somit ideal für kleine Kinderhände. Es wurde darauf geachtet, dass die Becher spülmaschinengeeignet sind. Ihr Fassungsvermögen beträgt 250ml.||||||||2 Jahre||||||||||||||Non-Organic||||"{'target_group': 'Kleinkinder|Kindergartenkinder|Grundschüler', 'Artikelnummer des Herstellers': '03225060060', 'Altersempfehlung ab': '2 Jahre', 'Inhalt': '1 Stk.', 'Produkttyp': 'Kleinspielzeug'}"||||||||||||||0|0|2904562_1.png|https://static.mueller.de/pdzoom/5099563201202_03225060060_Louis.webp||||||||||||||||||||||03225060060||||||||||1 Stk.|||True||2904562P|||||||||8
2879043|mueller||||||||2024-10-28|Mein allererstes Malbuch. Feen, Elfen, Einhörner - Bunter Ausmalspaß für Kinder ab 3 Jahren, mit farbigen Vorlagen|||1|Stk.|Home|Spielwaren|Buch & Schulbedarf|Kinder- & Jugendbücher|Mein allererstes Malbuch. Feen, Elfen, Einhörner - Bunter Ausmalspaß für Kinder ab 3 Jahren, mit farbigen Vorlagen|||4,10 €|4,10 €||||||||||||||EUR|Home> Spielwaren> Buch & Schulbedarf> Kinder- & Jugendbücher> Mein allererstes Malbuch. Feen, Elfen, Einhörner - Bunter Ausmalspaß für Kinder ab 3 Jahren, mit farbigen Vorlagen|https://www.mueller.at/p/mein-allererstes-malbuch-feen-elfen-einhoerner-bunter-ausmalspass-fuer-kinder-ab-3-jahren-mit-farbigen-vorlagen-IPN2879043/|1 Stk.|Bunter Ausmalspaß für Kinder ab 3 Jahren mit einfachen Motiven und farbigen Vorlagen    Ob magische Fee, knuffiges Einhorn oder freche Elfe - in diesem bunten Malbuch mit Motiven aus einer magischen Fantasiewelt können schon die Kleinsten malen lernen. Hilfreich dabei sind die extra starken Linien, die großen Flächen zum Ausmalen und die farbigen Vorlagen. Beliebte Motive und farbig gestaltete Hintergründe geben ein wunderschönes Gesamtkunstwerk!     Fördert Kreativität, Feinmotorik und Konzentration.||||||||||||||||||||||Non-Organic||||{'target_group': 'Kindergartenkinder', 'genre': 'Malen', 'author': 'Münstermann, Verena', 'Einband': 'Softcover', 'publishing_year': '2023', 'Inhalt': '1 Stk.', 'ISBN Ausgangsbuch': '9783401719238', 'Produkttyp': 'Kinder- & Jugendbücher', 'page_number': '32'}||||||||||||||0|0|2879043_1.png|https://static.mueller.de/pdzoom/9783401719238.webp||||||||||||||||||||||||||||||||1 Stk.|||True||2879043P|||||||||10
2879045|mueller||||||||2024-10-28|Makotex - Microfon|MAKOTEX||1|Stk.|Home|Spielwaren|Kostüme & Partyartikel|Kostüme & Schminke|Makotex - Microfon|||4,99 €|4,99 €||||||||||||||EUR|Home> Spielwaren> Kostüme & Partyartikel> Kostüme & Schminke> Makotex - Microfon|https://www.mueller.at/p/makotex-microfon-IPN2879045/|1 Stk.|Makotex - Microfon||||||||14 Jahre||||||||||||||Non-Organic||||"{'target_group': 'Jugendliche|Erwachsene', 'Artikelnummer des Herstellers': '990991809', 'Altersempfehlung ab': '14 Jahre', 'Inhalt': '1 Stk.', 'Produkttyp': 'Sonstiges Kostümzubehör'}"||||||||||||||0|0|2879045_1.png|https://static.mueller.de/pdzoom/4039996362218.webp||||||||||||||||||||||990991809||||||||||1 Stk.|||False||2879045P|||||||||1
2879048|mueller||||||||2024-10-28|sensena NATURKOSMETIK Aromabadekissen Einfach mal Abtauchen|SENSENA NATURKOSMETIK||100|g|Home|Parfümerie|Pflege|Körperpflege|Baden|sensena NATURKOSMETIK Aromabadekissen Einfach mal Abtauchen||2,79 €|2,79 €|||||||||||27,90 € / 1 kg|||EUR|Home> Parfümerie> Pflege> Körperpflege> Baden> sensena NATURKOSMETIK Aromabadekissen Einfach mal Abtauchen|https://www.mueller.at/p/sensena-naturkosmetik-aromabadekissen-einfach-mal-abtauchen-IPN2879048/|100 g|Wenn das warme Wasser den Körper umhüllt, die Nase in duftende Aromen abtaucht und der Stress langsam abgespült wird, dann setzt eine wahre Tiefenerholung ein. Gut, wenn dann der Badezusatz nicht nur gut duftet, sondern auch die Haut mit absolut natürlichen Inhaltstoffen verwöhnt, die je nach Ingredienz eine ganz besondere Wirkung entfaltet. Gut duften können viele Badekosmetika, die Aromabadekissen von sensena können jedoch viel mehr: Das Geheimnis liegt im hautfreundlichen Vlies, in dem die naturbelassenen und getrockneten Tee-, Blüten- und Pflanzenschnitte fest verschlossen sind. Das ist wie ein Bad in reiner Natur, ohne dass Sie sich die Kräuter, Rosen oder andere Blüten nach dem Bad vom Körper pflücken müssen.||Trocken lagern.||||||||||||||||||||Non-Organic||||"{'Lagerhinweis': 'Trocken lagern.', 'target_group': 'Damen|Herren|Unisex', 'manufacturer': 'Accentra GmbH & Co. KG', 'Herstelleradresse': 'Rudolf-Diesel-Straße 7, 91572 Bechhofen, Deutschland', 'Kontaktmöglichkeit': 'info@accentra.de', 'Anwendungshinweis': 'Das Aromabadekissen in das wohltemperierte Badewasser Ihres Vollbades geben. Durch leichtes Drücken des Aromabadekissens unterstützen Sie die Entfaltung der ätherischen Öle. Badetemperatur: 35 - 38° C Badedauer: 15 - 20 Minuten', 'package_contents': 'Maris Sal, Coco-Glucoside, Sodium Coco-Sulfate, Hydrated Silica, Citrus Sinensis Peel Oil Expressed, **Carthamus Tinctorius Seed Oil, ** Prunus Domestica Seed Oil, Tocopherol, Helianthus Annuus Seed Oil, Hydrolyzed Gardenia Florida Extract, Maltodextrin, Gardenia Jasminoides Fruit Extract, Aloe Barbadensis Leaf Juice Powder, * Limonene, *aus natürlichen ätherischen Ölen, **aus kontrolliert biologischem Anbau.', 'skin_type': 'normale Haut', 'product_property': 'pflegend|reinigend', 'Inhalt': '100 g', 'scope_of_application': 'Baden', 'Produkttyp': 'Badetabletten'}"||||||||||||||0|0|2879048_1.png|https://static.mueller.de/pdzoom/4015953683541.webp||||||||||||||||||||||Accentra GmbH & Co. KG||||||||||100 g|Maris Sal, Coco-Glucoside, Sodium Coco-Sulfate, Hydrated Silica, Citrus Sinensis Peel Oil Expressed, **Carthamus Tinctorius Seed Oil, ** Prunus Domestica Seed Oil, Tocopherol, Helianthus Annuus Seed Oil, Hydrolyzed Gardenia Florida Extract, Maltodextrin, Gardenia Jasminoides Fruit Extract, Aloe Barbadensis Leaf Juice Powder, * Limonene, *aus natürlichen ätherischen Ölen, **aus kontrolliert biologischem Anbau.||True||2879048P|||||||||10
2747432|mueller||||||||2024-10-28|Freche Freunde Bio Gläschen Abendbrei Apfel, Blaubeere mit Hafer|FRECHE FREUNDE||120|g|Home|Drogerie|Kind & Mama|Babynahrung|Beikost|Abendbreie|Freche Freunde Bio Gläschen Abendbrei Apfel, Blaubeere mit Hafer|1,10 €|1,10 €|||||||||||9,17 € / 1 kg|||EUR|Home> Drogerie> Kind & Mama> Babynahrung> Beikost> Abendbreie> Freche Freunde Bio Gläschen Abendbrei Apfel, Blaubeere mit Hafer|https://www.mueller.at/p/freche-freunde-bio-glaeschen-abendbrei-apfel-blaubeere-mit-hafer-2747432/|120 g|Das Bio Gläschen Abendbrei mit fruchtigem Apfel, Blaubeere und wertvollem Hafer wird aus Bio-Zutaten und in höchster Qualität für Babys ab dem 8. Monat hergestellt. Der feine Abendbrei kommt ohne Milch und ganz ohne Zuckerzusatz aus (Zutaten enthalten von Natur aus Zucker). Mit diesem Abendbrei von Baby Freche Freunde können Kinder die vielfältige Obst- und Getreidewelt kennenlernen und in eine spannende Beikost-Zeit starten. Das Babygläschen mit 120 g liefert eine ideale Menge an sättigendem Babybrei für die Abendzeit. ohne Zuckerzusatz (Zutaten enthalten von Natur aus Zucker)milde Babynahrung im praktischen 120 g Gläschenfeiner Abendbrei ganz ohne Milchfür eine entspannte Beikost ZeitBabygläschen in Bio-Qualität für Babys ab dem 8. Monat||Lichtgeschützt, kühl & trocken lagern. Nicht verwendeten Rest verschlossen im Kühlschrank aufbewahren, innerhalb eines Tages verbrauchen.||||Hafer.|||||{'Nährwerte je': '100  g', 'Brennwert': '265 kj / 63 kcal', 'Fett in g': '0.5 g', '- davon gesättigte Fettsäuren in g': '0.1 g', 'Kohlenhydrate in g': '13.0 g', '- davon Zucker in g': '11.0 g', 'Ballaststoffe in g': '1.8 g', 'Eiweiß in g': '0.6 g', 'Salz in g': '0.0 g'}|||||||||||Organic||||"{'Lagerhinweis': 'Lichtgeschützt, kühl & trocken lagern. Nicht verwendeten Rest verschlossen im Kühlschrank aufbewahren, innerhalb eines Tages verbrauchen.', 'manufacturer': 'erdbär GmbH', 'Herstelleradresse': 'Eberswalder Str. 6-9,\n10437 Berlin', 'Kontaktmöglichkeit': 'info@erdbaer.de', 'Öko-Kontrollstelle': 'ES-ECO-024-MU', 'Anwendungshinweis': 'Vor Verzehr prüfen, ob das Gläschen unversehrt ist. Nur Plastiklöffel verwenden.', 'Allergenhinweis': 'Hafer.', 'Inhalt': '120 g', 'Bio': 'Ja', 'Eigenschaften': 'vegetarisch gemaeß Rezeptur|Vegan', 'Zutaten': 'Apfel* 83,5%, Blaubeere* 14%, HAFERflocken* 2,5%.\n*aus biologischem Landbau.', 'Produkttyp': 'Abendbreie'}"||||||||||||||5.0|3|2747432_1.png|https://static.mueller.de/markant_04260618529898_pv_5009406/pdzoom/freche-freunde-bio-glaeschen-abendbrei-apfel-blaubeere-mit-hafer.webp|2747432_2.png|https://static.mueller.de/markant_04260618529898_pv_5009407/pdzoom/freche-freunde-bio-glaeschen-abendbrei-apfel-blaubeere-mit-hafer.webp|2747432_3.png|https://static.mueller.de/markant_04260618529898_pr_5009408/pdzoom/freche-freunde-bio-glaeschen-abendbrei-apfel-blaubeere-mit-hafer.webp|2747432_4.png|https://static.mueller.de/markant_04260618529898_pd_3749427/pdzoom/freche-freunde-bio-glaeschen-abendbrei-apfel-blaubeere-mit-hafer.webp|2747432_5.png|https://static.mueller.de/markant_04260618529898_pd_3749804/pdzoom/freche-freunde-bio-glaeschen-abendbrei-apfel-blaubeere-mit-hafer.webp|2747432_6.png|https://static.mueller.de/markant_04260618529898_pd_3771395/pdzoom/freche-freunde-bio-glaeschen-abendbrei-apfel-blaubeere-mit-hafer.webp||||||||||||erdbär GmbH||||||||||120 g|||True||2747432P|||||||||3
2879060|mueller||||||||2024-10-28|Mattel Games Magische Begegnungen Familienspiel, Magic 8 Ball Brettspiel|MATTEL||1|Stk.|Home|Spielwaren|Spiele & Puzzles|Spiele|Gesellschaftsspiele|Mattel Games Magische Begegnungen Familienspiel, Magic 8 Ball Brettspiel||31,99 €|31,99 €|31,99 €|22,99 €||||28%|Sie sparen 28%|||||||EUR|Home> Spielwaren> Spiele & Puzzles> Spiele> Gesellschaftsspiele> Mattel Games Magische Begegnungen Familienspiel, Magic 8 Ball Brettspiel|https://www.mueller.at/p/mattel-games-magische-begegnungen-familienspiel-magic-8-ball-brettspiel-IPN2879060/|1 Stk.|Mit dem Brettspiel „Magische Begegnungen“ reisen die Spieler in ein Land voller Abenteuer und Mysterien – perfekt für die ganze Familie. Das Königreich versinkt im Chaos, während der Drache im Land der Zauberwelt Unruhe stiftet. Nun liegt es an den vier Helden von Igglecot, das Königreich zu retten. Bei diesem kooperativen Brettspiel mit dem original Magic 8 Ball“ müssen Spieler zusammenarbeiten, um den Drachen zu besiegen. Ein magischer Spieleabend für Kinder und Erwachsene ab sieben Jahren. Abweichungen in Farbe und Gestaltung vorbehalten.||||||||7 Jahre||||||||||||||Non-Organic||||"{'target_group': 'Grundschüler|Jugendliche|Erwachsene', 'manufacturer': 'Mattel GmbH', 'Artikelnummer des Herstellers': 'HPJ69', 'license': '0', 'Altersempfehlung ab': '7 Jahre', 'Altersempfehlung bis': '99 Jahre', 'Spieldauer in Min.': '30 Minutes', 'Inhalt': '1 Stk.', 'Spieleranzahl': '2', 'Produkttyp': 'Familienspiele', 'verschluckbare Magnete': 'Nein'}"||||||||||||||4.1579|19|2879060_1.png|https://static.mueller.de/pdzoom/ntg_0194735160426_pv_hpj69_1.webp|2879060_2.png|https://static.mueller.de/pdzoom/ntg_0194735160426_pd_hpj69_2.webp|2879060_3.png|https://static.mueller.de/pdzoom/ntg_0194735160426_pd_hpj69_3.webp|2879060_4.png|https://static.mueller.de/pdzoom/ntg_0194735160426_pd_hpj69_4.webp|2879060_5.png|https://static.mueller.de/pdzoom/ntg_0194735160426_pd_hpj69_5.webp|2879060_6.png|https://static.mueller.de/pdzoom/ntg_0194735160426_pd_hpj69_6.webp||||||||||||Mattel GmbH||||||||||1 Stk.|||True||2879060P|||||||||10
2879062|mueller||||||||2024-10-28|Makotex - Schweisbandset Neonpink|MAKOTEX||1|Stk.|Home|Spielwaren|Kostüme & Partyartikel|Kostüme & Schminke|Makotex - Schweisbandset Neonpink|||2,99 €|2,99 €||||||||||||||EUR|Home> Spielwaren> Kostüme & Partyartikel> Kostüme & Schminke> Makotex - Schweisbandset Neonpink|https://www.mueller.at/p/makotex-schweisbandset-neonpink-IPN2879062/|1 Stk.|Makotex - Schweisbandset Neonpink||||||||14 Jahre||||||||||||||Non-Organic||||"{'target_group': 'Jugendliche|Erwachsene', 'Artikelnummer des Herstellers': '995984979', 'Altersempfehlung ab': '14 Jahre', 'Inhalt': '1 Stk.', 'Produkttyp': 'Sonstiges Kostümzubehör'}"||||||||||||||0|0|2879062_1.png|https://static.mueller.de/pdzoom/4039996402280.webp||||||||||||||||||||||995984979||||||||||1 Stk.|||False||2879062P|||||||||1
2879063|mueller||||||||2024-10-28|Makotex - Schweisbandset Schwarz|MAKOTEX||1|Stk.|Home|Spielwaren|Kostüme & Partyartikel|Kostüme & Schminke|Makotex - Schweisbandset Schwarz|||2,99 €|2,99 €||||||||||||||EUR|Home> Spielwaren> Kostüme & Partyartikel> Kostüme & Schminke> Makotex - Schweisbandset Schwarz|https://www.mueller.at/p/makotex-schweisbandset-schwarz-IPN2879063/|1 Stk.|Makotex - Schweisbandset Schwarz||||||||14 Jahre||||||||||||||Non-Organic||||"{'target_group': 'Jugendliche|Erwachsene', 'Artikelnummer des Herstellers': '990984979', 'Altersempfehlung ab': '14 Jahre', 'Inhalt': '1 Stk.', 'Produkttyp': 'Sonstiges Kostümzubehör'}"||||||||||||||0|0|2879063_1.png|https://static.mueller.de/pdzoom/4039996405038.webp||||||||||||||||||||||990984979||||||||||1 Stk.|||False||2879063P|||||||||1
2879064|mueller||||||||2024-10-28|VTech - Baby - 539804 Schlummerbärchen|VTECH||1|Stk.|Home|Spielwaren|Baby & Kleinkind|Interaktives Spielzeug|VTech - Baby - 539804 Schlummerbärchen|||19,99 €|19,99 €||||||||||||||EUR|Home> Spielwaren> Baby & Kleinkind> Interaktives Spielzeug> VTech - Baby - 539804 Schlummerbärchen|https://www.mueller.at/p/vtech-baby-539804-schlummerbaerchen-IPN2879064/|1 Stk.|"Mit dem Schlummerbärchen ist sanfte Einschlafhilfe garantiert! Das Plüschbärchen beruhigt mit warmem Licht und ruhigen Klängen. Der weiche Stoff regt die Tastsinne an und stimuliert mit seinen Pastellfarben die visuelle Wahrnehmung. Das elektrische Modul kann herausgenommen und dank praktischer Schlaufe am Kinderwagen oder am Gitterbett befestigt werden - und nach Entnahme des Moduls ist das Bärchen auch waschbar.
Niedliches Bärchen, das dem Baby beim Einschlafen hilft

Interaktives Plüschbärchen mit Nachtlicht und beruhigenden Klängen
Entnehmbares elektronisches Modul in Bärchenform mit praktischer Schlaufe zum Anbringen am Bettchen, Kinderwagen o. Ä.
Der weiche Stoff mit sanften Farben und Mustern stimuliert die visuelle Wahrnehmung und den Tastsinn des Babys
Herztaste löst sanftes Leuchten, Lieder, Geräusche und beruhigende Melodien aus
Kuschelmodus mit liebevollen Sätzen, die die Interaktion zwischen Kind und dem Bärchen fördern
Im Nachtmodus werden beruhigende Klänge und Musik abgespielt und das Gerät nach 15 Minuten abgeschaltet
3 gesungene Lieder, 32 Melodien & 10 beruhigende Geräusche
Maschinenwaschbar nach Entnahme des elektronischen Moduls
Kindersicheres Batteriefach, Abschaltautomatik und Lautstärkeregler
Demobatterien sind enthalten
Produktmaße (B x T x H):
8.5 x 19 x 23 cm
Produktgewicht:
0.18 kg
Benötigte Batterien:
2 x AAA"||||||||0 Monate||||||||||||||Non-Organic||||"{'target_group': 'Säuglinge|Kleinkinder', 'Artikelnummer des Herstellers': '80-539804', 'Altersempfehlung ab': '0 Monate', 'Altersempfehlung bis': '36 Monate', 'Batterie-Typ': 'Zn/C', 'Inhalt': '1 Stk.', 'Produkttyp': 'Interaktive Spielpartner'}"||||||||||||||0|0|2879064_1.png|https://static.mueller.de/pdzoom/3417765398049.webp|2879064_2.png|https://static.mueller.de/pdzoom/3417765398049_6.webp|2879064_3.png|https://static.mueller.de/pdzoom/3417765398049_2.webp|2879064_4.png|https://static.mueller.de/pdzoom/3417765398049_4.webp|2879064_5.png|https://static.mueller.de/pdzoom/3417765398049_5.webp|2879064_6.png|https://static.mueller.de/pdzoom/3417765398049_3.webp||||||||||||80-539804||||||||||1 Stk.|||True||2879064P|||||||||10
2904541|mueller||||||||2024-10-28|Smart Games IQ MINI, 1 Stück, sortiert|SMART GAMES||1|Stk.|Home|Spielwaren|Spiele & Puzzles|Spiele|Wissens- & Denkspiele|Smart Games IQ MINI, 1 Stück, sortiert||7,99 €|7,99 €||||||||||||||EUR|Home> Spielwaren> Spiele & Puzzles> Spiele> Wissens- & Denkspiele> Smart Games IQ MINI, 1 Stück, sortiert|https://www.mueller.at/p/smart-games-iq-mini-1-stueck-sortiert-IPN2904541/|1 Stk.|"Kleine Größe, große Herausforderungen! 

Neu in der IQ-Reihe: der IQ Mini. Ein Knobelspiel im Taschenformat, das du überallhin mitnehmen kannst. Erstelle deine eigenen Herausforderungen, indem du die Blocker verschiebst, und fülle das Spielfeld mit deinen Puzzleteilen. Fordere dich, deine Freunde und deine Familie heraus, um noch mehr Spaß zu haben! Finde zusätzliche Herausforderungen, Hinweise und alle Lösungen online!  
Spieler: 1
Inhalt:
1 Spielfeld, 6 Puzzleteile"||||||||6 Jahre||||||||||||||Non-Organic||||"{'particularities': 'Achtung: diesen Artikel gibt es in verschiedenen Ausführungen. Sie erhalten nur 1 Artikel (zufällige Auswahl im Lager). Eine Vorauswahl ist nicht möglich.', 'target_group': 'Grundschüler|Jugendliche', 'Artikelnummer des Herstellers': 'SG401', 'Altersempfehlung ab': '6 Jahre', 'Inhalt': '1 Stk.', 'Spieleranzahl': '1', 'Produkttyp': 'Denkspiele'}"||||||||||||||0|0|2904541_1.png|https://static.mueller.de/pdzoom/5414301524489.webp|2904541_2.png|https://static.mueller.de/pdzoom/5414301524489_6.webp|2904541_3.png|https://static.mueller.de/pdzoom/5414301524489_7.webp|2904541_4.png|https://static.mueller.de/pdzoom/5414301524489_5.webp|2904541_5.png|https://static.mueller.de/pdzoom/5414301524489_9.webp|2904541_6.png|https://static.mueller.de/pdzoom/5414301524489_4.webp||||||||||||SG401||||||||||1 Stk.|||False||2904541P|||||||||1
2904542|mueller||||||||2024-10-28|H&H Kinderbecher LARA|H&H||1|Stk.|Home|Spielwaren|Kostüme & Partyartikel|Trends|H&H Kinderbecher LARA|||8,99 €|8,99 €||||||||||||||EUR|Home> Spielwaren> Kostüme & Partyartikel> Trends> H&H Kinderbecher LARA|https://www.mueller.at/p/h-h-kinderbecher-lara-IPN2904542/|1 Stk.|Der Personalisierte Kinderbecher besteht aus dem langlebigen, robusten aber leichten Material Melamin – somit ideal für kleine Kinderhände. Es wurde darauf geachtet, dass die Becher spülmaschinengeeignet sind. Ihr Fassungsvermögen beträgt 250ml.||||||||2 Jahre||||||||||||||Non-Organic||||"{'target_group': 'Kleinkinder|Kindergartenkinder|Grundschüler', 'Artikelnummer des Herstellers': '03225060047', 'Altersempfehlung ab': '2 Jahre', 'Inhalt': '1 Stk.', 'Produkttyp': 'Kleinspielzeug'}"||||||||||||||0|0|2904542_1.png|https://static.mueller.de/pdzoom/5099563201073_03225060047_Lara.webp||||||||||||||||||||||03225060047||||||||||1 Stk.|||True||2904542P|||||||||9
2904543|mueller||||||||2024-10-28|Smart Games IQ LOVE|SMART GAMES||1|Stk.|Home|Spielwaren|Spiele & Puzzles|Spiele|Wissens- & Denkspiele|Smart Games IQ LOVE||14,99 €|14,99 €||||||||||||||EUR|Home> Spielwaren> Spiele & Puzzles> Spiele> Wissens- & Denkspiele> Smart Games IQ LOVE|https://www.mueller.at/p/smart-games-iq-love-IPN2904543/|1 Stk.|"Ein Liebesgeständnis an deine grauen Zellen! 

Ein Liebesgeständnis an deine grauen Zellen! Kannst du alle bunten Edelsteine auf dem Spielbrett platzieren? Dieses Reisespiel hat ein doppelseitiges Spielbrett und bietet 120 Herausforderungen für die ganz große Liebe! 
Aufgaben: 120
Spieler: 1
Inhalt:
1 Spielbrett mit transparentem Deckel, 10 doppelseitig nutzbare Puzzleteile, Aufgabenheft mit 120 Herausforderungen und Lösungen"||||||||7 Jahre||||||||||||||Non-Organic||||"{'target_group': 'Grundschüler|Jugendliche', 'Artikelnummer des Herstellers': 'SG302', 'Altersempfehlung ab': '7 Jahre', 'Inhalt': '1 Stk.', 'Spieleranzahl': '1', 'Produkttyp': 'Denkspiele'}"||||||||||||||0|0|2904543_1.png|https://static.mueller.de/pdzoom/5414301524397.webp|2904543_2.png|https://static.mueller.de/pdzoom/5414301524397_2.webp|2904543_3.png|https://static.mueller.de/pdzoom/5414301524397_3.webp|2904543_4.png|https://static.mueller.de/pdzoom/5414301524397_6.webp|2904543_5.png|https://static.mueller.de/pdzoom/5414301524397_5.webp|2904543_6.png|https://static.mueller.de/pdzoom/5414301524397_4.webp||||||||||||SG302||||||||||1 Stk.|||False||2904543P|||||||||1
2904545|mueller||||||||2024-10-28|H&H Kinderbecher LAURA|H&H||1|Stk.|Home|Spielwaren|Kostüme & Partyartikel|Trends|H&H Kinderbecher LAURA|||8,99 €|8,99 €||||||||||||||EUR|Home> Spielwaren> Kostüme & Partyartikel> Trends> H&H Kinderbecher LAURA|https://www.mueller.at/p/h-h-kinderbecher-laura-IPN2904545/|1 Stk.|Der Personalisierte Kinderbecher besteht aus dem langlebigen, robusten aber leichten Material Melamin – somit ideal für kleine Kinderhände. Es wurde darauf geachtet, dass die Becher spülmaschinengeeignet sind. Ihr Fassungsvermögen beträgt 250ml.||||||||2 Jahre||||||||||||||Non-Organic||||"{'target_group': 'Kleinkinder|Kindergartenkinder|Grundschüler', 'Artikelnummer des Herstellers': '03225060048', 'Altersempfehlung ab': '2 Jahre', 'Inhalt': '1 Stk.', 'Produkttyp': 'Kleinspielzeug'}"||||||||||||||0|0|2904545_1.png|https://static.mueller.de/pdzoom/5099563201080_03225060048_Laura.webp||||||||||||||||||||||03225060048||||||||||1 Stk.|||True||2904545P|||||||||2
2904546|mueller||||||||2024-10-28|Smart Games ALLES FÜR DIE KATZ!|SMART GAMES||1|Stk.|Home|Spielwaren|Spiele & Puzzles|Spiele|Wissens- & Denkspiele|Smart Games ALLES FÜR DIE KATZ!||17,99 €|17,99 €||||||||||||||EUR|Home> Spielwaren> Spiele & Puzzles> Spiele> Wissens- & Denkspiele> Smart Games ALLES FÜR DIE KATZ!|https://www.mueller.at/p/smart-games-alles-fuer-die-katz-IPN2904546/|1 Stk.|"Katzen in Kisten!

Katzen lieben Kartons! Versetze die Spielsteine nacheinander, bis jede Katze in einem Karton ist. Kannst du ihnen helfen, es sich bequem zu machen? Ein Logikspiel für Kinder und Erwachsene in handlichem Format.
Aufgaben: 60
Spieler: 1
Inhalt:
1 Spielfeld mit Deckel, 5 Katzen, 4 Spielsteine, Aufgabenheft mit 60 Herausforderungen und Lösungen"||||||||7 Jahre||||||||||||||Non-Organic||||"{'target_group': 'Grundschüler|Jugendliche', 'Artikelnummer des Herstellers': 'SG450DE', 'Altersempfehlung ab': '7 Jahre', 'Inhalt': '1 Stk.', 'Spieleranzahl': '1', 'Produkttyp': 'Denkspiele'}"||||||||||||||0|0|2904546_1.png|https://static.mueller.de/pdzoom/5414301525233.webp|2904546_2.png|https://static.mueller.de/pdzoom/5414301525233_6.webp|2904546_3.png|https://static.mueller.de/pdzoom/5414301525233_5.webp|2904546_4.png|https://static.mueller.de/pdzoom/5414301525233_4.webp|2904546_5.png|https://static.mueller.de/pdzoom/5414301525233_3.webp|2904546_6.png|https://static.mueller.de/pdzoom/5414301525233_2.webp||||||||||||SG450DE||||||||||1 Stk.|||False||2904546P|||||||||1
2904548|mueller||||||||2024-10-28|H&H Kinderbecher LEA|H&H||1|Stk.|Home|Spielwaren|Kostüme & Partyartikel|Trends|H&H Kinderbecher LEA|||8,99 €|8,99 €||||||||||||||EUR|Home> Spielwaren> Kostüme & Partyartikel> Trends> H&H Kinderbecher LEA|https://www.mueller.at/p/h-h-kinderbecher-lea-IPN2904548/|1 Stk.|Der Personalisierte Kinderbecher besteht aus dem langlebigen, robusten aber leichten Material Melamin – somit ideal für kleine Kinderhände. Es wurde darauf geachtet, dass die Becher spülmaschinengeeignet sind. Ihr Fassungsvermögen beträgt 250ml.||||||||2 Jahre||||||||||||||Non-Organic||||"{'target_group': 'Kleinkinder|Kindergartenkinder|Grundschüler', 'Artikelnummer des Herstellers': '03225060049', 'Altersempfehlung ab': '2 Jahre', 'Inhalt': '1 Stk.', 'Produkttyp': 'Kleinspielzeug'}"||||||||||||||0|0|2904548_1.png|https://static.mueller.de/pdzoom/5099563201097_03225060049_Lea.webp||||||||||||||||||||||03225060049||||||||||1 Stk.|||True||2904548P|||||||||10
2904550|mueller||||||||2024-10-28|Smart Games IQ SIX PRO|SMART GAMES||1|Stk.|Home|Spielwaren|Spiele & Puzzles|Spiele|Wissens- & Denkspiele|Smart Games IQ SIX PRO||12,99 €|12,99 €||||||||||||||EUR|Home> Spielwaren> Spiele & Puzzles> Spiele> Wissens- & Denkspiele> Smart Games IQ SIX PRO|https://www.mueller.at/p/smart-games-iq-six-pro-IPN2904550/|1 Stk.|"Genausoviel Spaß wie mit dem IQ Puzzler Pro... aber mit sechseckigen Spielsteinen!

Auf der Oberseite des Spielfelds befindet sich ein Raster für 2D-Herausforderungen und ein Raster für 3D-Pyramiden-Herausforderungen, während auf der Unterseite des Spielbretts bunte Schmetterlinge auf dem 2D-Herausforderungsraster gestaltet werden können. Alles im kompakten IQ-Format!
Aufgaben: 120
Spieler: 1
Inhalt:
1 Spielfeld mit transparentem Deckel, 12 bunte Spielsteine, Aufgabenheft mit 120 Herausforderungen und Lösungen."||||||||8 Jahre||||||||||||||Non-Organic||||"{'target_group': 'Grundschüler|Jugendliche', 'Artikelnummer des Herstellers': 'SG479', 'Altersempfehlung ab': '8 Jahre', 'Inhalt': '1 Stk.', 'Spieleranzahl': '1', 'Produkttyp': 'Denkspiele'}"||||||||||||||0|0|2904550_1.png|https://static.mueller.de/pdzoom/5414301524540.webp|2904550_2.png|https://static.mueller.de/pdzoom/5414301524540_3.webp|2904550_3.png|https://static.mueller.de/pdzoom/5414301524540_2.webp||||||||||||||||||SG479||||||||||1 Stk.|||True||2904550P|||||||||10
2904551|mueller||||||||2024-10-28|H&H Kinderbecher LENA|H&H||1|Stk.|Home|Spielwaren|Kostüme & Partyartikel|Trends|H&H Kinderbecher LENA|||8,99 €|8,99 €||||||||||||||EUR|Home> Spielwaren> Kostüme & Partyartikel> Trends> H&H Kinderbecher LENA|https://www.mueller.at/p/h-h-kinderbecher-lena-IPN2904551/|1 Stk.|Der Personalisierte Kinderbecher besteht aus dem langlebigen, robusten aber leichten Material Melamin – somit ideal für kleine Kinderhände. Es wurde darauf geachtet, dass die Becher spülmaschinengeeignet sind. Ihr Fassungsvermögen beträgt 250ml.||||||||2 Jahre||||||||||||||Non-Organic||||"{'target_group': 'Kleinkinder|Kindergartenkinder|Grundschüler', 'Artikelnummer des Herstellers': '03225060050', 'Altersempfehlung ab': '2 Jahre', 'Inhalt': '1 Stk.', 'Produkttyp': 'Kleinspielzeug'}"||||||||||||||0|0|2904551_1.png|https://static.mueller.de/pdzoom/5099563201103_03225060050_Lena.webp||||||||||||||||||||||03225060050||||||||||1 Stk.|||True||2904551P|||||||||10
2879054|mueller||||||||2024-10-28|sensena NATURKOSMETIK Aromabadekissen Gute Laune|SENSENA NATURKOSMETIK||60|g|Home|Parfümerie|Pflege|Körperpflege|Baden|sensena NATURKOSMETIK Aromabadekissen Gute Laune||2,99 €|2,99 €|||||||||||49,83 € / 1 kg|||EUR|Home> Parfümerie> Pflege> Körperpflege> Baden> sensena NATURKOSMETIK Aromabadekissen Gute Laune|https://www.mueller.at/p/sensena-naturkosmetik-aromabadekissen-gute-laune-IPN2879054/|60 g|Wenn das warme Wasser den Körper umhüllt, die Nase in duftende Aromen abtaucht und der Stress langsam abgespült wird, dann setzt eine wahre Tiefenerholung ein. Gut, wenn dann der Badezusatz nicht nur gut duftet, sondern auch die Haut mit absolut natürlichen Inhaltstoffen verwöhnt, die je nach Ingredienz eine ganz besondere Wirkung entfaltet. Gut duften können viele Badekosmetika, die Aromabadekissen von sensena können jedoch viel mehr: Das Geheimnis liegt im hautfreundlichen Vlies, in dem die naturbelassenen und getrockneten Tee-, Blüten- und Pflanzenschnitte fest verschlossen sind. Das ist wie ein Bad in reiner Natur, ohne dass Sie sich die Kräuter, Rosen oder andere Blüten nach dem Bad vom Körper pflücken müssen.||Trocken lagern.||||||||||||||||||||Non-Organic||||"{'Lagerhinweis': 'Trocken lagern.', 'target_group': 'Damen|Herren|Unisex', 'manufacturer': 'Accentra GmbH & Co. KG', 'Herstelleradresse': 'Rudolf-Diesel-Straße 7, 91572 Bechhofen, Deutschland', 'Kontaktmöglichkeit': 'info@accentra.de', 'Anwendungshinweis': 'Das Aromabadekissen in das wohltemperierte Badewasser Ihres Vollbades geben. Durch leichtes Drücken des Aromabadekissens unterstützen Sie die Entfaltung der ätherischen Öle. Badetemperatur: 35 - 38° C Badedauer: 15 - 20 Minuten', 'package_contents': 'Maris Sal, **Hypericum Perforatum Extract, **Calendula Officinalis Flower, Melissa Officinalis Leaf Powder, Rosa Centifolia Flower, **Carthamus Tinctorius Seed Oil, *Parfum (Fragrance), **Cannabis Sativa Leaf, Maltodextrin, **Simmondsia Chinensis Seed Oil, Tocopherol, Helianthus Annuus Seed Oil, Gardenia Jasminoides Fruit Extract, **Cannabis Sativa Seed Oil, Hydrolyzed Gardenia Florida Extract, *Linalool, *Limonene, *aus natürlichen Duftstoffen, **aus kontrolliert biologischem Anbau.', 'skin_type': 'normale Haut', 'product_property': 'pflegend|reinigend', 'Inhalt': '60 g', 'scope_of_application': 'Baden', 'Produkttyp': 'Badetabletten'}"||||||||||||||0|0|2879054_1.png|https://static.mueller.de/pdzoom/4015953683534.webp||||||||||||||||||||||Accentra GmbH & Co. KG||||||||||60 g|Maris Sal, **Hypericum Perforatum Extract, **Calendula Officinalis Flower, Melissa Officinalis Leaf Powder, Rosa Centifolia Flower, **Carthamus Tinctorius Seed Oil, *Parfum (Fragrance), **Cannabis Sativa Leaf, Maltodextrin, **Simmondsia Chinensis Seed Oil, Tocopherol, Helianthus Annuus Seed Oil, Gardenia Jasminoides Fruit Extract, **Cannabis Sativa Seed Oil, Hydrolyzed Gardenia Florida Extract, *Linalool, *Limonene, *aus natürlichen Duftstoffen, **aus kontrolliert biologischem Anbau.||True||2879054P|||||||||10
2879056|mueller||||||||2024-10-28|Makotex - Schweisbandset Hellblau|MAKOTEX||1|Stk.|Home|Spielwaren|Kostüme & Partyartikel|Kostüme & Schminke|Makotex - Schweisbandset Hellblau|||2,99 €|2,99 €||||||||||||||EUR|Home> Spielwaren> Kostüme & Partyartikel> Kostüme & Schminke> Makotex - Schweisbandset Hellblau|https://www.mueller.at/p/makotex-schweisbandset-hellblau-IPN2879056/|1 Stk.|Makotex - Schweisbandset Hellblau||||||||14 Jahre||||||||||||||Non-Organic||||"{'target_group': 'Jugendliche|Erwachsene', 'Artikelnummer des Herstellers': '998984979', 'Altersempfehlung ab': '14 Jahre', 'Inhalt': '1 Stk.', 'Produkttyp': 'Sonstiges Kostümzubehör'}"||||||||||||||0|0|2879056_1.png|https://static.mueller.de/pdzoom/4039996406325.webp||||||||||||||||||||||998984979||||||||||1 Stk.|||False||2879056P|||||||||1
2747439|mueller||||||||2024-10-28|Freche Freunde Bio Gläschen Birne, Banane & Karotte|FRECHE FREUNDE||120|g|Home|Drogerie|Kind & Mama|Babynahrung|Beikost|Früchte|Freche Freunde Bio Gläschen Birne, Banane & Karotte|1,10 €|1,10 €|||||||||||9,17 € / 1 kg|||EUR|Home> Drogerie> Kind & Mama> Babynahrung> Beikost> Früchte> Freche Freunde Bio Gläschen Birne, Banane & Karotte|https://www.mueller.at/p/freche-freunde-bio-glaeschen-birne-banane-karotte-2747439/|120 g|Das Bio-Gläschen mit leckerer Birne, Banane und süßer Karotte wird in Bio-Qualität hergestellt. Das Gläschen ist für Babys ab dem 5. Monat geeignet und schmeckt wunderbar mild. Dabei kommt es ganz ohne Zuckerzusatz aus (Zutaten enthalten von Natur aus Zucker). Milde Obst- und Gemüse Sorten, wie die in diesem Brei verarbeiteten, eignen sich besonders gut für die Beikosteinführung. Mit den Babygläschen von Baby Freche Freunde können Kinder besonders leicht die vielfältige Obst- und Gemüsewelt kennenlernen und in eine spannende Beikost-Zeit starten. Das Babygläschen mit 120 g liefert eine ideale Menge an Brei für die kleinen Obst- und Gemüse-Entdecker*innen. ohne Zuckerzusatz (Zutaten enthalten von Natur aus Zucker)milde Babynahrung im praktischen 120 g Gläschenmilde Obst und Gemüsesorten perfekt für die BeikosteinführungMit dem Babybrei von Baby Freche Freunde können Babys die vielfältige Obst- und Gemüsewelt kennenlernenfür eine entspannte Beikost ZeitBabygläschen in Bio-Qualität für Babys ab dem 5. Monat||Lichtgeschützt, kühl & trocken lagern. Nicht verwendeten Rest verschlossen im Kühlschrank aufbewahren, innerhalb eines Tages verbrauchen.|||||||||{'Nährwerte je': '100  g', 'Brennwert': '216 kj / 51 kcal', 'Fett in g': '0.0 g', '- davon gesättigte Fettsäuren in g': '0.0 g', 'Kohlenhydrate in g': '11.0 g', '- davon Zucker in g': '11.0 g', 'Ballaststoffe in g': '1.4 g', 'Eiweiß in g': '0.6 g', 'Salz in g': '0.03 g'}|||||||||||Organic||||"{'Lagerhinweis': 'Lichtgeschützt, kühl & trocken lagern. Nicht verwendeten Rest verschlossen im Kühlschrank aufbewahren, innerhalb eines Tages verbrauchen.', 'manufacturer': 'erdbär GmbH', 'Herstelleradresse': 'Eberswalder Str. 6-9\n10437 Berlin', 'Kontaktmöglichkeit': 'info@erdbaer.de', 'Öko-Kontrollstelle': 'ES-ECO-024', 'Anwendungshinweis': 'Vor Verzehr prüfen, ob das Gläschen unversehrt ist. Nur Plastiklöffel verwenden.', 'Inhalt': '120 g', 'Bio': 'Ja', 'Eigenschaften': 'vegetarisch gemaeß Rezeptur|Vegan', 'Zutaten': 'Birne* 42%, Banane* 29%, Karotte* 29%, Zitronensaft*.\n* = aus biologischem Landbau.', 'Produkttyp': 'Früchte', 'Zubereitungshinweis': 'Idealerweise erfolgt der Verzehr von einem Löffel.'}"||||||||||||||5.0|2|2747439_1.png|https://static.mueller.de/markant_04260618525555_pv_5009388/pdzoom/freche-freunde-bio-glaeschen-birne-banane-karotte.webp|2747439_2.png|https://static.mueller.de/markant_04260618525555_pv_5009389/pdzoom/freche-freunde-bio-glaeschen-birne-banane-karotte.webp|2747439_3.png|https://static.mueller.de/markant_04260618525555_pr_5009390/pdzoom/freche-freunde-bio-glaeschen-birne-banane-karotte.webp|2747439_4.png|https://static.mueller.de/markant_04260618525555_pd_3836543/pdzoom/freche-freunde-bio-glaeschen-birne-banane-karotte.webp|2747439_5.png|https://static.mueller.de/markant_04260618525555_pd_3836545/pdzoom/freche-freunde-bio-glaeschen-birne-banane-karotte.webp|2747439_6.png|https://static.mueller.de/markant_04260618525555_pd_3836542/pdzoom/freche-freunde-bio-glaeschen-birne-banane-karotte.webp||||||||||||erdbär GmbH||||||||||120 g|||True||2747439P|||||||||3
2879058|mueller||||||||2024-10-28|Mein glitzernder Mandala-Malblock. Ruhe und Kreativität - Malspaß zur Entspannung für Kinder ab 5 Jahre|||1|Stk.|Home|Spielwaren|Buch & Schulbedarf|Kinder- & Jugendbücher|Mein glitzernder Mandala-Malblock. Ruhe und Kreativität - Malspaß zur Entspannung für Kinder ab 5 Jahre|||6,20 €|6,20 €||||||||||||||EUR|Home> Spielwaren> Buch & Schulbedarf> Kinder- & Jugendbücher> Mein glitzernder Mandala-Malblock. Ruhe und Kreativität - Malspaß zur Entspannung für Kinder ab 5 Jahre|https://www.mueller.at/p/mein-glitzernder-mandala-malblock-ruhe-und-kreativitaet-malspass-zur-entspannung-fuer-kinder-ab-5-jahre-IPN2879058/|1 Stk.|48 Mandalas laden zum Ausmalen ein und sorgen für Entspannung pur. Denn Mandalas auszumalen hat etwas Magisches: Es ist eine Quelle der Ruhe und Kraft. Dieser Mandala-Malblock spricht die Seele an und bringt die Kreativität in Fluss. Hier findet jeder seine liebsten Kreismotive - Kinder wie auch Erwachsene. Wer eine Pause vom Alltag braucht, ist hier genau richtig. Farben wählen, Muster gestalten und dabei einfach träumen. Schon ist man in einer Oase der Ruhe! Der Begriff „Mandala“ stammt aus dem Altindischen und bedeutet Kreis oder Zentrum. Bei diesen Kreisbildern sind die Formen und Muster um einen ruhenden Mittelpunkt herum angeordnet. Denn der Kreis gilt seit Urzeiten in allen Kulturen als ein Symbol für den Kreislauf des Lebens. Auch heute noch begegnen wir ihnen überall: Blüten, Jahresringe der Bäume, Kirchenfenster, Sonne, Mond, …  Im oft hektischen Alltag der Kinder bietet das Ausmalen von Mandalas einen hervorragenden Gegenpol. Durch ihre harmonische Gestaltung haben Mandalas eine beruhigende Wirkung||||||||||||||||||||||Non-Organic||||"{'target_group': 'Kindergartenkinder|Grundschüler', 'genre': 'Malen', 'author': 'Arena', 'Einband': 'Softcover', 'publishing_year': '2023', 'Inhalt': '1 Stk.', 'ISBN Ausgangsbuch': '9783401719276', 'Produkttyp': 'Kinder- & Jugendbücher', 'page_number': '96'}"||||||||||||||0|0|2879058_1.png|https://static.mueller.de/pdzoom/9783401719276.webp||||||||||||||||||||||||||||||||1 Stk.|||True||2879058P|||||||||10
2879059|mueller||||||||2024-10-28|Makotex - Schweisbandset Orange|MAKOTEX||1|Stk.|Home|Spielwaren|Kostüme & Partyartikel|Kostüme & Schminke|Makotex - Schweisbandset Orange|||2,99 €|2,99 €||||||||||||||EUR|Home> Spielwaren> Kostüme & Partyartikel> Kostüme & Schminke> Makotex - Schweisbandset Orange|https://www.mueller.at/p/makotex-schweisbandset-orange-IPN2879059/|1 Stk.|Makotex - Schweisbandset Orange||||||||14 Jahre||||||||||||||Non-Organic||||"{'target_group': 'Jugendliche|Erwachsene', 'Artikelnummer des Herstellers': '993984979', 'Altersempfehlung ab': '14 Jahre', 'Inhalt': '1 Stk.', 'Produkttyp': 'Sonstiges Kostümzubehör'}"||||||||||||||0|0|2879059_1.png|https://static.mueller.de/pdzoom/4039996402327.webp||||||||||||||||||||||993984979||||||||||1 Stk.|||False||2879059P|||||||||1
2037668|mueller||||||||2024-10-28|DC Comics - Batman Logo - Keramik Tasse|||1|Stk.|Home|Multi-Media|Fanartikel|DC Comics - Batman Logo - Keramik Tasse||||8,99 €|8,99 €||||||||||||||EUR|Home> Multi-Media> Fanartikel> DC Comics - Batman Logo - Keramik Tasse|https://www.mueller.at/p/dc-comics-batman-logo-keramik-tasse-2037668/|1 Stk.|DC Comic Tasse||||||||||||||||||||||Non-Organic||||{'Höhe': '9.5 cm', 'Breite': '8.5 cm', 'Inhalt': '1 Stk.', 'Produkttyp': 'Fan-Artikel'}||||||||||||||5.0|1|2037668_1.png|https://static.mueller.de/5486493474-PV-0/pdzoom/dc-comics-batman-logo-keramik-tasse.webp||||||||||||||||||||||||||||||||1 Stk.|||False||2037668P|||||||||1
2747440|mueller||||||||2024-10-28|Freche Freunde Bio Gläschen Abendbrei Apfel, Zimt mit Hafer|FRECHE FREUNDE||120|g|Home|Drogerie|Kind & Mama|Babynahrung|Beikost|Abendbreie|Freche Freunde Bio Gläschen Abendbrei Apfel, Zimt mit Hafer|1,10 €|1,10 €|||||||||||9,17 € / 1 kg|||EUR|Home> Drogerie> Kind & Mama> Babynahrung> Beikost> Abendbreie> Freche Freunde Bio Gläschen Abendbrei Apfel, Zimt mit Hafer|https://www.mueller.at/p/freche-freunde-bio-glaeschen-abendbrei-apfel-zimt-mit-hafer-2747440/|120 g|Das Bio Gläschen Abendbrei mit fruchtigem Apfel, Zimt und wertvollem Hafer wird mit Bio-Zutaten und in höchster Qualität für Babys ab dem 8. Monat hergestellt. Der  Abendbrei ohne Milch schmeckt lieblich mild und kommt ganz ohne Zuckerzusatz aus (Zutaten enthalten von Natur aus Zucker). Mit diesem Abendbrei von Baby Freche Freunde können Babys die vielfältige Obst- und Getreidewelt kennenlernen und in eine spannende Beikost-Zeit starten. Das Babygläschen mit 120 g liefert eine ideale Menge an sättigendem Babybrei für die Abendzeit. ohne Zuckerzusatz (Zutaten enthalten von Natur aus Zucker)milde Babynahrung im praktischen 120 g Gläschenfeiner Abendbrei ganz ohne Milchfür eine entspannte Beikost ZeitBabygläschen in Bio-Qualität für Babys ab dem 8. Monat||Lichtgeschützt, kühl & trocken lagern. Rest verschlossen im Kühlschrank aufbewahren und innerhalb von 2 Tagen verbrauchen.|||||||||{'Nährwerte je': '100  g', 'Brennwert': '246 kj / 58 kcal', 'Fett in g': '0.5 g', '- davon gesättigte Fettsäuren in g': '0.2 g', 'Kohlenhydrate in g': '12.0 g', '- davon Zucker in g': '10.0 g', 'Ballaststoffe in g': '1.7 g', 'Eiweiß in g': '0.6 g', 'Salz in g': '0.0 g'}|||||||||||Organic||||"{'Lagerhinweis': 'Lichtgeschützt, kühl & trocken lagern. Rest verschlossen im Kühlschrank aufbewahren und innerhalb von 2 Tagen verbrauchen.', 'manufacturer': 'erdbär GmbH', 'Herstelleradresse': 'Eberswalder Str. 6-9\n10437 Berlin', 'Kontaktmöglichkeit': 'info@erdbaer.de', 'Öko-Kontrollstelle': 'ES-ECO-024-MU', 'Anwendungshinweis': 'Als Abendbrei. Vor Verzehr prüfen, ob das Gläschen unversehrt ist. Nur Plastiklöffel verwenden.', 'Inhalt': '120 g', 'Bio': 'Ja', 'Eigenschaften': 'vegetarisch gemaeß Rezeptur|Vegan', 'Zutaten': 'Apfel* 96%, HAFERflocken* 4%, Zimt* 0,02%.\n* = aus biologischem Landbau.', 'Produkttyp': 'Abendbreie', 'Zubereitungshinweis': 'Idealerweise erfolgt der Verzehr von einem Löffel.'}"||||||||||||||5.0|1|2747440_1.png|https://static.mueller.de/markant_04260618525593_pv_5009394/pdzoom/freche-freunde-bio-glaeschen-abendbrei-apfel-zimt-mit-hafer.webp|2747440_2.png|https://static.mueller.de/markant_04260618525593_pv_5009393/pdzoom/freche-freunde-bio-glaeschen-abendbrei-apfel-zimt-mit-hafer.webp|2747440_3.png|https://static.mueller.de/markant_04260618525593_pr_5009391/pdzoom/freche-freunde-bio-glaeschen-abendbrei-apfel-zimt-mit-hafer.webp|2747440_4.png|https://static.mueller.de/markant_04260618525593_pd_3836554/pdzoom/freche-freunde-bio-glaeschen-abendbrei-apfel-zimt-mit-hafer.webp|2747440_5.png|https://static.mueller.de/markant_04260618525593_pd_3836552/pdzoom/freche-freunde-bio-glaeschen-abendbrei-apfel-zimt-mit-hafer.webp|2747440_6.png|https://static.mueller.de/markant_04260618525593_pd_5009392/pdzoom/freche-freunde-bio-glaeschen-abendbrei-apfel-zimt-mit-hafer.webp||||||||||||erdbär GmbH||||||||||120 g|||True||2747440P|||||||||10
2747441|mueller||||||||2024-10-28|Freche Freunde Bio Gläschen Apfel, Erdbeere & Blaubeere|FRECHE FREUNDE||120|g|Home|Drogerie|Kind & Mama|Babynahrung|Beikost|Früchte|Freche Freunde Bio Gläschen Apfel, Erdbeere & Blaubeere|1,10 €|1,10 €|||||||||||9,17 € / 1 kg|||EUR|Home> Drogerie> Kind & Mama> Babynahrung> Beikost> Früchte> Freche Freunde Bio Gläschen Apfel, Erdbeere & Blaubeere|https://www.mueller.at/p/freche-freunde-bio-glaeschen-apfel-erdbeere-blaubeere-2747441/|120 g|Das Bio-Gläschen mit fruchtigem Apfel, süßer Erdbeere und leckeren Blaubeeren in Bio-Qualität schmeckt wunderbar fruchtig-mild und kommt dabei ganz ohne Zuckerzusatz aus (Zutaten enthalten von Natur aus Zucker). Mit diesem fruchtigen Babybrei von Baby Freche Freunde können Kinder ab dem 6. Monat die vielfältige Obstwelt kennenlernen und in eine spannende Beikost-Zeit starten. Das Babygläschen mit 120 g liefert eine ideale Menge an Obstbrei für die Kleinsten der Baby Freche Freunde Fans. ohne Zuckerzusatz (Zutaten enthalten von Natur aus Zucker)milde Babynahrung im praktischen 120 g GläschenMit dem Babybrei von Baby Freche Freunde können Babys die vielfältige Obst- und Gemüsewelt kennenlernen.für eine entspannte Beikost ZeitBabygläschen in Bio-Qualität für Babys ab dem 6. Monat||Lichtgeschützt, kühl & trocken lagern. Nicht verwendeten Rest verschlossen im Kühlschrank aufbewahren, innerhalb eines Tages verbrauchen.|||||||||{'Nährwerte je': '100  g', 'Brennwert': '207 kj / 49 kcal', 'Fett in g': '0.0 g', '- davon gesättigte Fettsäuren in g': '0.0 g', 'Kohlenhydrate in g': '11.0 g', '- davon Zucker in g': '9.0 g', 'Ballaststoffe in g': '1.4 g', 'Eiweiß in g': '0.3 g', 'Salz in g': '0.02 g'}|||||||||||Organic||||"{'Lagerhinweis': 'Lichtgeschützt, kühl & trocken lagern. Nicht verwendeten Rest verschlossen im Kühlschrank aufbewahren, innerhalb eines Tages verbrauchen.', 'manufacturer': 'erdbär GmbH', 'Herstelleradresse': 'Eberswalder Str. 6 - 9\n10437 Berlin', 'Kontaktmöglichkeit': 'info@erdbaer.de', 'Öko-Kontrollstelle': 'ES-ECO-024-MU', 'Anwendungshinweis': 'Vor Verzehr prüfen, ob das Gläschen unversehrt ist. Nur Plastiklöffel verwenden.', 'Inhalt': '120 g', 'Bio': 'Ja', 'Eigenschaften': 'vegetarisch gemaeß Rezeptur|Vegan', 'Zutaten': 'Apfel* 74%, Erdbeere* 20%, Blaubeere* 5%, getrocknete Apfelstücke* 1%. \n* = aus biologischem Landbau', 'Produkttyp': 'Früchte', 'Zubereitungshinweis': 'Idealerweise erfolgt der Verzehr von einem Löffel.'}"||||||||||||||0|0|2747441_1.png|https://static.mueller.de/markant_04260618525531_pv_5030751/pdzoom/freche-freunde-bio-glaeschen-apfel-erdbeere-blaubeere.webp|2747441_2.png|https://static.mueller.de/markant_04260618525531_pr_5009381/pdzoom/freche-freunde-bio-glaeschen-apfel-erdbeere-blaubeere.webp|2747441_3.png|https://static.mueller.de/markant_04260618525531_pd_3815101/pdzoom/freche-freunde-bio-glaeschen-apfel-erdbeere-blaubeere.webp|2747441_4.png|https://static.mueller.de/markant_04260618525531_pd_5009385/pdzoom/freche-freunde-bio-glaeschen-apfel-erdbeere-blaubeere.webp|2747441_5.png|https://static.mueller.de/markant_04260618525531_pd_5009386/pdzoom/freche-freunde-bio-glaeschen-apfel-erdbeere-blaubeere.webp|2747441_6.png|https://static.mueller.de/markant_04260618525531_pd_5009380/pdzoom/freche-freunde-bio-glaeschen-apfel-erdbeere-blaubeere.webp||||||||||||erdbär GmbH||||||||||120 g|||True||2747441P|||||||||3
2879070|mueller||||||||2024-10-28|Jean&Len Trockenshampoo Frische & Volumen|JEAN&LEN||200|ml|Home|Drogerie|Pflege|Haarpflege|Haarwäsche|Trockenshampoo|Jean&Len Trockenshampoo Frische & Volumen|4,45 €|4,45 €|||||||||||22,25 € / 1 l|||EUR|Home> Drogerie> Pflege> Haarpflege> Haarwäsche> Trockenshampoo> Jean&Len Trockenshampoo Frische & Volumen|https://www.mueller.at/p/jean-len-trockenshampoo-frische-volumen-IPN2879070/|200 ml|Für langanhaltend frisches Haar ganz ohne Haarewaschen.,Keine weißen Rückstände.,Kein fettiger Haaransatz,Das Haar duftet fruchtig frisch nach Llilie. veganohne Parabene und Silikoneohne Mineralölohne flüssiges Mikroplastikohne Inhaltsstoffe tierischen Ursprungs||Vor Sonnenbestrahlung schützen. Nicht Temperaturen über 50 °C/ 122 °F aussetzen. Von Hitze, heißen Oberflächen, Funken, offenen Flammen und anderen Zündquellen fernhalten.||||||||||||||||||||Non-Organic||||"{'Lagerhinweis': 'Vor Sonnenbestrahlung schützen. Nicht Temperaturen über 50 °C/ 122 °F aussetzen. Von Hitze, heißen Oberflächen, Funken, offenen Flammen und anderen Zündquellen fernhalten.', 'Effekt': 'pflegend', 'hair_type': 'alle Haartypen', 'target_group': 'Unisex|Damen|Herren', 'manufacturer': 'Jean & Len GmbH', 'Herstelleradresse': 'Brunnenstraße 31 72505 Krauchenwies', 'Kontaktmöglichkeit': 'hallo@jeanlen.de', 'dermatologically_tested': 'Ja', 'Anwendungshinweis': 'Dose vor Gebrauch gut schütteln. Aus ca. 20 cm Entfernung auf den trockenen Haaransatz sprühen, kurz einwirken lassen, gründlich ausbürsten und frisch verliebt in Deine Haarpracht sein.', 'package_contents': 'butane, propane, alcohol denat., oryza sativa (rice) starch, tocopheryl acetate, cetrimonium chloride, distearyldimonium chloride, panthenol, citric acid, aqua, parfum, alpha-isomethyl ionone, benzyl alcohol, benzyl salicylate, citral, hexyl cinnamal, limonene.', 'product_property': 'reinigend', 'Inhalt': '200 ml', 'Produkttyp': 'Trockenshampoo'}"||||||||||||||3.6667|3|2879070_1.png|https://static.mueller.de/markant_04260702188291_pv_3775751/pdzoom/jean-len-trockenshampoo-frische-volumen.webp|2879070_2.png|https://static.mueller.de/pdzoom/4260702188291_13062024_2.webp||||||||||||||||||||Jean & Len GmbH||||||||||200 ml|butane, propane, alcohol denat., oryza sativa (rice) starch, tocopheryl acetate, cetrimonium chloride, distearyldimonium chloride, panthenol, citric acid, aqua, parfum, alpha-isomethyl ionone, benzyl alcohol, benzyl salicylate, citral, hexyl cinnamal, limonene.||True||2879070P||||Gefahr Extrem entzündbares Aerosol. Behälter steht unter Druck: Kann bei Erwärmung bersten. Von Hitze, heißen Oberflächen, Funken, offenen Flammen und anderen Zündquellen fernhalten. Nicht rauchen. Nicht gegen offene Flamme oder andere Zündquelle sprühen. Nicht durchstechen oder verbrennen, auch nicht nach Gebrauch. Vor Sonnenbestrahlung schützen. Nicht Temperaturen über 50 °C/ 122 °F aussetzen. Darf nicht in die Hände von Kindern gelangen. Nicht in die Augen sprühen.|||||10
456876|mueller||||||||2024-10-28|Henkeltasche Santa gross 25x30x10cm|MÜLLER||1|Stk.|Home|Schreibwaren|Bastelbedarf|Geschenkverpackungen|Henkeltasche Santa gross 25x30x10cm|||1,99 €|1,99 €||||||||||||||EUR|Home> Schreibwaren> Bastelbedarf> Geschenkverpackungen> Henkeltasche Santa gross 25x30x10cm|https://www.mueller.at/p/henkeltasche-santa-gross-25x30x10cm-456876/|1 Stk.|Die wiederverwendbare Geschenktüte mit schönem Weihnachtsmotiv ist die nachhaltige und unkomplizierte Verpackungsalternative zum Geschenkpapier und ist immer - aber auch im letzten Moment - die perfekte Lösung.||||||||||||||||||||||Non-Organic||||{'Inhalt': '1 Stk.', 'Produkttyp': 'Geschenkverpackungen'}||||||||||||||0|0|456876_1.png|https://static.mueller.de/6851163668-PV-0/pdzoom/henkeltasche-santa-gross-25x30x10cm.webp||||||||||||||||||||||||||||||||1 Stk.|||False||456876P|||||||||1
2879071|mueller||||||||2024-10-28|Makotex - Squidgame Maske Kreis|MAKOTEX||1|Stk.|Home|Spielwaren|Kostüme & Partyartikel|Kostüme & Schminke|Makotex - Squidgame Maske Kreis|||4,99 €|4,99 €||||||||||||||EUR|Home> Spielwaren> Kostüme & Partyartikel> Kostüme & Schminke> Makotex - Squidgame Maske Kreis|https://www.mueller.at/p/makotex-squidgame-maske-kreis-IPN2879071/|1 Stk.|Makotex - Squidgame Maske Kreis||||||||14 Jahre||||||||||||||Non-Organic||||"{'target_group': 'Jugendliche|Erwachsene', 'Artikelnummer des Herstellers': '990979319-3', 'Altersempfehlung ab': '14 Jahre', 'Inhalt': '1 Stk.', 'Produkttyp': 'Sonstiges Kostümzubehör'}"||||||||||||||0|0|2879071_1.png|https://static.mueller.de/pdzoom/4039996465490.webp||||||||||||||||||||||990979319-3||||||||||1 Stk.|||False||2879071P|||||||||1
2879073|mueller||||||||2024-10-28|"Der kleine Rabe Socke: Alles ratzfatz weggewischt! - Schwungübungen | Mit abwischbaren Seiten & Stift"|||1|Stk.|Home|Spielwaren|Buch & Schulbedarf|Kinder- & Jugendbücher|"Der kleine Rabe Socke: Alles ratzfatz weggewischt! - Schwungübungen | Mit abwischbaren Seiten & Stift"|||7,80 €|7,80 €||||||||||||||EUR|"Home> Spielwaren> Buch & Schulbedarf> Kinder- & Jugendbücher> Der kleine Rabe Socke: Alles ratzfatz weggewischt! - Schwungübungen | Mit abwischbaren Seiten & Stift"|https://www.mueller.at/p/der-kleine-rabe-socke-alles-ratzfatz-weggewischt-schwunguebungen-mit-abwischbaren-seiten-stift-IPN2879073/|1 Stk.|"Nachfahren – wegwischen, Linien folgen – wegwischen ... ein tolles Beschäftigungsbuch vom kleinen Raben Socke für Kinder ab 4 Jahren.

Der kleine Rabe Socke und seine Freunde zeigen Vorschulkindern wichtige Lernstufen für den Schulanfang: Einen Stift richtig zu halten und die Bewegung zu kontrollieren, ist gar nicht so einfach. Aber mit den abwechslungsreichen Schwungübungen zu allen Buchstabenformen und der Möglichkeit, diese immer wieder zu trainieren, wird aus der Malhand schon bald eine Schreibhand.

spielerische Vorbereitung auf das Schreibenlernen
fördert genaues Hinsehen und Konzentration
trainiert motorische Fähigkeiten und die Schreibhand
Dank trockenem und rückstandslos abwischbarem Stift können kleine Fehler sofort korrigiert und die Aufgaben und Übungen beliebig oft wiederholt werden!
So wird erstes Lernen spielend leicht und macht richtig viel Spaß!

Fördern und begleiten Sie ihr Kind auf dem Weg zum erfolgreichen Schulstart – mit diesen Lernheften zum Immer-wieder-Üben geht das ratzfatz!"||||||||||||||||||||||Non-Organic||||"{'target_group': 'Kindergartenkinder|Grundschüler', 'genre': 'Lernen', 'author': 'Esslinger in der Thienemann-Esslinger Verlag GmbH', 'publishing_year': '2023', 'Inhalt': '1 Stk.', 'ISBN Ausgangsbuch': '9783480238279', 'Produkttyp': 'Kinder- & Jugendbücher', 'page_number': '24'}"||||||||||||||0|0|2879073_1.png|https://static.mueller.de/pdzoom/9783480238279.webp||||||||||||||||||||||||||||||||1 Stk.|||True||2879073P|||||||||10
2326830|mueller||||||||2024-10-28|WMF Mono Induktionskochfeld KULT X|WMF||1|Stk.|Home|Haushalt|Kochen & Backen|Küchengeräte|Weitere Geräte|WMF Mono Induktionskochfeld KULT X||119,99 €|119,99 €|119,99 €|89,99 €||||25%|Sie sparen 25%|||||||EUR|Home> Haushalt> Kochen & Backen> Küchengeräte> Weitere Geräte> WMF Mono Induktionskochfeld KULT X|https://www.mueller.at/p/wmf-mono-induktionskochfeld-kult-x-2326830/|1 Stk.|"Für alle, die beim Kochen, Anbraten, Garen und Warmhalten von Speisen maximale Flexibilität genießen möchten. Das platzsparende Induktionskochfeld ist so leistungsstark, dass es genauso schnell auf Temperatur kommt wie beim Kochen mit Gas.Einfach Topf oder Pfanne auf das Induktionsfeld – und per Touch-Display acht Leistungsstufen oder sechs voreingestellte Programme wählen. Selbst bei der Booster- Funktion fürs schnelle Erhitzen kann nichts anbrennen. Und wenn mal was daneben geht, lässt sich die Glaskeramik-Oberfläche ganz leicht wieder reinigen. Mobiles Induktionskochfeld perfekt für kleine Küchen. Auch ideal für das Kochen direkt am Tisch oder zum Warmhalten von Speisen geeignet.Mit dem Mono Induktionskochfeld schnell und effizient Speisen erwärmern, erhitzen oder garenKochen mit Induktion geht schneller als auf Elektroherden und so schnell wie mit Gas

6 praktische Direktwahlprogramme:Warmhalten - Speisen auf Serviertemperatur warmhaltenMilch aufwärmen - Milch aufwärmen oder Covertüre schmelzenSimmern - Garen in heißem Wasser unter dem SiedepunktDampfgarenAnbraten - schnelles Anbraten von FleischBooster-Funktion - Maximale Leistung für ein schnelles Aufheizen
8 Leistungsstufen, einfach einstellbar per Slide Control
Timer-Funktion mit Digitalanzeige
Für Topf- und Pfannengrößen bis zu 280mm
Glaskeramik-Oberfläche
Touch-Display für eine einfache Bedienung per Fingertouch
Platzsparendes Design mit niedriger Höhe
Automatische Topferkennung und Überhitzungsschutz
"||||||||||||||||||||||Non-Organic||||{'Modellnummer': '415240011', 'Höhe': '4.8 cm', 'Breite': '29.1 cm', 'Tiefe': '37.1 cm', 'Inhalt': '1 Stk.'}|||||||415240011|||||||5.0|1|2326830_1.png|https://static.mueller.de/6700893460-PV-0/pdzoom/wmf-mono-induktionskochfeld-kult-x.webp|2326830_2.png|https://static.mueller.de/6700893460-PB-1/pdzoom/wmf-mono-induktionskochfeld-kult-x.webp|2326830_3.png|https://static.mueller.de/6700893460-PB-2/pdzoom/wmf-mono-induktionskochfeld-kult-x.webp|2326830_4.png|https://static.mueller.de/6700893460-PB-3/pdzoom/wmf-mono-induktionskochfeld-kult-x.webp||||||||||||||||||||||||||1 Stk.|||True||2326830P|||||||||2
2497867|mueller||||||||2024-10-28|Kugelschreiber Ballograph RONDO kornblumenblau|||1|Stk.|Home|Schreibwaren|Schreibgeräte|Kugelschreiber|Kugelschreiber Ballograph RONDO kornblumenblau|||7,19 €|7,19 €||||||||||||||EUR|Home> Schreibwaren> Schreibgeräte> Kugelschreiber> Kugelschreiber Ballograph RONDO kornblumenblau|https://www.mueller.at/p/kugelschreiber-ballograph-rondo-kornblumenblau-2497867/|1 Stk.|Kugelschreiber Ballograph RONDO mit Druckmechanik. Aufgrund des gummierten Schachtes liegt der Kugelschreiber besonders gu tin der Hand.Dokumentenechte Tinte. Schreibfarbe: blau.||||||||||||||||||||||Non-Organic||||{'Inhalt': '1 Stk.', 'Produkttyp': 'Kugelschreiber'}||||||||||||||0|0|2497867_1.png|https://static.mueller.de/7020469881-PV-0/pdzoom/kugelschreiber-ballograph-rondo-kornblumenblau.webp||||||||||||||||||||||||||||||||1 Stk.|||False||2497867P|||||||||1
2904531|mueller||||||||2024-10-28|Smart Games SCHWING DIE HUFE|SMART GAMES||1|Stk.|Home|Spielwaren|Spiele & Puzzles|Spiele|Wissens- & Denkspiele|Smart Games SCHWING DIE HUFE||24,99 €|24,99 €||||||||||||||EUR|Home> Spielwaren> Spiele & Puzzles> Spiele> Wissens- & Denkspiele> Smart Games SCHWING DIE HUFE|https://www.mueller.at/p/smart-games-schwing-die-hufe-IPN2904531/|1 Stk.|"Schaffst du den Parcours? 

Gleich beginnt das große Springturnier! Sattel dein Pferd, reite an den Start und schon geht es los. Bilde einen Parcours vom Start bis zum Ziel und springe in der richtigen Reihenfolge über die Hindernisse. Bist du auf dem richtigen Weg, die 80 Aufgaben zu lösen?  

Steig auf dein Pferd und schwing die Hufe! 
Aufgaben: 80
Spieler: 1
Inhalt:
1 Spielbrett, 1 Tor, 10 Spielsteine mit Pfaden und Hürden, 1 Pferd mit Reiter, Aufgabenheft mit 80 Herausforderungen und Lösungen"||||||||7 Jahre||||||||||||||Non-Organic||||"{'target_group': 'Grundschüler|Jugendliche', 'Artikelnummer des Herstellers': 'SG097DE', 'Altersempfehlung ab': '7 Jahre', 'Inhalt': '1 Stk.', 'Spieleranzahl': '1', 'Produkttyp': 'Denkspiele'}"||||||||||||||0|0|2904531_1.png|https://static.mueller.de/pdzoom/5414301524571.webp|2904531_2.png|https://static.mueller.de/pdzoom/5414301524571_5.webp|2904531_3.png|https://static.mueller.de/pdzoom/5414301524571_4.webp|2904531_4.png|https://static.mueller.de/pdzoom/5414301524571_3.webp|2904531_5.png|https://static.mueller.de/pdzoom/5414301524571_2.webp||||||||||||||SG097DE||||||||||1 Stk.|||False||2904531P|||||||||1
2904533|mueller||||||||2024-10-28|Smart Games Monstertrubel|SMART GAMES||1|Stk.|Home|Spielwaren|Spiele & Puzzles|Spiele|Wissens- & Denkspiele|Smart Games Monstertrubel||17,99 €|17,99 €||||||||||||||EUR|Home> Spielwaren> Spiele & Puzzles> Spiele> Wissens- & Denkspiele> Smart Games Monstertrubel|https://www.mueller.at/p/smart-games-monstertrubel-IPN2904533/|1 Stk.|"Da sind doch Geräusche zu hören?! Und welcher Schatten huscht da durchs Zimmer? Such’ die Monster im Kinderzimmer und lass’ nur die freundlichen Geschöpfe sichtbar.
60 AUFGABEN
Monstertrubel im Kinderzimmer?
Da sind doch Geräusche zu hören?! Und welcher Schatten huscht da durchs Zimmer? Such’ die Monster im Kinderzimmer und lass’ nur die freundlichen Geschöpfe sichtbar. Wähle eine Aufgabe und platziere die 4 Puzzleteile so auf dem Spielfeld, dass lediglich die in der Aufgabe abgebildeten Monster sichtbar sind.

Alter: 6+
Aufgaben: 60
Das Spielen von Monstertrubel stimuliert die folgenden kognitiven Fähigkeiten:
Konzentration, Logisches Denken, Planen, Problemlösen, Räumliches Denken."||||||||6 Jahre||||||||||||||Non-Organic||||{'target_group': 'Grundschüler', 'Artikelnummer des Herstellers': 'SG480DE', 'Altersempfehlung ab': '6 Jahre', 'Inhalt': '1 Stk.', 'Spieleranzahl': '1', 'Produkttyp': 'Denkspiele'}||||||||||||||0|0|2904533_1.png|https://static.mueller.de/pdzoom/5414301524137.webp|2904533_2.png|https://static.mueller.de/pdzoom/5414301524137_6.webp|2904533_3.png|https://static.mueller.de/pdzoom/5414301524137_3.webp|2904533_4.png|https://static.mueller.de/pdzoom/5414301524137_2.webp|2904533_5.png|https://static.mueller.de/pdzoom/5414301524137_5.webp|2904533_6.png|https://static.mueller.de/pdzoom/5414301524137_4.webp||||||||||||SG480DE||||||||||1 Stk.|||False||2904533P|||||||||1
2904535|mueller||||||||2024-10-28|HABA Socken Zocken-Karten wühlen|HABA||1|Stk.|Home|Spielwaren|Spiele & Puzzles|Spiele|Kartenspiele|HABA Socken Zocken-Karten wühlen||9,99 €|9,99 €||||||||||||||EUR|Home> Spielwaren> Spiele & Puzzles> Spiele> Kartenspiele> HABA Socken Zocken-Karten wühlen|https://www.mueller.at/p/haba-socken-zocken-karten-wuehlen-IPN2904535/|1 Stk.|"Karten wühlen, Paare schnappen!
Oje, das Sockenmonster war im Kleiderschrank! Die Kinder müssen jetzt genau hinschauen und schnell die passenden Sockenpaare zusammenbringen. Wer am Ende die meisten Sockenmonster-Plättchen gesammelt hat, gewinnt.
Inhalt:
1 Sockenmonster, 8 Sockenmonster-Plättchen, 48 Sockenkarten (= 24 Sockenpaare), 1 Spielanleitung.
- trainiert spielerisch die Wahrnehmung und das Reaktionsvermögen
- ideal zum Mitnehmen oder Verschenken
- mit Variante für geübte Socken-Spürnasen
Spieldauer: 10 min"||||||||4 Jahre||||||||||||||Non-Organic||||"{'target_group': 'Kindergartenkinder|Grundschüler', 'Artikelnummer des Herstellers': '1306992001', 'Altersempfehlung ab': '4 Jahre', 'Inhalt': '1 Stk.', 'Spieleranzahl': '2-6', 'Produkttyp': 'Klassische Kinder-Gesellschaftsspiele'}"||||||||||||||0|0|2904535_1.png|https://static.mueller.de/pdzoom/4010168264325.webp|2904535_2.png|https://static.mueller.de/pdzoom/4010168264325_3.webp|2904535_3.png|https://static.mueller.de/pdzoom/4010168264325_2.webp||||||||||||||||||1306992001||||||||||1 Stk.|||False||2904535P|||||||||1
2904536|mueller||||||||2024-10-28|Salthouse Totes Meer Anti-Juckreiz Spülung|SALTHOUSE||200|ml|Home|Drogerie|Pflege|Haarpflege|Haarpflege|Haarspülung|Salthouse Totes Meer Anti-Juckreiz Spülung|4,75 €|4,75 €|4,75 €|3,80 €||||20%|Sie sparen 20%||||19,00 € / 1 l|||EUR|Home> Drogerie> Pflege> Haarpflege> Haarpflege> Haarspülung> Salthouse Totes Meer Anti-Juckreiz Spülung|https://www.mueller.at/p/salthouse-totes-meer-anti-juckreiz-spuelung-IPN2904536/|200 ml|Die milde Spülung beruhigt und kühlt gereizte und juckende Kopfhaut, mildert Juckreizempfinden und bewahrt vor Feuchtigkeitsverlust. Für verbesserte Kämmbarkeit, Geschmeidigkeit und natürlichen Glanz. Auch zur ergänzenden Anwendung mit dem SALTHOUSE Totes Meer Therapie Anti-Juckreiz Shampoo, für ein gesundes Haargefühl und entspannte Kopfhaut.||Nach dem Öffnen 9 Monate haltbar.||||||||||||||||||||Non-Organic||||"{'Lagerhinweis': 'Nach dem Öffnen 9 Monate haltbar.', 'Effekt': 'pflegend', 'hair_type': 'alle Haartypen', 'target_group': 'Herren|Unisex|Damen', 'manufacturer': 'Murnauer Markenvertrieb GmbH', 'Herstelleradresse': 'Airport Frankfurt-Egelsbach, Hans-Fleißner-Str. 80, 63329 Egelsbach', 'Kontaktmöglichkeit': 'dialog@klosterfrau-service.de', 'Anwendungshinweis': 'Nach der Haarwäsche sanft ins nasse Haar und in die Kopfhaut einmassieren, kurz einwirken lassen und sorgfältig ausspülen.', 'package_contents': 'Aqua, Cetearyl Alcohol, Dicaprylyl Ether, Behentrimonium Chloride, Glycerin, Maris Sal (Dead Sea Salt), Isopropyl Alcohol, Sodium Benzoate, Cetrimonium Chloride, Citric Acid, Allantoin, Urea, Menthol, Panthenol, Sodium Hydroxide, Mentha Arvensis Leaf Oil.', 'product_property': 'reinigend', 'Inhalt': '200 ml', 'Produkttyp': 'Haarspülung & Conditioner'}"||||||||||||||0|0|2904536_1.png|https://static.mueller.de/pdzoom/4008890006221_3381302.webp|2904536_2.png|https://static.mueller.de/pdzoom/4008890006221_3381301.webp||||||||||||||||||||Murnauer Markenvertrieb GmbH||||||||||200 ml|Aqua, Cetearyl Alcohol, Dicaprylyl Ether, Behentrimonium Chloride, Glycerin, Maris Sal (Dead Sea Salt), Isopropyl Alcohol, Sodium Benzoate, Cetrimonium Chloride, Citric Acid, Allantoin, Urea, Menthol, Panthenol, Sodium Hydroxide, Mentha Arvensis Leaf Oil.||True||2904536P|||||||||10
2458297|mueller||||||||2024-10-28|FABER-CASTELL Tuschestift Pitt Artist Pen C Farbe 180|FABER-CASTELL||1|Stk.|Home|Schreibwaren|Bastelbedarf|Spezialfarben & -stifte|FABER-CASTELL  Tuschestift Pitt Artist Pen C Farbe 180|||2,99 €|2,99 €||||||||||||||EUR|Home> Schreibwaren> Bastelbedarf> Spezialfarben & -stifte> FABER-CASTELL  Tuschestift Pitt Artist Pen C Farbe 180|https://www.mueller.at/p/faber-castell-tuschestift-pitt-artist-pen-c-farbe-180-2458297/|1 Stk.|Pigmentierte Zeichentusche; Hohe Lichtbeständigkeit; Wasserfest, permanent; Geruchsneutral, säurefrei, pH-neutral; Schlägt nicht durchs Papier; Strichbreite C = Calligraphy 2.5 mm; Ideal für kalligrafisches Arbeiten; Farbe 180 umbra natur||||||||||||||||||||||Non-Organic||||{'manufacturer': 'A. W. Faber-Castell Vertrieb GmbH', 'Herstelleradresse': 'Nürnberger Str. 2, 90546 Stein', 'Inhalt': '1 Stk.', 'Produkttyp': 'Spezialfarben & -stifte'}||||||||||||||0|0|2458297_1.png|https://static.mueller.de/6958285682-PV-0/pdzoom/faber-castell-tuschestift-pitt-artist-pen-c-farbe-180.webp||||||||||||||||||||||A. W. Faber-Castell Vertrieb GmbH||||||||||1 Stk.|||True||2458297P|||||||||10
2458299|mueller||||||||2024-10-28|FABER-CASTELL Tuschestift Pitt Artist Pen C Farbe 175|FABER-CASTELL||1|Stk.|Home|Schreibwaren|Bastelbedarf|Spezialfarben & -stifte|FABER-CASTELL  Tuschestift Pitt Artist Pen C Farbe 175|||2,99 €|2,99 €||||||||||||||EUR|Home> Schreibwaren> Bastelbedarf> Spezialfarben & -stifte> FABER-CASTELL  Tuschestift Pitt Artist Pen C Farbe 175|https://www.mueller.at/p/faber-castell-tuschestift-pitt-artist-pen-c-farbe-175-2458299/|1 Stk.|Pigmentierte Zeichentusche; Hohe Lichtbeständigkeit; Wasserfest, permanent; Geruchsneutral, säurefrei, pH-neutral; Schlägt nicht durchs Papier; Strichbreite C = Calligraphy 2.5 mm; Ideal für kalligrafisches Arbeiten; Farbe 175 sepia dunkel||||||||||||||||||||||Non-Organic||||{'manufacturer': 'A. W. Faber-Castell Vertrieb GmbH', 'Herstelleradresse': 'Nürnberger Str. 2, 90546 Stein', 'Inhalt': '1 Stk.', 'Produkttyp': 'Spezialfarben & -stifte'}||||||||||||||0|0|2458299_1.png|https://static.mueller.de/6958095004-PV-0/pdzoom/faber-castell-tuschestift-pitt-artist-pen-c-farbe-175.webp||||||||||||||||||||||A. W. Faber-Castell Vertrieb GmbH||||||||||1 Stk.|||True||2458299P|||||||||10
2904527|mueller||||||||2024-10-28|PLAYMOBIL 70448 - Princess - Prinzessinenschloss|PLAYMOBIL||1|Stk.|Home|Spielwaren|Bauen & Konstruieren|Systemspielzeug|PLAYMOBIL 70448 - Princess - Prinzessinenschloss|||99,99 €|99,99 €|99,99 €|69,95 €||||30%|Sie sparen 30%|||||||EUR|Home> Spielwaren> Bauen & Konstruieren> Systemspielzeug> PLAYMOBIL 70448 - Princess - Prinzessinenschloss|https://www.mueller.at/p/playmobil-70448-princess-prinzessinenschloss-IPN2904527/|1 Stk.|Aus der ganzen Welt kommen die Prinzessinnen zusammen. Im Prinzessinnenschloss lernen sie viel über das Leben als Prinzessin. Mit Aufzug zum Turmzimmer. Maße: 52 x 27 x 60 cm (LxTxH).||||||||4 Jahre||||||||||||||Non-Organic||||"{'target_group': 'Kindergartenkinder|Grundschüler', 'Artikelnummer des Herstellers': '70448', 'Altersempfehlung ab': '4 Jahre', 'Altersempfehlung bis': '10 Jahre', 'Inhalt': '1 Stk.', 'Produkttyp': 'Grundmodelle'}"||||||||||||||0|0|2904527_1.png|https://static.mueller.de/pdzoom/4008789704481.webp|2904527_2.png|https://static.mueller.de/pdzoom/4008789704481_8.webp|2904527_3.png|https://static.mueller.de/pdzoom/4008789704481_9.webp|2904527_4.png|https://static.mueller.de/pdzoom/4008789704481_7.webp|2904527_5.png|https://static.mueller.de/pdzoom/4008789704481_6.webp|2904527_6.png|https://static.mueller.de/pdzoom/4008789704481_5.webp||||||||||||70448||||||||||1 Stk.|||False||2904527P|||||||||1
2654967|mueller||||||||2024-10-28|STAEDTLER Modelliermasse FIMO® effect transparent Blau|STAEDTLER||57|g|Home|Schreibwaren|Bastelbedarf|Bastelsets|STAEDTLER Modelliermasse FIMO® effect transparent Blau|||2,99 €|2,99 €|||||||||||52,46 € / 1 kg|||EUR|Home> Schreibwaren> Bastelbedarf> Bastelsets> STAEDTLER Modelliermasse FIMO® effect transparent Blau|https://www.mueller.at/p/staedtler-modelliermasse-fimo-effect-transparent-blau-IPN2654967/|57 g|Modelliermasse FIMO® soft. Werkstoff: Kunststoff. Weich und soft, leicht zu mischen, sofort modellierfähig, leuchtende Farben, wiederverschließbare Verpackung, leicht zu öffnen. Art des Trocknungsverfahrens: ofenhärtend. Größe (B x H x T): 55 x 55 x 15 mm||||||||||||||||||||||Non-Organic||||{'scope_of_delivery': '57 g', 'Artikelnummer des Herstellers': '8020-374', 'Inhalt': '57 g', 'Produkttyp': 'Sonstiges'}||||||||||||||0|0|2654967_1.png|https://static.mueller.de/pdzoom/4006608810146.webp|2654967_2.png|https://static.mueller.de/pdzoom/4006608810146_2.webp|2654967_3.png|https://static.mueller.de/pdzoom/4006608810146_3.webp||||||||||||||||||8020-374||||||||||57 g|||True||2654967P|||||||||10
2904528|mueller||||||||2024-10-28|HABA - Pustekuchen|HABA||1|Stk.|Home|Spielwaren|Spiele & Puzzles|Spiele|Kartenspiele|HABA - Pustekuchen||14,99 €|14,99 €||||||||||||||EUR|Home> Spielwaren> Spiele & Puzzles> Spiele> Kartenspiele> HABA - Pustekuchen|https://www.mueller.at/p/haba-pustekuchen-IPN2904528/|1 Stk.|"Bringe fein die Kugel rein
Heute ist Oma Annes Kuchenfest. Die Spannung ist schon riesengroß, denn das traditionelle “Pustekuchen” steht an! Jetzt sind Können und Geschick gefragt: Die Kinder müssen gekonnt eine Kugel zu den richtigen Leckereien pusten. Dabei gilt es, bewusst auf Pustestärke und -dauer zu achten. Wer mit der besten Technik die meisten Sahnehäubchen erspielt, gewinnt.
Inhalt:
1 Kuchentafel (= Spielplan im Schachtelboden), 25 Kuchen-Plättchen, 5 Sahnehäubchen aus Holz, 1 Korkkugel, 1 Holzkugel,1 Spielanleitung.
zwei Spiele: Grundspiel und Profi-Variante
steigender Schwierigkeitsgrad: inklusive Kork- und Holzkugel
trainiert spielerisch die Lippen- und Mundmotorik und damit die Sprachentwicklung
der HABA-Klassiker wird 20 Jahre
Inhalt:
1 Kuchentafel (= Spielplan im Schachtelboden), 25 Kuchen-Plättchen, 5 Sahnehäubchen aus Holz, 1 Korkkugel, 1 Holzkugel,1 Spielanleitung.
- zwei Spiele: Grundspiel und Profi-Variante
- steigender Schwierigkeitsgrad: inklusive Kork- und Holzkugel
- trainiert spielerisch die Lippen- und Mundmotorik und damit die Sprachentwicklung
- der HABA-Klassiker wird 20 Jahre
Spieldauer:	10 min"||||||||4 Jahre||||||||||||||Non-Organic||||"{'target_group': 'Kindergartenkinder|Grundschüler', 'Artikelnummer des Herstellers': '1307030001', 'Altersempfehlung ab': '4 Jahre', 'Inhalt': '1 Stk.', 'Spieleranzahl': '1-4', 'Produkttyp': 'Klassische Kinder-Gesellschaftsspiele'}"||||||||||||||0|0|2904528_1.png|https://static.mueller.de/pdzoom/4010168264646.webp|2904528_2.png|https://static.mueller.de/pdzoom/4010168264646_2.webp|2904528_3.png|https://static.mueller.de/pdzoom/4010168264646_3.webp||||||||||||||||||1307030001||||||||||1 Stk.|||False||2904528P|||||||||1
481805|mueller||||||||2024-10-28|Ravensburger Puzzle - 3D Vision Puzzle - Empire State Building bei Nacht, 216 Teile|RAVENSBURGER 3D PUZZLE||1|Stk.|Home|Spielwaren|Spiele & Puzzles|Puzzles|3D-Puzzles|Ravensburger Puzzle - 3D Vision Puzzle - Empire State Building bei Nacht, 216 Teile||41,99 €|41,99 €|41,99 €|32,99 €||||21%|Sie sparen 21%|||||||EUR|Home> Spielwaren> Spiele & Puzzles> Puzzles> 3D-Puzzles> Ravensburger Puzzle - 3D Vision Puzzle - Empire State Building bei Nacht, 216 Teile|https://www.mueller.at/p/ravensburger-puzzle-3d-vision-puzzle-empire-state-building-bei-nacht-216-teile-481805/|1 Stk.|Puzzle - 3D-Puzzle Empire State Building bei Nacht, 216 TeileErleben Sie Puzzeln in der 3. Dimension!New York, die Stadt die niemals schläft, ist bei Nacht mit ihren unzähligen Leuchtreklamen und Neonlichtern ein ganz besonderes Erlebnis. Aus der nächtlichen Skyline nicht wegzudenken ist das Empire State Building, das je nach Anlass unterschiedlich farbig beleuchtet wird. Dieses 3D Puzzle im coolen Nacht-Design wird wie sein großes Vorbild im Dunkeln zu einem echten Highlight, wenn es dank der beiliegenden LED in wechselnden Farben von innen erstrahlt.Das Bauwerk im Miniaturformzu puzzeln ist eine knifflige Herausforderung, doch mit Hilfe der nummerierten Puzzleteile und der bebilderten Schritt-für-Schritt-Anleitung gelingt es garantiert. Die Kunststoff-Puzzleteile passen dank Easyclick Technology perfekt ineinander und formen ein stabiles Bauwerk, ganz ohne Kleben.Jetzt wächst der Puzzlespaß in die Höhe!Die individuell geformten Kunststoff-Puzzleteile passen dank Easy Click Technology perfekt ineinander und formen stabile Bauwerke, ganz ohne Kleben. Ergänzendes Zubehör vollendet die bekannten Sehenswürdigkeiten.Inhalt:216 Kunststoff-Puzzleteile + Zubehör + Anleitung||||||||12 Jahre||||||||||||||Non-Organic||||"{'Anleitungssprache': 'fr|nl|de|en|it', 'motif_group_puzzles': 'Gebäude', 'Schwierigkeitsgrad': 'Kinder - Anspruchsvoll', 'scope_of_delivery': '216 Stück', 'target_group': 'Jugendliche', 'Artikelnummer des Herstellers': '12566', 'license': 'Ravensburger 3D Puzzle - Bauwerke', 'Altersempfehlung ab': '12 Jahre', 'Altersempfehlung bis': '99 Jahre', 'Materialdetails': 'Kunststoff', 'publisher': 'Ravensburger Verlag GmbH', 'Inhalt': '1 Stk.', 'Anzahl Teile': '216', 'Produkttyp': '3D Puzzles'}"||||||||Kunststoff||||||5.0|1|481805_1.png|https://static.mueller.de/62583376-PV-0/pdzoom/ravensburger-puzzle-3d-vision-puzzle-empire-state-building-bei-nacht-216-teile.webp|481805_2.png|https://static.mueller.de/62583376-PB-1/pdzoom/ravensburger-puzzle-3d-vision-puzzle-empire-state-building-bei-nacht-216-teile.webp|481805_3.png|https://static.mueller.de/62583376-PB-2/pdzoom/ravensburger-puzzle-3d-vision-puzzle-empire-state-building-bei-nacht-216-teile.webp|481805_4.png|https://static.mueller.de/62583376-PB-3/pdzoom/ravensburger-puzzle-3d-vision-puzzle-empire-state-building-bei-nacht-216-teile.webp|481805_5.png|https://static.mueller.de/62583376-PB-4/pdzoom/ravensburger-puzzle-3d-vision-puzzle-empire-state-building-bei-nacht-216-teile.webp|481805_6.png|https://static.mueller.de/62583376-PB-5/pdzoom/ravensburger-puzzle-3d-vision-puzzle-empire-state-building-bei-nacht-216-teile.webp||||||||||||12566||||||||||1 Stk.|||True||481805P|||||||||10
2654960|mueller||||||||2024-10-28|STAEDTLER Modelliermasse Modelliermasse FIMO® leather-effekt Lagune|STAEDTLER||57|g|Home|Schreibwaren|Bastelbedarf|Bastelsets|STAEDTLER Modelliermasse Modelliermasse FIMO® leather-effekt Lagune|||2,99 €|2,99 €|||||||||||52,46 € / 1 kg|||EUR|Home> Schreibwaren> Bastelbedarf> Bastelsets> STAEDTLER Modelliermasse Modelliermasse FIMO® leather-effekt Lagune|https://www.mueller.at/p/staedtler-modelliermasse-modelliermasse-fimo-leather-effekt-lagune-IPN2654960/|57 g|Modelliermasse Modelliermasse FIMO® leather-effekt, Werkstoff: Kunststoff, FIMO soft, FIMO leather-effect und FIMO professional, Normalblock, 57 g, Leicht zu öffnen, Grenzenlose Vielseitigkeit: Für Schmuck, Accessoires und Home Deko, Speziell für Einsteiger und Hobbykünstler, Effektvolle Ergänzung zu FIMO ofenhärtenden Modelliermassen, Weich und geschmeidig, Praktische 8er-Portionierung für leichtes Mischen, Kompatibel mit, Art des Trocknungsverfahrens: Ofenhärtend, Größe (B x H x T): 55 mm, 55 mm, 15 mm||||||||||||||||||||||Non-Organic||||{'scope_of_delivery': '57 g', 'Artikelnummer des Herstellers': '8010-369', 'Inhalt': '57 g', 'Produkttyp': 'Sonstiges'}||||||||||||||0|0|2654960_1.png|https://static.mueller.de/pdzoom/4007817053157.webp|2654960_2.png|https://static.mueller.de/pdzoom/4007817053157_2.webp||||||||||||||||||||8010-369||||||||||57 g|||True||2654960P|||||||||10
2654963|mueller||||||||2024-10-28|STAEDTLER Modelliermasse Modelliermasse FIMO® leather-effekt Nuss|STAEDTLER||57|g|Home|Schreibwaren|Bastelbedarf|Bastelsets|STAEDTLER Modelliermasse Modelliermasse FIMO® leather-effekt Nuss|||2,99 €|2,99 €|||||||||||52,46 € / 1 kg|||EUR|Home> Schreibwaren> Bastelbedarf> Bastelsets> STAEDTLER Modelliermasse Modelliermasse FIMO® leather-effekt Nuss|https://www.mueller.at/p/staedtler-modelliermasse-modelliermasse-fimo-leather-effekt-nuss-IPN2654963/|57 g|Modelliermasse Modelliermasse FIMO® leather-effekt, Werkstoff: Kunststoff, FIMO soft, FIMO leather-effect und FIMO professional, Normalblock, 57 g, Leicht zu öffnen, Grenzenlose Vielseitigkeit: Für Schmuck, Accessoires und Home Deko, Speziell für Einsteiger und Hobbykünstler, Effektvolle Ergänzung zu FIMO ofenhärtenden Modelliermassen, Weich und geschmeidig, Praktische 8er-Portionierung für leichtes Mischen, Kompatibel mit, Art des Trocknungsverfahrens: Ofenhärtend, Größe (B x H x T): 55 mm, 55 mm, 15 mm||||||||||||||||||||||Non-Organic||||{'scope_of_delivery': '57 g', 'Artikelnummer des Herstellers': '8010-779', 'Inhalt': '57 g', 'Produkttyp': 'Sonstiges'}||||||||||||||0|0|2654963_1.png|https://static.mueller.de/pdzoom/4007817053249.webp|2654963_2.png|https://static.mueller.de/pdzoom/4007817053249_2.webp||||||||||||||||||||8010-779||||||||||57 g|||True||2654963P|||||||||10
2654965|mueller||||||||2024-10-28|STAEDTLER Modelliermasse Modelliermasse FIMO® leather-effekt Schwarz|STAEDTLER||57|g|Home|Schreibwaren|Bastelbedarf|Bastelsets|STAEDTLER Modelliermasse Modelliermasse FIMO® leather-effekt Schwarz|||2,99 €|2,99 €|||||||||||52,46 € / 1 kg|||EUR|Home> Schreibwaren> Bastelbedarf> Bastelsets> STAEDTLER Modelliermasse Modelliermasse FIMO® leather-effekt Schwarz|https://www.mueller.at/p/staedtler-modelliermasse-modelliermasse-fimo-leather-effekt-schwarz-IPN2654965/|57 g|Modelliermasse Modelliermasse FIMO® leather-effekt, Werkstoff: Kunststoff, FIMO soft, FIMO leather-effect und FIMO professional, Normalblock, 57 g, Leicht zu öffnen, Grenzenlose Vielseitigkeit: Für Schmuck, Accessoires und Home Deko, Speziell für Einsteiger und Hobbykünstler, Effektvolle Ergänzung zu FIMO ofenhärtenden Modelliermassen, Weich und geschmeidig, Praktische 8er-Portionierung für leichtes Mischen, Kompatibel mit, Art des Trocknungsverfahrens: Ofenhärtend, Größe (B x H x T): 55 mm, 55 mm, 15 mm||||||||||||||||||||||Non-Organic||||{'scope_of_delivery': '57 g', 'Artikelnummer des Herstellers': '8010-909', 'Inhalt': '57 g', 'Produkttyp': 'Sonstiges'}||||||||||||||0|0|2654965_1.png|https://static.mueller.de/pdzoom/4007817053300.webp|2654965_2.png|https://static.mueller.de/pdzoom/4007817053300_2.webp||||||||||||||||||||8010-909||||||||||57 g|||False||2654965P|||||||||1
2654979|mueller||||||||2024-10-28|"STAEDTLER Bastelform, Bastelfigur Motiv-Form FIMO® Silikon-Motivform ""Stars"""|STAEDTLER||1|Stk.|Home|Schreibwaren|Bastelbedarf|Bastelsets|"STAEDTLER Bastelform, Bastelfigur Motiv-Form FIMO® Silikon-Motivform ""Stars"""|||5,99 €|5,99 €||||||||||||||EUR|"Home> Schreibwaren> Bastelbedarf> Bastelsets> STAEDTLER Bastelform, Bastelfigur Motiv-Form FIMO® Silikon-Motivform ""Stars"""|https://www.mueller.at/p/staedtler-bastelform-bastelfigur-motiv-form-fimo-silikon-motivform-stars-IPN2654979/|1 Stk.|"Bastelform, Bastelfigur Motiv-Form FIMO® Silikon-Motivform ""Stars"", Werkstoff: Silikon, Form: rund, Größe (B x H x L) oder (Ø): , Farbe: rot"||||||||||||||||||||||Non-Organic||||"{'scope_of_delivery': '1 x Silikon-Motivform ""Stars"" mit 6 verschiedenen Motiven', 'Artikelnummer des Herstellers': '8725 20', 'Inhalt': '1 Stk.', 'Produkttyp': 'Sonstiges'}"||||||||||||||0|0|2654979_1.png|https://static.mueller.de/pdzoom/4007817023792.webp||||||||||||||||||||||8725 20||||||||||1 Stk.|||False||2654979P|||||||||1
22484|mueller||||||||2024-10-28|Metzger & Mendle Buchstützen schwarz|METZGER & MENDLE||1|Stk.|Home|Schreibwaren|Büro|Bürobedarf|Sonstiges|Metzger & Mendle Buchstützen schwarz||0,99 €|0,99 €||||||||||||||EUR|Home> Schreibwaren> Büro> Bürobedarf> Sonstiges> Metzger & Mendle Buchstützen schwarz|https://www.mueller.at/p/metzger-mendle-buchstuetzen-schwarz-22484/|1 Stk.|Klein und leicht, aber sie erfüllt ihren Zweck – die klassische Buchstütze von Metzger & Mendle. Mit ihrem zeitlosen Design fügt sie sich in jedes Bücherregal ein, ohne zu sehr aufzufallen.||||||||||||||||||||||Non-Organic||||{'Inhalt': '1 Stk.', 'Produkttyp': 'Sonstiges'}||||||||||||||0|0|22484_1.png|https://static.mueller.de/6486200364-PV-0/pdzoom/metzger-mendle-buchstuetzen-schwarz.webp||||||||||||||||||||||||||||||||1 Stk.|||True||22484P|||||||||10
2904510|mueller||||||||2024-10-28|Römerquelle Emotion Pfirsich Wassermelone|RÖMERQUELLE||750|ml|Home|Drogerie|Lebensmittel|Getränke|Limonaden|Römerquelle Emotion Pfirsich Wassermelone||1,29 €|1,29 €|||||||||||1,72 € / 1 l|||EUR|Home> Drogerie> Lebensmittel> Getränke> Limonaden> Römerquelle Emotion Pfirsich Wassermelone|https://www.mueller.at/p/roemerquelle-emotion-pfirsich-wassermelone-IPN2904510/|750 ml|Kalorienarmes Erfrischungsgetränk aus natürlichem Mineralwasser mit Pfirsich-Wassermelonengeschmack.||Bei Raumtemperatur, trocken, geruchsfrei sowie vor Wärme/Sonnenlicht geschützt lagern.|||||||||{'Nährwerte je': '100 ml', 'Brennwert': '52 kj / 12 kcal', 'Fett in g': '0', '- davon gesättigte Fettsäuren in g': '0', 'Kohlenhydrate in g': '2,8', '- davon Zucker in g': '2,8', 'Eiweiß in g': '0', 'Salz in g': '0'}|||||||||||Non-Organic||||{'Lagerhinweis': 'Bei Raumtemperatur, trocken, geruchsfrei sowie vor  Wärme/Sonnenlicht geschützt lagern.', 'manufacturer': 'Coca-Cola HBC Austria GmbH', 'Herstelleradresse': 'Clemens-Holzmeister-Straße 6, A-1100 Wien', 'Kontaktmöglichkeit': 'info@coke.at', 'Inhalt': '750 ml', 'Zutaten': 'Natürliches Mineralwasser, Fruktose, Kohlensäure, natürliches Pfirsich- & natürliches Wassermelonenaroma mit anderen natürlichen Aromen, Säuerungsmittel: Citronensäure.', 'Produkttyp': 'Limonaden'}||||||||||||||0|0|2904510_1.png|https://static.mueller.de/pdzoom/9031100007478.webp||||||||||||||||||||||Coca-Cola HBC Austria GmbH||||||||||750 ml|||True||2904510P|||||||||10
2904512|mueller||||||||2024-10-28|Römerquelle Zitrone Limette PET-Flasche|RÖMERQUELLE||750|ml|Home|Drogerie|Lebensmittel|Getränke|Limonaden|Römerquelle Zitrone Limette PET-Flasche||1,25 €|1,25 €|||||||||||1,67 € / 1 l|||EUR|Home> Drogerie> Lebensmittel> Getränke> Limonaden> Römerquelle Zitrone Limette PET-Flasche|https://www.mueller.at/p/roemerquelle-zitrone-limette-pet-flasche-IPN2904512/|750 ml|Kalorienfreies Erfrischungsgetränk mit Zitronen-Limettengeschmack.||Bei Raumtemperatur, trocken, geruchsfrei sowie vor Wärme/Sonnenlicht geschützt lagern.|||||||||{'Nährwerte je': '100 ml', 'Brennwert': '2,9 kj / 1 kcal', 'Fett in g': '0', '- davon gesättigte Fettsäuren in g': '0', 'Kohlenhydrate in g': '0', '- davon Zucker in g': '0', 'Eiweiß in g': '0', 'Salz in g': '0'}|||||||||||Non-Organic||||{'Lagerhinweis': 'Bei Raumtemperatur, trocken, geruchsfrei sowie vor  Wärme/Sonnenlicht geschützt lagern.', 'manufacturer': 'Coca-Cola HBC Austria GmbH', 'Herstelleradresse': 'Clemens-Holzmeister-Straße 6, A-1100 Wien', 'Kontaktmöglichkeit': 'info@coke.at', 'Inhalt': '750 ml', 'Zutaten': 'Natürliches Mineralwasser, Kohlensäure, natürliche Zitronen- Limetten Aromen.', 'Produkttyp': 'Limonaden'}||||||||||||||0|0|2904512_1.png|https://static.mueller.de/pdzoom/9031100007492.webp||||||||||||||||||||||Coca-Cola HBC Austria GmbH||||||||||750 ml|||True||2904512P|||||||||10
299571|mueller||||||||2024-10-28|BÜMAG Bade-und Massagebürste Birnbaum|BÜMAG||1|Stk.|Home|Parfümerie|Accessoires|Massage & Wellness|BÜMAG Bade-und Massagebürste Birnbaum|||19,99 €|19,99 €||||||||||||||EUR|Home> Parfümerie> Accessoires> Massage & Wellness> BÜMAG Bade-und Massagebürste Birnbaum|https://www.mueller.at/p/buemag-bade-und-massagebuerste-birnbaum-299571/|1 Stk.|2 tlg. Bad- und Massagebürste aus geöltem Birnbaumholz mit Handgurt, mit geschweiftem Holzstiel, Kordel. Made in Germany. Der Bürstenkörper ist mit reiner, gebleichter Naturborste bestückt. ||||||||||||||||||||||Non-Organic||||{'manufacturer': 'Bümag eG', 'Herstelleradresse': 'Hauptstr. 174 ,08304 Schönheide', 'Materialdetails': 'Birnbaum, Naturborsten, text. Kordel', 'Material': 'Holz', 'Anwendungshinweis': 'Dank dem langen Holzstiel, welcher einfach mit dem Kopf verbunden werden kann, erreicht die Bürste auch schwer erreichbare Rückenpartien. Der Bürstenkopf ist mit einem Handgurt zur direkten, händigen Nutzung versehen.', 'Länge': '46 cm', 'Inhalt': '1 Stk.', 'Produkttyp': 'Bade- & Massagebürsten'}||||||||Birnbaum, Naturborsten, text. Kordel||||||0|0|299571_1.png|https://static.mueller.de/pdzoom/4014529599569.webp||||||||||||||||||||||Bümag eG||||||||||1 Stk.|||False||299571P|||||||||1
2904513|mueller||||||||2024-10-28|DR. SCHELLER Reines Jojobaöl|DR. SCHELLER||30|ml|Home|Parfümerie|Pflege|Gesichtspflege|Spezialpflege|Gesichtsöl|DR. SCHELLER Reines Jojobaöl|8,95 €|8,95 €|||||||||||298,33 € / 1 l|||EUR|Home> Parfümerie> Pflege> Gesichtspflege> Spezialpflege> Gesichtsöl> DR. SCHELLER Reines Jojobaöl|https://www.mueller.at/p/dr-scheller-reines-jojobaoel-IPN2904513/|30 ml|Nach Bedarf auf die gereinigte Haut auftragen und leicht einmassieren oder in den Haarspitzen verteilen. Bei Anwendung als Maske auf Kopfhaut und Haaren verteilen, 10 Minuten einwirken lassen und gründlich ausspülen. Kein Lebensmittel. Nur zum äußerlichen Gebrauch. Bei Raumtemperatur lagern.||||||||||||||||||||||Non-Organic||||{'target_group': 'Damen', 'manufacturer': 'BCG Baden-Baden Cosmetics Group GmbH', 'Herstelleradresse': 'Im Rosengarten 7, 76532 Baden-Baden', 'dermatologically_tested': 'Ja', 'Anwendungshinweis': 'Nach Bedarf auf die gereinigte Haut auftragen und leicht einmassieren oder in den Haarspitzen verteilen. Bei Anwendung als Maske auf Kopfhaut und Haaren verteilen, 10 Minuten einwirken lassen und gründlich ausspülen.  Kein Lebensmittel. Nur zum äußerlichen Gebrauch.  Bei Raumtemperatur lagern.', 'package_contents': 'simmondsia chinensis (jojoba) seed oil* *aus kontrolliert biologischem anbau / *from certified organic agriculture', 'skin_type': 'alle Hauttypen', 'product_property': 'pflegend', 'Inhalt': '30 ml', 'scope_of_application': 'Spezialpflege', 'Produkttyp': 'Öl'}||||||||||||||2.0|1|2904513_1.png|https://static.mueller.de/pdzoom/4051424570248_1.webp|2904513_2.png|https://static.mueller.de/pdzoom/4051424570248.webp||||||||||||||||||||BCG Baden-Baden Cosmetics Group GmbH||||||||||30 ml|simmondsia chinensis (jojoba) seed oil* *aus kontrolliert biologischem anbau / *from certified organic agriculture||True||2904513P|||||||||10
2904506|mueller||||||||2024-10-28|HABA Puppe Soley, 30 cm|HABA||1|Stk.|Home|Spielwaren|Baby & Kleinkind|Kleinkindspielzeug|HABA Puppe Soley, 30 cm|||32,99 €|32,99 €||||||||||||||EUR|Home> Spielwaren> Baby & Kleinkind> Kleinkindspielzeug> HABA Puppe Soley, 30 cm|https://www.mueller.at/p/haba-puppe-soley-30-cm-IPN2904506/|1 Stk.|Soley ist immer an deiner Seite! Die coole Stoffpuppe ist als beste Puppenfreundin überall dabei, für jede Spielidee zu haben und hat immer ein offenes Ohr für dich. In unschlagbarer Vererb-Qualität dank hochwertiger Verarbeitung und mit liebevoll besticktem Gesicht. Mit Kleidung zum An- und Ausziehen. Schuhe angenäht.beste Spielgefährtin für alle Lebenslagenkinderleicht an- und ausziehbarpflegeleicht: waschbar bei 30 °CAußenmantel:    Polyester, BaumwolleAlter ab    18+ MonateBreite    12 cmGewicht Produkt    0.183 kgHöhe    30 cmLänge    6 cm||||||||18 Monate||||||||||||||Non-Organic||||"{'target_group': 'Kleinkinder|Kindergartenkinder', 'Artikelnummer des Herstellers': '1306949001', 'Altersempfehlung ab': '18 Monate', 'Inhalt': '1 Stk.', 'Produkttyp': 'Sonstiges Spielzeug'}"||||||||||||||0|0|2904506_1.png|https://static.mueller.de/pdzoom/2904506.webp|2904506_2.png|https://static.mueller.de/pdzoom/h6qipqel.webp|2904506_3.png|https://static.mueller.de/pdzoom/vemi7zem.webp|2904506_4.png|https://static.mueller.de/pdzoom/0i4zeznt.webp|2904506_5.png|https://static.mueller.de/pdzoom/lqqchgjb.webp|2904506_6.png|https://static.mueller.de/pdzoom/wj2y1t9m.webp||||||||||||1306949001||||||||||1 Stk.|||True||2904506P|||||||||10
2023010|mueller||||||||2024-10-28|OLIVEDA Olivematcha Beauty Cleanser|OLIVEDA||30|g|Home|Drogerie|Lebensmittel|Tee & Kaffee|Tee|OLIVEDA Olivematcha Beauty Cleanser||19,90 €|19,90 €|||||||||||663,33 € / 1 kg|||EUR|Home> Drogerie> Lebensmittel> Tee & Kaffee> Tee> OLIVEDA Olivematcha Beauty Cleanser|https://www.mueller.at/p/oliveda-olivematcha-beauty-cleanser-2023010/|30 g|"Diese erfrischend-aromatische Teekomposition bringt die Haut mit gemahlenem Olivenblatt, Japan Matcha, spicy Ingwer, grüner Pfefferminze und roter Chili zum Strahlen. 

Zubereitung: als Tee werden 1 g (=1/2 Teel.) des Pulvers mit (je nach Geschmack) 100-500 ml kochendem Wasser aufgegossen. Zum sofortigen Genuss geeignet. Dem kreativen Umgang mit diesem Superfood sind keine Grenzen gesetzt."||||||||||||||||||||||Non-Organic||||"{'target_group': 'Damen|Herren|Kinder|Unisex', 'manufacturer': 'Oliveda Deutschland GmbH', 'Herstelleradresse': 'Neuer Zollhof 3, 40221 Düsseldorf', 'Kontaktmöglichkeit': 'info@olivetreepeople.com', 'Inhalt': '30 g', 'Eigenschaften': 'Laktosefrei|Glutenfrei|vegetarisch gemaeß Rezeptur|vegan laut Zutaten|Vegan', 'Zutaten': 'Olivenblätter (38 %)\nJapan Matcha\nAroma\nIngwer\nStevia\nPfefferminze\nChili', 'Produkttyp': 'Spezialtee'}"||||||||||||||0|0|2023010_1.png|https://static.mueller.de/5626140153-PV-0/pdzoom/oliveda-olivematcha-beauty-cleanser.webp||||||||||||||||||||||Oliveda Deutschland GmbH||||||||||30 g|||False||2023010P|||||||||1
22453|mueller||||||||2024-10-28|PAP-ART Markierungspunkte rot 8mm|PAP-ART||1|Stk.|Home|Schreibwaren|Büro|Bürobedarf|Sonstiges|PAP-ART Markierungspunkte rot 8mm||1,39 €|1,39 €||||||||||||||EUR|Home> Schreibwaren> Büro> Bürobedarf> Sonstiges> PAP-ART Markierungspunkte rot 8mm|https://www.mueller.at/p/pap-art-markierungspunkte-rot-8mm-22453/|1 Stk.|Die PAP-ART Markierungspunkte in rot haben einen Durchmesser von 8mm und sind selbstklebend.||||||||||||||||||||||Non-Organic||||{'Inhalt': '1 Stk.', 'Produkttyp': 'Sonstiges'}||||||||||||||0|0|22453_1.png|https://static.mueller.de/6486338642-PV-0/pdzoom/pap-art-markierungspunkte-rot-8mm.webp||||||||||||||||||||||||||||||||1 Stk.|||False||22453P|||||||||1
22454|mueller||||||||2024-10-28|PAP-ART Markierungspunkte gelb 12mm|PAP-ART||1|Stk.|Home|Schreibwaren|Büro|Bürobedarf|Sonstiges|PAP-ART Markierungspunkte gelb 12mm||1,39 €|1,39 €||||||||||||||EUR|Home> Schreibwaren> Büro> Bürobedarf> Sonstiges> PAP-ART Markierungspunkte gelb 12mm|https://www.mueller.at/p/pap-art-markierungspunkte-gelb-12mm-22454/|1 Stk.|Die PAP-ART Markierungspunkte in gelb haben einen Durchmesser von 12mm und sind selbstklebend.||||||||||||||||||||||Non-Organic||||{'Inhalt': '1 Stk.', 'Produkttyp': 'Sonstiges'}||||||||||||||0|0|22454_1.png|https://static.mueller.de/6486338704-PV-0/pdzoom/pap-art-markierungspunkte-gelb-12mm.webp||||||||||||||||||||||||||||||||1 Stk.|||True||22454P|||||||||10
2904500|mueller||||||||2024-10-28|moses. - Wer bin ich? Kartenspiel|MOSES||1|Stk.|Home|Spielwaren|Spiele & Puzzles|Spiele|Gesellschaftsspiele|moses. - Wer bin ich? Kartenspiel||6,95 €|6,95 €|6,95 €|5,49 €||||21%|Sie sparen 21%|||||||EUR|Home> Spielwaren> Spiele & Puzzles> Spiele> Gesellschaftsspiele> moses. - Wer bin ich? Kartenspiel|https://www.mueller.at/p/moses-wer-bin-ich-kartenspiel-IPN2904500/|1 Stk.|"Wer bin ich? Der Rate-Klassiker jetzt als illustriertes Kartenspiel für Kinder!

Bin ich ein Mensch? Eine Maschine? Oder kann ich sogar fliegen? Das gilt es herauszufinden. Wer an der Reihe ist, stellt den anderen Spieler*innen geschickte Fragen zur eigenen geheimen Karte und kombiniert die Ja- und Nein-Antworten möglichst clever. Nach und nach können die Spieler*innen so herausfinden, welches Motiv sich auf ihrer Karte befindet, also wer sie im Spiel sind. Die farbenfrohen Illustrationen der kindgerechten Motive sowie die praktische Metalldose garantieren dabei großen Spielspaß überall und machen das Spiel besonders für Kinder besonders ansprechend. Ein toller Nebeneffekt beim Spielen: „Wer bin ich?“ fördert die Vorstellungskraft und die Kommunikationsfähigkeit. Ein tolles Geschenk für kleine Ratefans und ein Muss für den nächsten Kindergeburtstag, Ausflug oder Spieleabend mit der Familie!

So wird’s gepsielt:
- Alle ziehen eine geheime Motiv-Karte und schauen sie sich nicht an.
- Wer an der Reihe ist, zeigt die Karte allen anderen Spieler*innen.
- Nun dürfen zur eigenen Karte Ja- und Nein-
Fragen gestellt werden, die alle anderen beantworten.
- Sobald jemand sein Motiv richtig erraten hat, gibt es einen Punkt.
- Wer zuerst zwei Punkte gesammelt hat, gewinnt
das Ratespiel.

Inhalt:
- 40 Karten
- 1 Spielanleitung
Spieldauer: ca. 15 Min"||||||||5 Jahre||||||||||||||Non-Organic||||"{'target_group': 'Kindergartenkinder|Grundschüler', 'Artikelnummer des Herstellers': '90155', 'Altersempfehlung ab': '5 Jahre', 'Inhalt': '1 Stk.', 'Spieleranzahl': '2-6', 'Produkttyp': 'Sonstige'}"||||||||||||||0|0|2904500_1.png|https://static.mueller.de/pdzoom/4033477901552.webp|2904500_2.png|https://static.mueller.de/pdzoom/4033477901552_2.webp|2904500_3.png|https://static.mueller.de/pdzoom/4033477901552_3.webp||||||||||||||||||90155||||||||||1 Stk.|||False||2904500P|||||||||1
22455|mueller||||||||2024-10-28|PAP-ART Markierungspunkte weiss 18mm|PAP-ART||1|Stk.|Home|Schreibwaren|Büro|Bürobedarf|Sonstiges|PAP-ART Markierungspunkte weiss 18mm||1,39 €|1,39 €||||||||||||||EUR|Home> Schreibwaren> Büro> Bürobedarf> Sonstiges> PAP-ART Markierungspunkte weiss 18mm|https://www.mueller.at/p/pap-art-markierungspunkte-weiss-18mm-22455/|1 Stk.|Die PAP-ART Markierungspunkte in weiss haben einen Durchmesser von 18mm und sind selbstklebend.||||||||||||||||||||||Non-Organic||||{'Inhalt': '1 Stk.', 'Produkttyp': 'Sonstiges'}||||||||||||||0|0|22455_1.png|https://static.mueller.de/6486338296-PV-0/pdzoom/pap-art-markierungspunkte-weiss-18mm.webp||||||||||||||||||||||||||||||||1 Stk.|||True||22455P|||||||||10
2904502|mueller||||||||2024-10-28|Monster Energy Lewis Hamilton44 Zero|MONSTER||500|ml|Home|Drogerie|Lebensmittel|Getränke|Limonaden|Monster Energy Lewis Hamilton44 Zero||1,69 €|1,69 €|||||||||||3,38 € / 1 l|||EUR|Home> Drogerie> Lebensmittel> Getränke> Limonaden> Monster Energy Lewis Hamilton44 Zero|https://www.mueller.at/p/monster-energy-lewis-hamilton44-zero-IPN2904502/|500 ml|Kohlensäurehaltiger Energy-Drink mit Taurin, Koffein, L-Carnitin und B-Vitaminen, mit Süßungsmitteln.||Vor Licht und Wärme schützen.|||||||||{'Nährwerte je': '100 ml', 'Brennwert': '12 kj / 3 kcal', 'Fett in g': '0', '- davon gesättigte Fettsäuren in g': '0', 'Kohlenhydrate in g': '0,8', '- davon Zucker in g': '0', 'Eiweiß in g': '0', 'Salz in g': '0,16'}|||||||||||Non-Organic||||{'Lagerhinweis': 'Vor Licht und Wärme schützen.', 'manufacturer': 'Coca-Cola HBC Austria GmbH', 'Herstelleradresse': 'Clemens-Holzmeister-Straße 6, A-1100 Wien', 'Kontaktmöglichkeit': 'info@coke.at', 'Inhalt': '500 ml', 'Zutaten': 'Wasser, Kohlensäure, Säuerungsmittel (Citronensäure), Taurin ( 0,4%), Säureregulator (Natriumcitrate), Maltodextin, Aromen, Konservierungsstoffe ( Kaliumsorbat, Natriumbenzoat), Süssungsmittel (Sucralose, Acesulfam-K), Koffein (0,03%), Pflanzliche Öle (Kokosnuss, Rapssamen), Modifizierte  Stärke, Vitamine (Niacin, B6, Riboflavin, B12), L-Carnitin-L- Tartrat (0,004%), Natriumchlorid, Inosit, Farbstoffe (E 102,  E 129).', 'Produkttyp': 'Limonaden'}||||||||||||||0|0|2904502_1.png|https://static.mueller.de/pdzoom/5060896625409.webp||||||||||||||||||||||Coca-Cola HBC Austria GmbH||||||||||500 ml|||True||2904502P|||||||||10
2023016|mueller||||||||2024-10-28|CATTIER Trockenöl|CATTIER||100|ml|Home|Parfümerie|Pflege|Körperpflege|Pflege|CATTIER Trockenöl||19,99 €|19,99 €|||||||||||199,90 € / 1 l|||EUR|Home> Parfümerie> Pflege> Körperpflege> Pflege> CATTIER Trockenöl|https://www.mueller.at/p/cattier-trockenoel-2023016/|100 ml|"Ein wahres Schönheitsgeheimnis - das Trockenöl spendet Feuchtigkeit, nährt und verschönert Haut und Haar. Die feine, goldene und seidige Textur zieht schnell ein ohne einen störenden Fettfilm auf der Haut zu hinterlassen. 

Angereichert mit wertvollen Bio-Ölen wie Kamelie, Argan und Jojoba ist das Öl ideal für trockene Haut geeignet und macht diese zart und geschmeidig. Zusätzlich stärkt es die Haare und sorgt für einen seidigen weichen Glanz. Der warme, sonnige Wohlfühlduft umschmeichelt sanft die Haut."||||||||||||||||||||||Non-Organic||||"{'target_group': 'Damen', 'manufacturer': 'Kneipp GmbH', 'Herstelleradresse': 'Winterhäuser Str. 85, 97084 Würzburg', 'dermatologically_tested': 'Ja', 'Anwendungshinweis': 'Sanft auf Körper und Gesicht auftragen um die Haut intensiv zu pflegen. Augenpartie aussparen. Um die Haare zu schützen, Öl vor oder nach Gebrauch von Shampoo auf die Haare / Haarspitzen auftragen.', 'package_contents': 'Helianthus Annuus Hybrid Oil*, Dicaprylyl Carbonate, Camellia Oleifera Seed Oil*, Propanediol Dicaprylate/Caprate, Simmondsia Chinensis Seed Oil*, Parfum, Argania Spinosa Kernel Oil*, Tocopherol, Phospholipids, Glycine Soja Oil, Glycine Soja Sterols, Glycolipids, Geraniol, Limonene, Linalool. \n<br><br>\n*Inhaltsstoffe aus kontrolliert biologischem Anbau 100% der gesamten Inhaltsstoffe sind natürlichen Ursprungs 59,9% der gesamten Inhaltsstoffe sind aus kontrolliert biologischem Anbau', 'skin_type': 'alle Hauttypen', 'product_property': 'schützend|glättend|regenerierend|hautbildverfeinernd|beruhigend|revitalisierend|aufbauend|vitalisierend|reichhaltig|duftend|geschmeidig', 'Inhalt': '100 ml', 'scope_of_application': 'Pflege', 'Produkttyp': 'Öl'}"||||||||||||||4.9|10|2023016_1.png|https://static.mueller.de/pdzoom/3283950919043_29072024.webp||||||||||||||||||||||Kneipp GmbH||||||||||100 ml|"Helianthus Annuus Hybrid Oil*, Dicaprylyl Carbonate, Camellia Oleifera Seed Oil*, Propanediol Dicaprylate/Caprate, Simmondsia Chinensis Seed Oil*, Parfum, Argania Spinosa Kernel Oil*, Tocopherol, Phospholipids, Glycine Soja Oil, Glycine Soja Sterols, Glycolipids, Geraniol, Limonene, Linalool. 
<br><br>
*Inhaltsstoffe aus kontrolliert biologischem Anbau 100% der gesamten Inhaltsstoffe sind natürlichen Ursprungs 59,9% der gesamten Inhaltsstoffe sind aus kontrolliert biologischem Anbau"||True||2023016P|||||||||8
22457|mueller||||||||2024-10-28|PAP-ART Verstärkungsringe bunt|PAP-ART||1|Stk.|Home|Schreibwaren|Büro|Bürobedarf|Bürokleinteile|PAP-ART Verstärkungsringe bunt||1,39 €|1,39 €||||||||||||||EUR|Home> Schreibwaren> Büro> Bürobedarf> Bürokleinteile> PAP-ART Verstärkungsringe bunt|https://www.mueller.at/p/pap-art-verstaerkungsringe-bunt-22457/|1 Stk.|Die farbigen PAP-ART Verstärkungsringe verhindern das Ausreißen gelochter Dokumente und sind im Büro und privat kleine Organisationshelfer.||||||||||||||||||||||Non-Organic||||{'Inhalt': '1 Stk.', 'Produkttyp': 'Bürokleinteile'}||||||||||||||0|0|22457_1.png|https://static.mueller.de/pdzoom/4035774709022.webp||||||||||||||||||||||||||||||||1 Stk.|||False||22457P|||||||||1
2904504|mueller||||||||2024-10-28|HABA Entdeckerball Waldfreunde|HABA||1|Stk.|Home|Spielwaren|Baby & Kleinkind|Babyspielzeug|Weiteres Spielzeug|HABA Entdeckerball Waldfreunde||14,99 €|14,99 €||||||||||||||EUR|Home> Spielwaren> Baby & Kleinkind> Babyspielzeug> Weiteres Spielzeug> HABA Entdeckerball Waldfreunde|https://www.mueller.at/p/haba-entdeckerball-waldfreunde-IPN2904504/|1 Stk.|"Babys erster Ball bringt den Spielspaß richtig ins Rollen! Dem HABA Entdeckerball mit den lustigen Tiermotiven krabbelt jedes Baby sofort hinterher. Der Stoffball ist klein und somit angenehm für Babyhände zu greifen. Die fröhlichen Farben, unterschiedlichen Stoffe und abwechslungsreichen Spieleffekte laden zum Spielen, Entdecken und Erforschen ein.
viele Spielelemente und unterschiedliche Stoffe
mit Knisterfolie, Rassel, Klapperringen und Netzeinsatz
passt zu allen Spielzeugen aus der HABA Waldfreunde-Serie
Material:	Polyester, Baumwolle
Designer	Schröder, Mirka
Alter ab	6+ Monate
Durchmesser	10 cm
Gewicht Produkt	77 g
Funktion	quietscht, knistern, rasseln"||||||||6 Monate||||||||||||||Non-Organic||||"{'target_group': 'Säuglinge|Kleinkinder', 'Artikelnummer des Herstellers': '1306893001', 'Altersempfehlung ab': '6 Monate', 'Inhalt': '1 Stk.', 'Produkttyp': 'Sonstiges Spielzeug'}"||||||||||||||0|0|2904504_1.png|https://static.mueller.de/pdzoom/4010168263373.webp|2904504_2.png|https://static.mueller.de/pdzoom/4010168263373_3.webp|2904504_3.png|https://static.mueller.de/pdzoom/4010168263373_2.webp||||||||||||||||||1306893001||||||||||1 Stk.|||True||2904504P|||||||||10
2654987|mueller||||||||2024-10-28|"STAEDTLER Gießtechnik (Bastelbedarf) FIMO® Motiv-Form ""Herzen"""|STAEDTLER||1|Stk.|Home|Schreibwaren|Bastelbedarf|Bastelsets|"STAEDTLER Gießtechnik (Bastelbedarf) FIMO® Motiv-Form ""Herzen"""|||8,49 €|8,49 €||||||||||||||EUR|"Home> Schreibwaren> Bastelbedarf> Bastelsets> STAEDTLER Gießtechnik (Bastelbedarf) FIMO® Motiv-Form ""Herzen"""|https://www.mueller.at/p/staedtler-giesstechnik-bastelbedarf-fimo-motiv-form-herzen-IPN2654987/|1 Stk.|"Gießtechnik (Bastelbedarf) FIMO® Motiv-Form ""Herzen"" · Für einfaches Entformen von Modelliermassen, auch ideal für den Einsatz von Gießpulver, Schokolade, Eis, Seife. Einfaches Entformen durch flexibles Werkzeug in Künstler-Qualität. Lebensmittel-kompatibel. · frostbeständig möglich · hitzebeständig · Farbe: transparent"||||||||||||||||||||||Non-Organic||||{'scope_of_delivery': 'Form in wiederverschließbaren Aufbewahrungsbeutel', 'Artikelnummer des Herstellers': '8742 26', 'Inhalt': '1 Stk.', 'Produkttyp': 'Sonstiges'}||||||||||||||0|0|2654987_1.png|https://static.mueller.de/pdzoom/4007817874073.webp||||||||||||||||||||||8742 26||||||||||1 Stk.|||True||2654987P|||||||||10
2023006|mueller||||||||2024-10-28|OLIVEDA Olivematcha Just Pure|OLIVEDA||30|g|Home|Drogerie|Lebensmittel|Tee & Kaffee|Tee|OLIVEDA Olivematcha Just Pure||19,90 €|19,90 €|||||||||||663,33 € / 1 kg|||EUR|Home> Drogerie> Lebensmittel> Tee & Kaffee> Tee> OLIVEDA Olivematcha Just Pure|https://www.mueller.at/p/oliveda-olivematcha-just-pure-2023006/|30 g|"100 % pure Olivenblatt-Power! In diesem Tee findet sich nichts anderes als feinstes gemahlenes Olivenblatt. Im Ganzen gemahlen, bleiben die wertvollen Nährstoffe, welche bis zu 3.000-fach konzentrierter vorhanden sind als in Olivenöl, vollständig erhalten. Für pure Schönheit die von innen kommt und nach außen strahlt. Kleiner Tipp: Wem die Wirkung von innen noch nicht reicht, kann sich aus der Mischung auch ganz leicht eine Gesichtspackung kreieren.

Zubereitung: als Tee werden 1 g (=1/2 Teel.) des Pulvers mit (je nach Geschmack) 100-500 ml kochendem Wasser aufgegossen. Zum sofortigen Genuss geeignet. Dem kreativen Umgang mit diesem Superfood sind keine Grenzen gesetzt."||||||||||||||||||||||Non-Organic||||"{'target_group': 'Damen|Herren|Kinder|Unisex', 'manufacturer': 'Oliveda Deutschland GmbH', 'Herstelleradresse': 'Neuer Zollhof 3, 40221 Düsseldorf', 'Kontaktmöglichkeit': 'info@olivetreepeople.com', 'Inhalt': '30 g', 'Eigenschaften': 'Laktosefrei|Glutenfrei|vegetarisch gemaeß Rezeptur|vegan laut Zutaten|Vegan', 'Zutaten': 'Olivenblätter\nStevia', 'Produkttyp': 'Spezialtee'}"||||||||||||||5.0|1|2023006_1.png|https://static.mueller.de/5626140093-PV-0/pdzoom/oliveda-olivematcha-just-pure.webp||||||||||||||||||||||Oliveda Deutschland GmbH||||||||||30 g|||False||2023006P|||||||||1
2351809|mueller||||||||2024-10-28|WIKING 088203 John Deere 2016 1:87|WIKING||1|Stk.|Home|Spielwaren|Modellbau & Modelleisenbahn|Modelleisenbahn|Figuren & Fahrzeuge|WIKING 088203  John Deere 2016 1:87||10,49 €|10,49 €||||||||||||||EUR|Home> Spielwaren> Modellbau & Modelleisenbahn> Modelleisenbahn> Figuren & Fahrzeuge> WIKING 088203  John Deere 2016 1:87|https://www.mueller.at/p/wiking-088203-john-deere-2016-1-87-2351809/|1 Stk.|"Als John Deere bei Heinrich Lanz AG das Steuer übernahm

Als die Heinrich Lanz AG 1956 mit großen wirtschaftlichen Schwierigkeiten kämpfen musste, war der amerikanische Landmaschinenpionier John Deere zur Stelle und übernahm das Unternehmen. Es war ein historischer Zusammenschluss, immerhin lief im selben Jahr der 200.000ste Lanz Bulldog in Mannheim vom Band. In dieser Phase wurde der 20 PS starke Lanz D 2016 noch im klassischen Lanz-Blau produziert. Doch die neuen Eigentümer, die sich die Kontrolle über das Aktienpaket verschafft haben, setzten ihre amerikanische Markenkultur auch in Deutschland symbolisch um – im Spätsommer 1958 erscheint der John Deere Lanz D 2016 in grüngelber Lackierung.

Fahrgestell mit Motorblock und -haube grasgrün, Kotflügel mit Pendelachse sowie Ansaugstutzen grasgrün. Felgen zinkgelb. Fahrersitz mit Lenkrad und Auspuffrohr in schwarz. Motorhaube mit Logo bedruckt."||||||||6 Jahre||||||||||||||Non-Organic||||"{'particularities': 'Der Hersteller behält sich farbliche und technische Änderungen vor. Zur Darstellung der Neuheiten werden zum Teil Originalfotos und Prototypen eingesetzt. Abweichungen zum Lieferzustand des Modells sind möglich.', 'target_group': 'Grundschüler|Jugendliche|Erwachsene', 'Artikelnummer des Herstellers': '088203', 'license': 'Wiking Klassik Edition 1:87', 'Altersempfehlung ab': '6 Jahre', 'Altersempfehlung bis': '99 Jahre', 'Inhalt': '1 Stk.', 'Produkttyp': 'Dekofigur'}"||||||||||||||0|0|2351809_1.png|https://static.mueller.de/6158908285-PV-0/pdzoom/wiking-088203-john-deere-2016-1-87.webp||||||||||||||||||||||088203||||||||||1 Stk.|||True||2351809P|||||||||7
2351592|mueller||||||||2024-10-28|rayher Rocailles-Mix mit Großloch 5,5mm ø Mintgrün|RAYHER||80|Stk.|Home|Schreibwaren|Bastelbedarf|Bastelsets|rayher Rocailles-Mix mit Großloch 5,5mm ø Mintgrün|||4,29 €|4,29 €|||||||||||0,54 € / 10 Stk.|||EUR|Home> Schreibwaren> Bastelbedarf> Bastelsets> rayher Rocailles-Mix mit Großloch 5,5mm ø Mintgrün|https://www.mueller.at/p/rayher-rocailles-mix-mit-grossloch-5-5mm-mintgruen-IPN2351592/|80 Stk.|"Kreationen aus edlen Rocailles sind bei Schmuckdesignern hoch im Kurs. Das Besondere an diesen Rocailles ist das Großloch mit einem ø von 2 mm. Außerdem bestechen sie durch ihre hohe Qualität.
Die Farb-Mischungen bestehen aus transparent gefrosteten und transparent metallic farbenen Rocailles. Besondere Merkmale dieser hochwertigen Rocailles: Hohe Abriebsfestigkeit Hohe Schweissfestigkeit Hohe Resistenz gegen Parfüm Handwäsche bis 40°C Material."||||||||||||||||||||||Non-Organic||||{'scope_of_delivery': 'Dose 80 Stück', 'manufacturer': 'Rayher Hobby GmbH', 'Herstelleradresse': 'Fockestr. 15 ,88471 Laupheim', 'Artikelnummer des Herstellers': '14799408', 'Inhalt': '80 Stk.', 'Produkttyp': 'Sonstiges'}||||||||||||||0|0|2351592_1.png|https://static.mueller.de/pdzoom/4006166772313.webp|2351592_2.png|https://static.mueller.de/pdzoom/4006166772313_2.webp||||||||||||||||||||Rayher Hobby GmbH||||||||||80 Stk.|||True||2351592P|||||||||10
956853|mueller||||||||2024-10-28|Kevin - Allein zu Haus/Kevin - Allein in New York|||1|Stk.|Home|Multi-Media|Filme & TV|Familienfilme|Kevin - Allein zu Haus/Kevin -  Allein in New York|||7,99 €|7,99 €||||||||||||||EUR|Home> Multi-Media> Filme & TV> Familienfilme> Kevin - Allein zu Haus/Kevin -  Allein in New York|https://www.mueller.at/p/kevin-allein-zu-haus-kevin-allein-in-new-york-956853/|1 Stk.|"""Kevin 1 - Allein zu Haus""
Chaotische Weihnachten bei den Mc Callisters: Morgen geht's nach Paris! Nesthäkchen Kevin ist einfach jedem im Weg. Allein auf den Speicher verbannt, wünscht er sich, die Familie möge einfach verschwinden. Am nächsten Tag herrscht Totenstille in dem großen Haus, und Kevin freut sich wie ein Schneekönig: Sein Wunsch ist in Erfüllung gegangen. Dabei haben ihn die Eltern bei dem Stress schlicht und einfach vergessen...
Laufzeit: 99 Minuten
Produktionsjahr: 1990
Regie: Chris Columbus
Darsteller: Macaulay Culkin, Joe Pesci, Daniel Stern, John Heard, Catherine O'Hara;

""Kevin 2 - Allein in New York""
Und wieder ist es Weihnachten bei Familie Mc Callister, wieder ist Ferienstimmung angesagt - diesmal soll's ins sonnige Florida gehen. aus den Erfahrungen des chaotischen letzten Jahres hat man aber gelernt; diesmal kann alles verloren gehen - wenn nur Kevin mit am Flughafen ist. Doch es kommt, wie es kommen muss: Die Familie sitzt in der Maschine nach Florida und Kevin gerät in den Flieger in die Stadt mit der Statue. Das ist ein Heidenspaß für den liebenswerten frechen Bengel, denn New York ist eben immer noch DIE Stadt überhaupt. Eine schöne Bescherung für den kleinen Kevin - wenn da nicht die ""nassen Banditen"" wären, die ausgerechnet zur gleichen Zeit ihr unfreiwilliges Zuhause verlassen haben, um in der Stadt der Städte ihr neues, fieses Glück zu suchen. Und beide sind noch immer mächtig sauer auf den gewitzten Jungen aus Chicago...
Laufzeit: 115 Minuten
Produktionsjahr: 1992
Regie: Chris Columbus
Darsteller: Macaulay Culkin, Joe Pesci, Daniel Stern, John Heard, Tim Curry, Brenda Fricker, Catherine O'Hara;"||||||||||||||||||||||Non-Organic||||"{'medium': 'DVD', 'Untertitel': 'Deutsch', 'manufacturer': 'LEONINE', 'Bildformat': '16:9', 'Zusatzinfos / Bonusmaterial beim Film dabei': 'Tonformat programmteilabhängig', 'Inhalt': '1 Stk.', 'Laufzeit in min (gesamt)': '214', 'Produktionsland': 'USA', 'Special Edition': 'Nein', 'Tonformat-Sprache': 'Deutsch,Englisch,Deutsch', 'Untertitel für Gehörlose': 'Englisch', 'packaging_type': 'Softbox', 'Hauptgenre': 'Komödie|Weihnachten'}"||||||||||||||4.0|1|956853_1.png|https://static.mueller.de/videojakob_8717418596835_pv_622426/pdzoom/kevin-allein-zu-haus-kevin-allein-in-new-york.webp|956853_2.png|https://static.mueller.de/pdzoom/videojakob_8717418596835_pr_622426-back.webp||||||||||||||||||||LEONINE||||||||||1 Stk.|||True||956853P|||||||||5
876877|mueller||||||||2024-10-28|MAX FACTOR Facefinity Powder Blush|MAX FACTOR||1|Stk.|Home|Parfümerie|Make-up|Teint|Rouge|MAX FACTOR Facefinity Powder Blush||8,49 €|8,49 €||||||||||||||EUR|Home> Parfümerie> Make-up> Teint> Rouge> MAX FACTOR Facefinity Powder Blush|https://www.mueller.at/p/max-factor-facefinity-powder-blush-6979222810/|1 Stk.|Mit dem Max Factor Blush den ganzen Tag über einen makellosen, strahlenden Teint: seine Textur lässt sich spielend auftragen, verwischt nicht und verleiht jedem Hauttypen ein frisches Finish.||||||||||||||||||||||Non-Organic||||{'consistency': 'Puder', 'target_group': 'Damen', 'manufacturer': 'Coty Beauty Germany GmbH', 'Herstelleradresse': 'Berliner Allee 65, D-64295 Darmstadt', 'Anwendungshinweis': 'Step 1: Das Puder Blush mit einem Pinsel aufnehmen und leicht abklopfen.\nStep 2: Das Rouge in kleinen, kreisenden Bewegungen auf den Wangen verteilen.\nStep 3: Die Intensität durch weitere Schichten verstärken, sollte zu viel aufgetragen worden sein, etwas Puder über das\nRouge geben.\nStep 4: Für einen dramatischen Rouge Look kann man die zarte Textur auch mit einem angefeuchteten Pinsel auftragen.', 'package_contents': 'Mica, Talc, Triisostearin, Octyldodecanol, Dimethicone, Zea Mays (Corn) Starch, Magnesium Aluminum Silicate, Phenoxyethanol, Ethylhexyl Methoxycinnamate, Sodium Dehydroacetate, Sorbic Acid, Ethylparaben, Methylparaben, BHT, Disodium EDTA, Tin Oxide, Calcium Sodium Borosilicate, Tocopheryl Acetate, Silica, Synthetic Fluorphlogopite, Calcium Aluminum Borosilicate, Hydrogenated Polyisobutene, Palmitic Acid, [May Contain/Peut Contenir/+/-:Iron Oxides (CI 77491, CI 77492, CI 77499), Titanium Dioxide (CI 77891), Manganese Violet (CI 77742), Red 7 Lake (CI 15850), Ultramarines (CI 77007), Carmine (CI 75470)].', 'Farbnummer': '025', 'Farbe': 'POWDER BLUSH 025', 'skin_type': 'alle Hauttypen', 'Inhalt': '1 Stk.', 'Produktart': 'Rouge', 'Produkttyp': 'Rouge'}||||||POWDER BLUSH 025||||||||4.7069|58|876877_1.png|https://static.mueller.de/6952675110-PV-0/pdzoom/max-factor-facefinity-powder-blush.webp|876877_2.png|https://static.mueller.de/6952675110-PB-2/pdzoom/max-factor-facefinity-powder-blush.webp||||||||||||||||||||Coty Beauty Germany GmbH||||||||||1 Stk.|Mica, Talc, Triisostearin, Octyldodecanol, Dimethicone, Zea Mays (Corn) Starch, Magnesium Aluminum Silicate, Phenoxyethanol, Ethylhexyl Methoxycinnamate, Sodium Dehydroacetate, Sorbic Acid, Ethylparaben, Methylparaben, BHT, Disodium EDTA, Tin Oxide, Calcium Sodium Borosilicate, Tocopheryl Acetate, Silica, Synthetic Fluorphlogopite, Calcium Aluminum Borosilicate, Hydrogenated Polyisobutene, Palmitic Acid, [May Contain/Peut Contenir/+/-:Iron Oxides (CI 77491, CI 77492, CI 77499), Titanium Dioxide (CI 77891), Manganese Violet (CI 77742), Red 7 Lake (CI 15850), Ultramarines (CI 77007), Carmine (CI 75470)].||True||876877P|||||||||10
2640674|mueller||||||||2024-10-28|Scooli - LOL SURPRISE AERO Trinkflasche, 500 ml|SCOOLI||1|Stk.|Home|Spielwaren|Kostüme & Partyartikel|Trends|Scooli - LOL SURPRISE AERO Trinkflasche, 500 ml|||7,99 €|7,99 €||||||||||||||EUR|Home> Spielwaren> Kostüme & Partyartikel> Trends> Scooli - LOL SURPRISE AERO Trinkflasche, 500 ml|https://www.mueller.at/p/scooli-lol-surprise-aero-trinkflasche-500-ml-2640674/|1 Stk.|Scooli - LOL SURPRISE AERO Trinkflasche, 500 ml||||||||3 Jahre||||||||||||||Non-Organic||||"{'target_group': 'Kindergartenkinder|Grundschüler', 'Artikelnummer des Herstellers': 'LOLO9913', 'license': 'LOL SURPRISE', 'Altersempfehlung ab': '3 Jahre', 'Inhalt': '1 Stk.', 'Produkttyp': 'Kleinspielzeug'}"||||||||||||||5.0|1|2640674_1.png|https://static.mueller.de/6801028358-PV-0/pdzoom/scooli-lol-surprise-aero-trinkflasche-500-ml.webp||||||||||||||||||||||LOLO9913||||||||||1 Stk.|||True||2640674P|||||||||10
2194461|mueller||||||||2024-10-28|Pet Bistro Katzensnack Knabbersticks mit Hähnchen und Ente|PET BISTRO||10|Stk.|Home|Tiershop|Tiernahrung|Katze|Belohnung & Snacks|Pet Bistro Katzensnack Knabbersticks mit Hähnchen und Ente||1,45 €|1,45 €|||||||||||1,45 € / 10 Stk.|||EUR|Home> Tiershop> Tiernahrung> Katze> Belohnung & Snacks> Pet Bistro Katzensnack Knabbersticks mit Hähnchen und Ente|https://www.mueller.at/p/pet-bistro-katzensnack-knabbersticks-mit-haehnchen-und-ente-2194461/|10 Stk.|"Die einzeln verpackten Pet Bistro Knabber-Sticks mit Hähnchen und Ente sind nicht nur besonders schmackhaft, sondern auch ohne den Zusatz von Getreide hergestellt. Für den täglichen Knabberspaß Ihres Samtpfötchens.

Der Snack eignet sich perfekt als Belohnung oder als leichter Nachtisch."||Trocken lagern und vor Wärme schützen und nicht in der Nähe von scharf riechenden Gegenständen aufbewahren.|||||||Geflügel|||||||||||||Non-Organic||||"{'Lagerhinweis': 'Trocken lagern und vor Wärme schützen und nicht in der Nähe von scharf riechenden Gegenständen aufbewahren.', 'Futtermittelart': 'Ergänzungsfutter', 'manufacturer': 'petsway GmbH', 'Herstelleradresse': 'Tich 32a, 48361 Beelen', 'Kontaktmöglichkeit': 'www.mueller.eu', 'Zulassungsnummer': 'DE 06 631 009 3525', 'Geeignet für Lebensphase': 'Adult', 'Geschmacksrichtung': 'Geflügel', 'packaging_type': 'Beutel', 'Inhalt': '10 Stk.', 'Eigenschaften': 'Ohne Zuckerzusatz|Glutenfrei', 'Fütterungsempfehlung': 'Als Snack zusätzlich zu den täglichen Mahlzeiten bis zu 1 Stück am Tag. Auch für junge Katzen ab dem 3. Lebensmonat geeignet.', 'Analytische Bestandteile': 'Rohprotein 33,5%, Fettgehalt 20,0%, Rohasche 11,0%, Rohfaser 2,0%, Feuchtegehalt 28,0%.', 'Zusammensetzung (Futter)': 'Fleisch und tierische Nebenerzeugnisse (u.a. 6 % vom Hähnchen 6% von der Ente), Mineralstoffe.', 'Zusatzstoffe (Futter)': 'Technologische Zusatzstoffe: Antioxidationsmittel,  Konservierungsmittel', 'Produkttyp': 'Belohnung & Snacks', 'Tiertyp': 'Katze'}"||||Als Snack zusätzlich zu den täglichen Mahlzeiten bis zu 1 Stück am Tag. Auch für junge Katzen ab dem 3. Lebensmonat geeignet.|||||||Geflügel|||3.0|2|2194461_1.png|https://static.mueller.de/6138792848-PV-0/pdzoom/pet-bistro-katzensnack-knabbersticks-mit-haehnchen-und-ente.webp||||||||||||||||||||||petsway GmbH||||||||||10 Stk.|||True||2194461P|||||Adult||||10
2640685|mueller||||||||2024-10-28|Scooli - LOL SURPRISE Brotzeitdose mit herausnehmbarem Einsatz|SCOOLI||1|Stk.|Home|Spielwaren|Kostüme & Partyartikel|Trends|Scooli - LOL SURPRISE Brotzeitdose mit herausnehmbarem Einsatz|||7,99 €|7,99 €||||||||||||||EUR|Home> Spielwaren> Kostüme & Partyartikel> Trends> Scooli - LOL SURPRISE Brotzeitdose mit herausnehmbarem Einsatz|https://www.mueller.at/p/scooli-lol-surprise-brotzeitdose-mit-herausnehmbarem-einsatz-2640685/|1 Stk.|Scooli - LOL SURPRISE Brotzeitdose mit herausnehmbarem Einsatz||||||||3 Jahre||||||||||||||Non-Organic||||"{'target_group': 'Kindergartenkinder|Grundschüler', 'Artikelnummer des Herstellers': 'LOLO9903', 'license': 'LOL SURPRISE', 'Altersempfehlung ab': '3 Jahre', 'Inhalt': '1 Stk.', 'Produkttyp': 'Kleinspielzeug'}"||||||||||||||0|0|2640685_1.png|https://static.mueller.de/6801028359-PV-0/pdzoom/scooli-lol-surprise-brotzeitdose-mit-herausnehmbarem-einsatz.webp||||||||||||||||||||||LOLO9903||||||||||1 Stk.|||True||2640685P|||||||||10
2194472|mueller||||||||2024-10-28|Pet Bistro Katzensnack kleine Köstlichkeit Schleck-Snack mit Milch und Joghurt|PET BISTRO||80|g|Home|Tiershop|Tiernahrung|Katze|Belohnung & Snacks|Pet Bistro Katzensnack kleine Köstlichkeit Schleck-Snack mit Milch und Joghurt||1,30 €|1,30 €|||||||||||16,25 € / 1 kg|||EUR|Home> Tiershop> Tiernahrung> Katze> Belohnung & Snacks> Pet Bistro Katzensnack kleine Köstlichkeit Schleck-Snack mit Milch und Joghurt|https://www.mueller.at/p/pet-bistro-katzensnack-kleine-koestlichkeit-schleck-snack-mit-milch-und-joghurt-2194472/|80 g|"Der Schleck Snack mit Milch oder mit Milch & Joghurt bietet Ihrem Samtpfötchen eine gute Abwechslung und ist durch die Einzelsachets einfach portionierbar.
Der Snack eignet sich perfekt als Belohnung oder als leichter Nachtisch. Ein Gaumenschmaus für jede Katze."||Trocken lagern und vor Wärme schützen und nicht in der Nähe von scharf riechenden Gegenständen aufbewahren.||||||||||||||||||||Non-Organic||||{'Lagerhinweis': 'Trocken lagern und vor Wärme schützen und nicht in der Nähe von scharf riechenden Gegenständen aufbewahren.', 'Futtermittelart': 'Ergänzungsfutter', 'manufacturer': 'petsway GmbH', 'Herstelleradresse': 'Tich 32a, 48361 Beelen', 'Kontaktmöglichkeit': 'www.mueller.eu', 'Zulassungsnummer': 'DE BW 200010', 'Geeignet für Lebensphase': 'Adult', 'packaging_type': 'Beutel', 'Inhalt': '80 g', 'Eigenschaften': 'Ohne Zuckerzusatz', 'Fütterungsempfehlung': 'Als Snack zusätzlich zu den täglichen Mahlzeiten. Berücksichtigen Sie die gefütterte Menge bei der Tagesration', 'Analytische Bestandteile': 'Rohprotein 2,0 %, Fettgehalt 9,0 %, Rohasche 1,0 %, Rohfaser 0,5 %, Feuchtegehalt 83,0 %.', 'Zusammensetzung (Futter)': 'Mit Milch: Milch und Molkereierzeugnisse (4% Milch), pflanzliche Nebenerzeugnisse, Inulin (0,1%). Mit Milch und Joghurt: Milch und Molkereierzeugnisse (4% Milch, 4% Joghurt), pflanzliche Nebenerzeugnisse, Inulin (0,1%).', 'Produkttyp': 'Belohnung & Snacks', 'Tiertyp': 'Katze'}||||Als Snack zusätzlich zu den täglichen Mahlzeiten. Berücksichtigen Sie die gefütterte Menge bei der Tagesration||||||||||0|0|2194472_1.png|https://static.mueller.de/6138793498-PV-0/pdzoom/pet-bistro-katzensnack-kleine-koestlichkeit-schleck-snack-mit-milch-und-joghurt.webp||||||||||||||||||||||petsway GmbH||||||||||80 g|||True||2194472P|||||Adult||||10
942202|mueller||||||||2024-10-28|Kneipp Massageöl Sanfte Berührung|KNEIPP||100|ml|Home|Drogerie|Pflege|Körperpflege|Pflege|Körper- & Massageöl|Kneipp Massageöl Sanfte Berührung|8,95 €|8,95 €|||||||||||89,50 € / 1 l|||EUR|Home> Drogerie> Pflege> Körperpflege> Pflege> Körper- & Massageöl> Kneipp Massageöl Sanfte Berührung|https://www.mueller.at/p/kneipp-massageoel-sanfte-beruehrung-942202/|100 ml|"Das Kneipp® Massageöl Ylang-Ylang mit dem ätherischen Öl der Ylang-Ylang Blüten sorgt für sinnlichexotische Momente. Pflegendes Jojobaöl, feuchtigkeitsregulierendes Mandelöl sowie zellschützendes Vitamin E nähren und regenerieren die Haut und machen sie samtig-weich.

Das Kneipp® Massageöl Ylang-Ylang lässt sich
leicht verteilen, zieht langsam ein und verströmt seinen sinnlich-exotischen Duft durch die freigesetzte
Wärme bei der Massage besonders intensiv.

Unsere Massageöle enthalten mindestens 95 %
natürliche pflegende Pflanzenöle sowie zellschützendes Vitamin E.

Das sinnlich-exotisch duftende Ylang-Ylang Öl, das aus den Blüten des Ylang-Ylang Baumes gewonnen
wird, wirkt entspannend, ausgleichend und anregend.

Jojobaöl wird sehr gut von der Haut aufgenommen. Es stärkt die hauteigene Schutzbarriere, wirkt
feuchtigkeitsregulierend und macht die Haut glatt und geschmeidig.

Das wertvolle Mandelöl verfügt über einen besonders hohen Gehalt an essentiellen Fettsäuren. Es
pflegt die Haut intensiv und unterstützt die natürliche Regulierung der Hautfeuchtigkeit. Vegan*
*Diesem Produkt wurden keine tierischen Bestandteile zugesetzt,95% natürliche Pflanzenöle,Rezeptur ohne Mikroplastik"||||||||||||||||||||||Non-Organic||||{'scope_of_delivery': '100ml', 'target_group': 'Unisex', 'manufacturer': 'Kneipp GmbH', 'Herstelleradresse': 'Winterhäuser Str. 85, 97084 Würzburg', 'Kontaktmöglichkeit': 'info@kneipp.de', 'Anwendungshinweis': 'Anwendung: Dünn auftragen, mit sanftem Druck und gleichmäßig kreisenden Bewegungen einmassieren.\n\nAls Hautöl angewendet empfehlen wir die Verwendung\ndirekt nach dem Duschen oder Baden auf der noch feuchten Haut. Unser Massageöl ist zur Intimmassage\ngeeignet.', 'package_contents': 'Prunus Amygdalus Dulcis (Sweet Almond) Oil, Simmondsia Chinensis (Jojoba) Seed Oil, Tocopheryl Acetate, Helianthus Annuus (Sunflower) Seed Oil, Cananga Odorata Flower Oil, Juniperus Virginiana Oil, Citronellol, Linalool, Coumarin, Benzyl Alcohol, Geraniol, Eugenol, Parfum (Fragrance), Glycine Soja (Soybean) Oil,\nTocopherol.', 'Inhalt': '100 ml', 'scope_of_application': 'Spezialpflege', 'Produkttyp': 'Massage & Entspannung'}||||||||||||||4.3478|23|942202_1.png|https://static.mueller.de/markant_04008233029368_pv_2575233/pdzoom/kneipp-massageoel-sanfte-beruehrung.webp|942202_2.png|https://static.mueller.de/markant_04008233029368_pd_2575232/pdzoom/kneipp-massageoel-sanfte-beruehrung.webp|942202_3.png|https://static.mueller.de/markant_04008233029368_pr_4442333/pdzoom/kneipp-massageoel-sanfte-beruehrung.webp|942202_4.png|https://static.mueller.de/markant_04008233029368_pd_2575232/pdzoom/kneipp-massageoel-sanfte-beruehrung.webp|942202_5.png|https://static.mueller.de/markant_04008233029368_pd_4442332/pdzoom/kneipp-massageoel-sanfte-beruehrung.webp|942202_6.png|https://static.mueller.de/markant_04008233029368_pd_4442330/pdzoom/kneipp-massageoel-sanfte-beruehrung.webp||||||||||||Kneipp GmbH||||||||||100 ml|"Prunus Amygdalus Dulcis (Sweet Almond) Oil, Simmondsia Chinensis (Jojoba) Seed Oil, Tocopheryl Acetate, Helianthus Annuus (Sunflower) Seed Oil, Cananga Odorata Flower Oil, Juniperus Virginiana Oil, Citronellol, Linalool, Coumarin, Benzyl Alcohol, Geraniol, Eugenol, Parfum (Fragrance), Glycine Soja (Soybean) Oil,
Tocopherol."||False||942202P||||Kosmetisches Mittel|||||1
128521|mueller||||||||2024-10-28|Revell 39608 - Contacta Professional Mini, 12,5 g|REVELL||12.5|g|Home|Spielwaren|Modellbau & Modelleisenbahn|Modellbau|Werkzeuge|Revell 39608 - Contacta Professional Mini, 12,5 g||3,99 €|3,99 €|||||||||||319,20 € / 1 kg|||EUR|Home> Spielwaren> Modellbau & Modelleisenbahn> Modellbau> Werkzeuge> Revell 39608 - Contacta Professional Mini, 12,5 g|https://www.mueller.at/p/revell-39608-contacta-professional-mini-12-5-g-128521/|12.5 g|"Revell Contacta Professional für punktgenaues Kleben. Mit der nadelfeinen Kanüle lassen sich mikrogenaue Klebungen an winzigen Details und an Klarsichtteilkanten ausführen.
Besondere Eigenschaften:
Mit Kunststoff-Verschweißungseffekt
Flüssige Konsistenz des Klebstoffes
Schnelltrocknend
Nadelfeine Kanüle für punktgenaues Kleben
Geeignet für Verklebung von Kleinteilen
Nachträglicher Klebstoffauftrag möglich"||||||||8 Jahre||||||||||||||Non-Organic||||"{'target_group': 'Erwachsene|Jugendliche|Grundschüler', 'manufacturer': 'Carrera Revell Europe GmbH', 'Herstelleradresse': 'Henschelstr. 20-30 32257 Bünde', 'Kontaktmöglichkeit': 'https://carrera-toys.com/', 'Artikelnummer des Herstellers': '39608', 'license': 'Revell Farben Kleber & Co.', 'Altersempfehlung ab': '8 Jahre', 'Inhalt': '12.5 g', 'Produkttyp': 'Werkzeug und Zubehör'}"||||||||||||||4.0|1|128521_1.png|https://static.mueller.de/6516511050-PV-0/pdzoom/revell-39608-contacta-professional-mini-12-5-g.webp||||||||||||||||||||||Carrera Revell Europe GmbH||||||||||12.5 g|||True||128521P|||||||||10
2312276|mueller||||||||2024-10-28|Kung Fu Panda 1-3 [3 DVDs]|||1|Stk.|Home|Multi-Media|Filme & TV|Kinderfilme|Kung Fu Panda 1-3  [3 DVDs]|||9,99 €|9,99 €||||||||||||||EUR|Home> Multi-Media> Filme & TV> Kinderfilme> Kung Fu Panda 1-3  [3 DVDs]|https://www.mueller.at/p/kung-fu-panda-1-3-3-dvds-2312276/|1 Stk.|"""Kung Fu Panda""
Ausgerechnet der pummelig-tollpatschige Panda Po wird dazu auserkoren, im Kampf gegen den machtgierigen Schneeleoparden Tai Lung das Tal des Friedens zu retten. Nicht nur sein Lehrer Shifu, auch die von Po verehrten Kung-Fu-Kämpfer Tigerin, Kranich, Gottesanbeterin, Viper und Affe sind aufgrund dieser Prophezeiung ratlos. Doch Po, der im Nudelgeschäft seiner Familie arbeitet, ist begeisterungsfähig und ausdauernd. Nicht umsonst träumt er davon, ein berühmter Kung-Fu-Kämpfer an der Seite seiner Helden zu werden...
Laufzeit: ca. 88 Min.
Produktionsjahr: 2008
Regie: Mark Osborne, John Stevenson;

""Kung Fu Panda 2""
Zusammen mit seinen Freunden der Furious Five verteidigt Kung-Fu-Panda Po als Drachenkrieger das Tal des Friedens, ohne allerdings alte Gewohnheiten und seine Faulheit ganz abgelegt zu haben. Gefordert wird er, als ein neuer Bösewicht auf den Plan tritt, der ganz China mit einer neuartigen Superwaffe in die Knie zwingen und Kung Fu auf immer und ewig zerstören will. Um den Konflikt siegreich beenden zu können, muss Po den Blick in die eigene Vergangenheit richten und unbequeme Fragen über seine tatsächliche Herkunft beantworten.
Laufzeit: ca. 87 Min.
Produktionsjahr: 2011
Regie: Jennifer Nelson;

""Kung Fu Panda 3""
2016 kehrt eine der erfolgreichsten Animations-Franchises der Welt mit ihrer bisher größten Abenteuerkomödie ins Kino zurück: KUNG FU PANDA 3. Nach der überraschenden Rückkehr von Pos verloren geglaubtem Vater macht sich das wiedervereinte Duo auf den Weg in ein geheimes Panda-Paradies, wo sie jede Menge lustige neue Pandas kennenlernen. Der Spaß hat jedoch ein Ende, als der übermächtige Bösewicht Kai in China einen Kung Fu Meister nach dem anderen bezwingt und Po vor eine schier unlösbare Aufgabe stellt: er muss aus einem Dorf voller lebenslustiger, schwerfälliger Pandas ultimative Kung Fu Panda-Kämpfer machen!
Laufzeit: ca. 91 Min.
Produktionsjahr:
Regie: Jennifer Neslon Yu, Alessandro Carloni"||||||||||||||||||||||Non-Organic||||"{'medium': 'DVD', 'manufacturer': 'Universal Pictures Germany GmbH', 'Bildformat': 'Widescreen', 'Zusatzinfos / Bonusmaterial beim Film dabei': 'Film 1+2: Dolby Digital 5.1 (Deutsch, Englisch, Türkisch);\nFilm 3: Dolby Digital 5.1 (Deutsch, Englisch) und andere;\n\nUntertitel:\nFilm 1+2: Deutsch, Englisch, Türkisch;\nFilm 3: Deutsch, Englisch und andere;', 'Inhalt': '1 Stk.', 'Laufzeit in min (gesamt)': '266', 'Produktionsland': 'USA', 'Special Edition': 'Nein', 'packaging_type': 'Softbox', 'Hauptgenre': 'Animationsfilm|Kinder|Zeichentrick'}"||||||||||||||5.0|1|2312276_1.png|https://static.mueller.de/videojakob_5053083147952_pv_535892/pdzoom/kung-fu-panda-1-3-3-dvds.webp|2312276_2.png|https://static.mueller.de/pdzoom/videojakob_5053083147952_pr_535892-back.webp||||||||||||||||||||Universal Pictures Germany GmbH||||||||||1 Stk.|||True||2312276P|||||||||5
22422|mueller||||||||2024-10-28|"PAP-ART Hinweis-Etiketten ""Bitte keine Werbung"""|PAP-ART||1|Stk.|Home|Schreibwaren|Bastelbedarf|Papier & Karton|"PAP-ART Hinweis-Etiketten ""Bitte keine Werbung"""|||1,39 €|1,39 €||||||||||||||EUR|"Home> Schreibwaren> Bastelbedarf> Papier & Karton> PAP-ART Hinweis-Etiketten ""Bitte keine Werbung"""|https://www.mueller.at/p/pap-art-hinweis-etiketten-bitte-keine-werbung-22422/|1 Stk.|"Die PAP-ART Hinweis-Etiketten haben den Aufdruck "" Bitte keine Werbung ""."||||||||||||||||||||||Non-Organic||||{'Inhalt': '1 Stk.', 'Produkttyp': 'Spezialpapier'}||||||||||||||0|0|22422_1.png|https://static.mueller.de/6486338580-PV-0/pdzoom/pap-art-hinweis-etiketten-bitte-keine-werbung.webp||||||||||||||||||||||||||||||||1 Stk.|||False||22422P|||||||||1
22423|mueller||||||||2024-10-28|PAP-ART Verstärkungsringe weiss|PAP-ART||1|Stk.|Home|Schreibwaren|Büro|Bürobedarf|Bürokleinteile|PAP-ART Verstärkungsringe weiss||1,39 €|1,39 €||||||||||||||EUR|Home> Schreibwaren> Büro> Bürobedarf> Bürokleinteile> PAP-ART Verstärkungsringe weiss|https://www.mueller.at/p/pap-art-verstaerkungsringe-weiss-22423/|1 Stk.|Die PAP-ART Verstärkungsringe in weiss verhindern das Ausreißen gelochter Dokumente und sind im Büro und privat kleine Organisationshelfer.||||||||||||||||||||||Non-Organic||||{'Inhalt': '1 Stk.', 'Produkttyp': 'Bürokleinteile'}||||||||||||||0|0|22423_1.png|https://static.mueller.de/6486338829-PV-0/pdzoom/pap-art-verstaerkungsringe-weiss.webp||||||||||||||||||||||||||||||||1 Stk.|||False||22423P|||||||||1
981831|mueller||||||||2024-10-28|Bastards|||1|Stk.|Home|Multi-Media|Musik|Heavy Metal|Bastards|||5,99 €|5,99 €||||||||||||||EUR|Home> Multi-Media> Musik> Heavy Metal> Bastards|https://www.mueller.at/p/bastards-981831/|1 Stk.|||||||||||||||||||||||Non-Organic||||{'medium': 'CD', 'Künstler': 'Motörhead', 'Inhalt': '1 Stk.', 'Anzahl Medien im Artikel': '1', 'genre': 'Metal', 'Label': 'zyx/gcr'}||||||||||||||0|0|981831_1.png|https://static.mueller.de/pdzoom/phononet_0090204684380_pv_0090204684380-0600px-001.webp||||||||||||||||||||||||||||||||1 Stk.|||False||981831P|||||||||1
2169489|mueller||||||||2024-10-28|sigikid - Rassel Hase Red Stars|SIGIKID||1|Stk.|Home|Spielwaren|Baby & Kleinkind|Babyspielzeug|Spielzeug mit Rassel|sigikid - Rassel Hase Red Stars||8,95 €|8,95 €|8,95 €|7,99 €||||11%|Sie sparen 11%|||||||EUR|Home> Spielwaren> Baby & Kleinkind> Babyspielzeug> Spielzeug mit Rassel> sigikid - Rassel Hase Red Stars|https://www.mueller.at/p/sigikid-rassel-hase-red-stars-2169489/|1 Stk.|Rassel Hase Red StarsKleiner Hase, großes Glück. Der niedliche Rasselhase macht Babys rundum glücklich. Die langen Ohren, das freundliche Gesicht und das lustige Pünktchenmuster machen kleine Entdecker neugierig. Der weiche Materialmix setzt haptische Akzente für kleine Hände. Wird der Babygreifling bewegt, ertönt ein spannendes Rasselgeräusch.Material außen: 100% Polyester, Material innen: 100% Polyester||||||||0 Monate||||||||||||||Non-Organic||||"{'target_group': 'Baby & Kleinkind|Vorschüler', 'manufacturer': 'Sigikid / H. Scharrer & Koch GmbH & Co.KG', 'Herstelleradresse': 'Am Wolfsgarten 8 95511 Mistelbach', 'Kontaktmöglichkeit': 'https://sigikid.de/', 'Artikelnummer des Herstellers': '41169', 'Altersempfehlung ab': '0 Monate', 'Altersempfehlung bis': '2 Jahre', 'Tierart': 'Hase', 'Materialdetails': 'Polyester', 'Inhalt': '1 Stk.', 'Genre | Spielmotivation': 'Fühlen|Hören', 'Produkttyp': 'Rasseln | Greiflinge'}"||||||||Polyester||||||0|0|2169489_1.png|https://static.mueller.de/5780516536-PV-0/pdzoom/sigikid-rassel-hase-red-stars.webp||||||||||||||||||||||Sigikid / H. Scharrer & Koch GmbH & Co.KG||||||||||1 Stk.|||True||2169489P|||||||||10
153450|mueller||||||||2024-10-28|Märklin 24630 - H0 - C-Gleis Dreiwegweiche 188,3 mm ( nachrüstbar )|MÄRKLIN||1|Stk.|Home|Spielwaren|Modellbau & Modelleisenbahn|Modelleisenbahn|Gleise & Signale|Märklin 24630 - H0 - C-Gleis Dreiwegweiche 188,3 mm ( nachrüstbar )||54,99 €|54,99 €|54,99 €|43,99 €||||20%|Sie sparen 20%|||||||EUR|Home> Spielwaren> Modellbau & Modelleisenbahn> Modelleisenbahn> Gleise & Signale> Märklin 24630 - H0 - C-Gleis Dreiwegweiche 188,3 mm ( nachrüstbar )|https://www.mueller.at/p/maerklin-24630-h0-c-gleis-dreiwegweiche-188-3-mm-nachruestbar-153450/|1 Stk.|C-Gleis DreiwegweicheGerade 188,3 mmAbzweige: 2 x 24,3°.Anschlussmaße beidseitig wie Weichen 24611 / 24612.Asymmetrischer Herzstückbereich mit versetzten Zungenpaaren.Zwei Handschalthebel.Zwei Elektroantriebe 740 und Weichenlaternen 74470 nachrüstbar.Digital-Betrieb mit Decoder 6083 möglich.Die Dreiwegweiche vereinigt eine rechte und eine linke Weiche auf dem Raum einer einfachen Weiche. Auf diese Weise kann besonders bei Weichenstraßen und im Bahnhofsbereich Platz eingespart werden.||||||||15 Jahre||||||||||||||Non-Organic||||"{'Strom System Modellbahn': 'AC - Wechselstrom', 'Spur Modelleisenbahn': 'H0 - 1:87', 'target_group': 'Jugendliche|Erwachsene', 'Kontaktmöglichkeit': 'Gebr. Märklin & Cie. GmbH', 'Artikelnummer des Herstellers': '24630', 'license': 'Märklin - Spur H0 - Gleismaterial - C-Gleis', 'Altersempfehlung ab': '15 Jahre', 'Altersempfehlung bis': '99 Jahre', 'Materialdetails': 'Kunststoff', 'Inhalt': '1 Stk.', 'Produkttyp': 'Standardgleis', 'verschluckbare Magnete': 'Nein'}"||||||||Kunststoff||||||0|0|153450_1.png|https://static.mueller.de/62366905-PB-0/pdzoom/maerklin-24630-h0-c-gleis-dreiwegweiche-188-3-mm-nachruestbar.webp||||||||||||||||||||||24630||||||||||1 Stk.|||False||153450P|||||||||1
2458302|mueller||||||||2024-10-28|FABER-CASTELL Tuschestift Pitt Artist Pen C Farbe 273|FABER-CASTELL||1|Stk.|Home|Schreibwaren|Bastelbedarf|Spezialfarben & -stifte|FABER-CASTELL  Tuschestift Pitt Artist Pen C Farbe 273|||2,99 €|2,99 €||||||||||||||EUR|Home> Schreibwaren> Bastelbedarf> Spezialfarben & -stifte> FABER-CASTELL  Tuschestift Pitt Artist Pen C Farbe 273|https://www.mueller.at/p/faber-castell-tuschestift-pitt-artist-pen-c-farbe-273-2458302/|1 Stk.|Pigmentierte Zeichentusche; Hohe Lichtbeständigkeit; Wasserfest, permanent; Geruchsneutral, säurefrei, pH-neutral; Schlägt nicht durchs Papier; Strichbreite C = Calligraphy 2.5 mm; Ideal für kalligrafisches Arbeiten; Farbe 273 warmgrau IV||||||||||||||||||||||Non-Organic||||{'manufacturer': 'A. W. Faber-Castell Vertrieb GmbH', 'Herstelleradresse': 'Nürnberger Str. 2, 90546 Stein', 'Inhalt': '1 Stk.', 'Produkttyp': 'Spezialfarben & -stifte'}||||||||||||||0|0|2458302_1.png|https://static.mueller.de/6958285923-PV-0/pdzoom/faber-castell-tuschestift-pitt-artist-pen-c-farbe-273.webp||||||||||||||||||||||A. W. Faber-Castell Vertrieb GmbH||||||||||1 Stk.|||True||2458302P|||||||||10
2458300|mueller||||||||2024-10-28|FABER-CASTELL Tuschestift Pitt Artist Pen C Farbe 272|FABER-CASTELL||1|Stk.|Home|Schreibwaren|Bastelbedarf|Spezialfarben & -stifte|FABER-CASTELL  Tuschestift Pitt Artist Pen C Farbe 272|||2,99 €|2,99 €||||||||||||||EUR|Home> Schreibwaren> Bastelbedarf> Spezialfarben & -stifte> FABER-CASTELL  Tuschestift Pitt Artist Pen C Farbe 272|https://www.mueller.at/p/faber-castell-tuschestift-pitt-artist-pen-c-farbe-272-2458300/|1 Stk.|Pigmentierte Zeichentusche; Hohe Lichtbeständigkeit; Wasserfest, permanent; Geruchsneutral, säurefrei, pH-neutral; Schlägt nicht durchs Papier; Strichbreite C = Calligraphy 2.5 mm; Ideal für kalligrafisches Arbeiten; Farbe 272 warmgrau III||||||||||||||||||||||Non-Organic||||{'manufacturer': 'A. W. Faber-Castell Vertrieb GmbH', 'Herstelleradresse': 'Nürnberger Str. 2, 90546 Stein', 'Inhalt': '1 Stk.', 'Produkttyp': 'Spezialfarben & -stifte'}||||||||||||||0|0|2458300_1.png|https://static.mueller.de/6958285871-PV-0/pdzoom/faber-castell-tuschestift-pitt-artist-pen-c-farbe-272.webp||||||||||||||||||||||A. W. Faber-Castell Vertrieb GmbH||||||||||1 Stk.|||True||2458300P|||||||||10
128440|mueller||||||||2024-10-28|Metzger & Mendle Schubladenbox Kunststoff 5 Schübe hellgrau|METZGER & MENDLE||1|Stk.|Home|Schreibwaren|Büro|Ordner & Mappen|Ablagebox|Metzger & Mendle Schubladenbox Kunststoff 5 Schübe hellgrau||19,99 €|19,99 €||||||||||||||EUR|Home> Schreibwaren> Büro> Ordner & Mappen> Ablagebox> Metzger & Mendle Schubladenbox Kunststoff 5 Schübe hellgrau|https://www.mueller.at/p/metzger-mendle-schubladenbox-kunststoff-5-schuebe-hellgrau-128440/|1 Stk.|"Metzger & Mendle Schubladenbox aus stabilem Kunststoff.

Details:
Farbe Gehäuse: anthrazit
Farbe Schubladen: hellgrau
Ausführung: Schübe mit Auszugssperre
Material: Kunststoff
Maße: 28,4 x 35,9 x 26 cm"||||||||||||||||||||||Non-Organic||||{'Material': 'Kunststoff', 'Farbe': 'grau', 'Inhalt': '1 Stk.', 'Produkttyp': 'Ablagebox'}||||||grau||||||||0|0|128440_1.png|https://static.mueller.de/6200061504-PV-0/pdzoom/metzger-mendle-schubladenbox-kunststoff-5-schuebe-hellgrau.webp|128440_2.png|https://static.mueller.de/6200061504-PB-1/pdzoom/metzger-mendle-schubladenbox-kunststoff-5-schuebe-hellgrau.webp||||||||||||||||||||||||||||||1 Stk.|||True||128440P|||||||||10
2169492|mueller||||||||2024-10-28|sigikid - Red Stars - Rassel Giraffe|SIGIKID||1|Stk.|Home|Spielwaren|Baby & Kleinkind|Babyspielzeug|Spielzeug mit Rassel|sigikid - Red Stars - Rassel Giraffe||9,95 €|9,95 €|9,95 €|8,99 €||||10%|Sie sparen 10%|||||||EUR|Home> Spielwaren> Baby & Kleinkind> Babyspielzeug> Spielzeug mit Rassel> sigikid - Red Stars - Rassel Giraffe|https://www.mueller.at/p/sigikid-red-stars-rassel-giraffe-2169492/|1 Stk.|Red Stars - Rassel GiraffeKleine Giraffe, großes Glück. Die niedliche Rasselgiraffe macht Babys neugierig und lädt zu ersten Greifversuchen ein. Der weiche Materialmix setzt haptische Akzente für kleine Entdeckerhände. Wird der Babygreifling bewegt, ertönt ein spannendes Rasselgeräusch.||||||||0 Monate||||||||||||||Non-Organic||||"{'target_group': 'Säuglinge|Kleinkinder', 'manufacturer': 'Sigikid / H. Scharrer & Koch GmbH & Co.KG', 'Herstelleradresse': 'Am Wolfsgarten 8 95511 Mistelbach', 'Kontaktmöglichkeit': 'https://sigikid.de/', 'Artikelnummer des Herstellers': '41170', 'Altersempfehlung ab': '0 Monate', 'Altersempfehlung bis': '1 Jahre', 'Materialdetails': 'Baumwolle, Polyester', 'Inhalt': '1 Stk.', 'Produkttyp': 'Rasseln | Greiflinge'}"||||||||Baumwolle, Polyester||||||0|0|2169492_1.png|https://static.mueller.de/5781247494-PV-0/pdzoom/sigikid-red-stars-rassel-giraffe.webp|2169492_2.png|https://static.mueller.de/5781247494-PB-1/pdzoom/sigikid-red-stars-rassel-giraffe.webp||||||||||||||||||||Sigikid / H. Scharrer & Koch GmbH & Co.KG||||||||||1 Stk.|||True||2169492P|||||||||10
2169497|mueller||||||||2024-10-28|sigikid - Knister-Schmetterling, grün Red Stars Collection|SIGIKID||1|Stk.|Home|Spielwaren|Baby & Kleinkind|Babyspielzeug|Spielzeug mit Rassel|sigikid - Knister-Schmetterling, grün Red Stars Collection||6,95 €|6,95 €|6,95 €|5,99 €||||14%|Sie sparen 14%|||||||EUR|Home> Spielwaren> Baby & Kleinkind> Babyspielzeug> Spielzeug mit Rassel> sigikid - Knister-Schmetterling, grün Red Stars Collection|https://www.mueller.at/p/sigikid-knister-schmetterling-gruen-red-stars-collection-2169497/|1 Stk.|"Kleiner Knisterfreund mit Spaßgarantie. Der Knister-Schmetterling in grün ist ein toller Babygreifling für die ganz Kleinen. Mit 9 cm Größe und dem weichen Material liegt er gut und weich in der Hand. In den Flügeln ist Knisterfolie eingenäht, die beim Spielen lustig raschelt.
Obermaterial: Polyester
Füllmaterial: Polyesterwatte
Größe: 9 x 2 x 12 cm
sigikid Greiflinge sind für Babyhände gut zu fassen und können völlig unbedenklich mit Mund und Händen entdeckt werden. Mit ersten Funktionen laden sie zum Spiel ein und sind dank ihrer tollen Größe klasse Begleiter im Alltag."||||||||0 Monate||||||||||||||Non-Organic||||"{'target_group': 'Säuglinge|Kleinkinder', 'manufacturer': 'Sigikid / H. Scharrer & Koch GmbH & Co.KG', 'Herstelleradresse': 'Am Wolfsgarten 8 95511 Mistelbach', 'Kontaktmöglichkeit': 'https://sigikid.de/', 'Artikelnummer des Herstellers': '41179', 'Altersempfehlung ab': '0 Monate', 'Altersempfehlung bis': '12 Monate', 'Inhalt': '1 Stk.', 'Produkttyp': 'Rasseln | Greiflinge'}"||||||||||||||0|0|2169497_1.png|https://static.mueller.de/5816611479-PV-0/pdzoom/sigikid-knister-schmetterling-gruen-red-stars-collection.webp|2169497_2.png|https://static.mueller.de/5816611479-PB-1/pdzoom/sigikid-knister-schmetterling-gruen-red-stars-collection.webp|2169497_3.png|https://static.mueller.de/5816611479-PB-2/pdzoom/sigikid-knister-schmetterling-gruen-red-stars-collection.webp||||||||||||||||||Sigikid / H. Scharrer & Koch GmbH & Co.KG||||||||||1 Stk.|||True||2169497P|||||||||10
2169499|mueller||||||||2024-10-28|sigikid - Knister-Schmetterling, blau Red Stars Collection|SIGIKID||1|Stk.|Home|Spielwaren|Baby & Kleinkind|Babyspielzeug|Spielzeug mit Rassel|sigikid - Knister-Schmetterling, blau Red Stars Collection||6,95 €|6,95 €|6,95 €|5,99 €||||14%|Sie sparen 14%|||||||EUR|Home> Spielwaren> Baby & Kleinkind> Babyspielzeug> Spielzeug mit Rassel> sigikid - Knister-Schmetterling, blau Red Stars Collection|https://www.mueller.at/p/sigikid-knister-schmetterling-blau-red-stars-collection-2169499/|1 Stk.|"Kleiner Knisterfreund mit Spaßgarantie. Der Knister-Schmetterling in blau ist ein toller Babygreifling für die ganz Kleinen. Mit 9 cm Größe und dem weichen Material liegt er gut und weich in der Hand. In den Flügeln ist Knisterfolie eingenäht, die beim Spielen lustig raschelt.
Obermaterial: Polyester
Füllmaterial: Polyesterwatte
Größe: 9 x 2 x 12 cm
sigikid Greiflinge sind für Babyhände gut zu fassen und können völlig unbedenklich mit Mund und Händen entdeckt werden. Mit ersten Funktionen laden sie zum Spiel ein und sind dank ihrer tollen Größe klasse Begleiter im Alltag."||||||||0 Monate||||||||||||||Non-Organic||||"{'target_group': 'Säuglinge|Kleinkinder', 'manufacturer': 'Sigikid / H. Scharrer & Koch GmbH & Co.KG', 'Herstelleradresse': 'Am Wolfsgarten 8 95511 Mistelbach', 'Kontaktmöglichkeit': 'https://sigikid.de/', 'Artikelnummer des Herstellers': '41180', 'Altersempfehlung ab': '0 Monate', 'Altersempfehlung bis': '12 Monate', 'Inhalt': '1 Stk.', 'Produkttyp': 'Rasseln | Greiflinge'}"||||||||||||||0|0|2169499_1.png|https://static.mueller.de/5816611478-PV-0/pdzoom/sigikid-knister-schmetterling-blau-red-stars-collection.webp|2169499_2.png|https://static.mueller.de/5816611478-PB-1/pdzoom/sigikid-knister-schmetterling-blau-red-stars-collection.webp|2169499_3.png|https://static.mueller.de/5816611478-PB-2/pdzoom/sigikid-knister-schmetterling-blau-red-stars-collection.webp||||||||||||||||||Sigikid / H. Scharrer & Koch GmbH & Co.KG||||||||||1 Stk.|||False||2169499P|||||||||1
588768|mueller||||||||2024-10-28|Lemony Snicket - Rätselhafte Ereignisse|||1|Stk.|Home|Multi-Media|Filme & TV|Action & Abenteuer|Lemony Snicket - Rätselhafte Ereignisse|||4,99 €|4,99 €||||||||||||||EUR|Home> Multi-Media> Filme & TV> Action & Abenteuer> Lemony Snicket - Rätselhafte Ereignisse|https://www.mueller.at/p/lemony-snicket-raetselhafte-ereignisse-588768/|1 Stk.|"Sehr geehrter Zuschauer,

wenn Sie Filme mit singenden Kaninchen, explodierenden Raumschiffen oder Chearleadern lieben, ist diese DVD für Sie absolut ungeeignet.
Es betrübt mich sehr, Ihnen mitteilen zu müssen, daß der Film, über den Sie gerade lesen, außergewöhnlich unheilvoll ist. Was in diesem Fall bedeutet, es handelt sich um ""ein haarsträubendes Abenteuer dreier erfindungsreicher Waisenkinder und eines düsteren Bösewichts namens Graf Olaf, der es auf ihr enormes Vermögen abgesehen hat"". Sie werden darin einem verheerenden Feuer, delikater Pasta, Jim Carrey, schlecht erzogenen Blutegeln, einer riesigen Schlange, Meryl Streep und einem Hochstapler namens Jude Law begegnen. Das Einzige, wodurch man bei diesem Spektakel noch mehr aus der Fassung geraten könnte, sind Extras wie Kommentare von mir oder unheimlich unveröffentlichte & vermaledeit verpatzte Szenen.
Ich werde mich weiterhin der Aufgabe widmen, die rätselhaften Ereignisse um die Baudelaire-Waisenkinder zu erforschen, doch Ihnen steht es frei, nach leichterer Kost zu streben - wie zum Beispiel einem Dokumentarfilm über Käsefondue.


Hochachtungsvoll

Lemony Snicket"||||||||||||||||||||||Non-Organic||||"{'medium': 'DVD', 'Untertitel': 'Deutsch,Englisch,Türkisch', 'manufacturer': 'Paramount Pictures (Universal Pictures)', 'Bildformat': '16:9', 'Zusatzinfos / Bonusmaterial beim Film dabei': 'Audiokommentar von Regisseur Brad Silberling;\nAudiokommentar von Regisseur Brad Silberling und Lemony Snicket;\nCasting für die Figur des gruseligen Graf Olafs;\nCasting für die bemitleidendswerten Baudelaire-Kinder;\nGraf Olaf interaktiv: Kostüm- und Sprechproben;\nVerwaiste Szenen: Unheimliche unveröffentlicht & Vermaledeit verpatzt;', 'Inhalt': '1 Stk.', 'Laufzeit in min (gesamt)': '103', 'Produktionsjahr': '2004', 'Produktionsland': 'USA', 'Regisseur': 'Brad Silberling', 'Schauspieler': 'Meryl Streep,Jim Carrey,Jude Law', 'Special Edition': 'Nein', 'Tonformat-Sprache': 'Deutsch,Englisch,Türkisch', 'Hauptgenre': 'Abenteuer|Fantasy|Romanverfilmung'}"||||||||||||||5.0|1|588768_1.png|https://static.mueller.de/videojakob_4047553500119_pv_199036/pdzoom/lemony-snicket-raetselhafte-ereignisse.webp|588768_2.png|https://static.mueller.de/pdzoom/videojakob_4047553500119_pr_199036-back.webp|588768_3.png|https://static.mueller.de/videojakob_4047553500119_pd_66615514/pdzoom/lemony-snicket-raetselhafte-ereignisse.webp|588768_4.png|https://static.mueller.de/videojakob_4047553500119_pd_66616202/pdzoom/lemony-snicket-raetselhafte-ereignisse.webp|588768_5.png|https://static.mueller.de/videojakob_4047553500119_pd_66616842/pdzoom/lemony-snicket-raetselhafte-ereignisse.webp|588768_6.png|https://static.mueller.de/videojakob_4047553500119_pd_66617499/pdzoom/lemony-snicket-raetselhafte-ereignisse.webp||||||||||||Paramount Pictures (Universal Pictures)||||||||||1 Stk.|||False||588768P|||||||||1
2615576|mueller||||||||2024-10-28|Milka Schokoladentafel Oreo White|MILKA||100|g|Home|Drogerie|Lebensmittel|Süßigkeiten|Schokolade|Milka Schokoladentafel Oreo White||1,59 €|1,59 €|||||||||||15,90 € / 1 kg|||EUR|Home> Drogerie> Lebensmittel> Süßigkeiten> Schokolade> Milka Schokoladentafel Oreo White|https://www.mueller.at/p/milka-schokoladentafel-oreo-white-2615576/|100 g|||Trocken lagern und vor Wärme schützen.||||MILCH, MAGERMILCHPULVER, WEIZENMEHL, BUTTERREINFETT, SOJALECITHINE, WEIZENSTÄRKE|||||{'Nährwerte je': '100  g', 'Brennwert': '2347 kj / 562 kcal', 'Fett in g': '34.0 g', '- davon gesättigte Fettsäuren in g': '19.0 g', 'Kohlenhydrate in g': '59.0 g', '- davon Zucker in g': '53.0 g', 'Ballaststoffe in g': '0.5 g', 'Eiweiß in g': '4.4 g', 'Salz in g': '0.38 g'}|||||||||||Non-Organic||||{'Lagerhinweis': 'Trocken lagern und vor Wärme schützen.', 'manufacturer': 'Mondelez Deutschland GmbH', 'Herstelleradresse': 'D-28078 Bremen', 'Kontaktmöglichkeit': 'verbraucherservice@mdlz.com', 'Allergenhinweis': 'MILCH, MAGERMILCHPULVER, WEIZENMEHL, BUTTERREINFETT, SOJALECITHINE, WEIZENSTÄRKE', 'Inhalt': '100 g', 'Zutaten': 'Zucker, Palmöl, Kakaobutter, Molkenpulver (aus MILCH), MAGERMILCHPULVER, WEIZENMEHL, BUTTERREINFETT, fettarmes Kakaopulver (0,7%), Glukose-Fruktose-Sirup, Emulgator (SOJALECITHINE), WEIZENSTÄRKE, Backtriebmittel (E501, E503, E500), Speisesalz, Aromen, Säureregulator (E524). KANN NÜSSE ENTHALTEN.', 'Produkttyp': 'Schokoladenartikel'}||||||||||||||3.6667|3|2615576_1.png|https://static.mueller.de/markant_07622201120931_pv_3817661/pdzoom/milka-schokoladentafel-oreo-white.webp||||||||||||||||||||||Mondelez Deutschland GmbH||||||||||100 g|||True||2615576P||||7% Magermilchpulver in der Milchcrèmefüllung.|||||5
981871|mueller||||||||2024-10-28|Grünspecht Rapssamenkissen|GRÜNSPECHT||1|Stk.|Home|Haushalt|Schönheit & Gesundheit|Wärmflaschen & Wärmeprodukte|Grünspecht Rapssamenkissen|||9,99 €|9,99 €||||||||||||||EUR|Home> Haushalt> Schönheit & Gesundheit> Wärmflaschen & Wärmeprodukte> Grünspecht Rapssamenkissen|https://www.mueller.at/p/gruenspecht-rapssamenkissen-981871/|1 Stk.|"Das Rapssamen-Kissen kann zur kurzzeitigen Wärmeanwendung zur Steigerung des Wohlbefindens und gezielt zur Linderung von körperlichen Beschwerden im Rahmen der Wärmetherapie eingesetzt werden. 

Das Produkt ist nur für den privaten Gebrauch im Haushalt bestimmt und kann bei Babys, Kindern und Erwachsenen angewendet werden. 

Das Rapssamen-Kissen ist als Wärmeauflage ausschließlich für die folgenden Anwendungsgebiete geeignet: 
• Bauchschmerzen/-krämpfe 
• Darmträgheit und Blähungen 
• Erkältung 
• Muskelschmerzen/-verhärtungen 
• Muskel-/Nackenverspannungen 
• Menstruationsbeschwerden 
• Allgemeines Erwärmen von kalten Körperstellen

Hinweis: Der Artikel ist in mehreren Farben erhältlich - jedoch online nicht auswählbar!"||||||||||||||||||||||Non-Organic||||{'filling_material': 'Raps', 'Pflegehinweis': 'Das Rapssamen-Kissen nicht waschen, um Fäulnis/Schimmel- bildung zu verhindern! \n<br><br>\nProdukt trocken lagern! Vor Feuchtigkeit schützen! \n<br><br>\nDas Produkt sollte bei normalem Gebrauch nach 4 Jahren ersetzt werden. Das Produkt kann im Hausmüll entsorgt und ohne Probleme thermisch verwertet werden. Die einzelnen Bestandteile der Verpackung bitte sortenrein trennen und dem entsprechenden Recycling-System zuführen. Bitte beachten Sie die regionalen Entsorgungsrichtlinien.', 'medical_device': 'Ja', 'manufacturer': 'Grünspecht Naturprodukte GmbH', 'Herstelleradresse': 'Münchener-Straße 21 ,85123 Karlskron-Brautlach', 'Materialdetails': 'Stoff: 100% Baumwolle<br>\nFüllung: Rapssamen', 'Material': 'Baumwolle', 'Anwendungshinweis': 'Vor dem Erwärmen des Kissens auf untypischen Geruch, Stock- oder Brandflecken prüfen und bei Vorhandensein sofort entsorgen.\n<br><br>\nZur Erwärmung gibt es folgende Möglichkeiten: <br>\n• Im nicht vorgeheizten Backofen bei max. 110 °C für max. 5 Minuten erwärmen<br>\n• In der Mikrowelle bei max. 300 Watt für max. 1 Minute erwärmen (Angaben des Mikrowellenherstellers beachten!) <br>\n• Längere Zeit auf einen handwarmen Heizkörper oder Kachelofen legen \n<br><br>\nDirekt nach dem Erhitzen die Wärme durch Schütteln gleichmäßig im Kissen verteilen! \n<br><br>\nBei den ersten Erwärmungen kann es an der Oberfläche zu einer leichten Feuchtigkeitsbildung kommen, die aber bei wiederholten Anwendungen verschwindet.', 'Inhalt': '1 Stk.'}||||||||Stoff: 100% Baumwolle<br> Füllung: Rapssamen||||||0|0|981871_1.png|https://static.mueller.de/5403792022-PV-0/pdzoom/gruenspecht-rapssamenkissen.webp||||||||||||||||Das Rapssamen-Kissen nicht waschen, um Fäulnis/Schimmel- bildung zu verhindern! <br><br> Produkt trocken lagern! Vor Feuchtigkeit schützen! <br><br> Das Produkt sollte bei normalem Gebrauch nach 4 Jahren ersetzt werden. Das Produkt kann im Hausmüll entsorgt und ohne Probleme thermisch verwertet werden. Die einzelnen Bestandteile der Verpackung bitte sortenrein trennen und dem entsprechenden Recycling-System zuführen. Bitte beachten Sie die regionalen Entsorgungsrichtlinien.||||||Grünspecht Naturprodukte GmbH||||||||||1 Stk.|||True||981871P|||||||||10
310490|mueller||||||||2024-10-28|Perfect Strangers|||1|Stk.|Home|Multi-Media|Musik|Rock|Perfect Strangers|||5,99 €|5,99 €||||||||||||||EUR|Home> Multi-Media> Musik> Rock> Perfect Strangers|https://www.mueller.at/p/perfect-strangers-310490/|1 Stk.|||||||||||||||||||||||Non-Organic||||{'medium': 'CD', 'Künstler': 'Deep Purple', 'Inhalt': '1 Stk.', 'Anzahl Medien im Artikel': '1', 'genre': 'Rock international', 'Label': 'Polydor'}||||||||||||||0|0|310490_1.png|https://static.mueller.de/pdzoom/phononet_0731454604529_pv_0731454604529-0600px-001.webp||||||||||||||||||||||||||||||||1 Stk.|||True||310490P|||||||||5
310491|mueller||||||||2024-10-28|The Best Of Deep Purple|||1|Stk.|Home|Multi-Media|Musik|Rock|The Best Of Deep Purple|||5,99 €|5,99 €||||||||||||||EUR|Home> Multi-Media> Musik> Rock> The Best Of Deep Purple|https://www.mueller.at/p/the-best-of-deep-purple-310491/|1 Stk.|||||||||||||||||||||||Non-Organic||||{'medium': 'CD', 'Künstler': 'Deep Purple', 'Inhalt': '1 Stk.', 'Anzahl Medien im Artikel': '1', 'genre': 'Rock international', 'Label': 'Polydor'}||||||||||||||0|0|310491_1.png|https://static.mueller.de/pdzoom/phononet_0731451143823_pv_0731451143823-0600px-001.webp||||||||||||||||||||||||||||||||1 Stk.|||True||310491P|||||||||5
2615553|mueller||||||||2024-10-28|Amewi - Mini Panzer Tiger I, 1:72, sortiert|AMEWI||1|Stk.|Home|Spielwaren|Verkehr & Action|Fahr- & Flugzeuge|RC Fahrzeuge|Amewi - Mini Panzer Tiger I, 1:72, sortiert||29,90 €|29,90 €|29,90 €|24,99 €||||16%|Sie sparen 16%|||||||EUR|Home> Spielwaren> Verkehr & Action> Fahr- & Flugzeuge> RC Fahrzeuge> Amewi - Mini Panzer Tiger I, 1:72, sortiert|https://www.mueller.at/p/amewi-mini-panzer-tiger-i-1-72-sortiert-2615553/|1 Stk.|"Kleiner quirliger und wendiger Panzer im Maßstab 1:72. Sehr detailgetreu. Über die MHz Fernsteuerung sind folgende Funktionen steuerbar: Vorwärts, rückwärts, rechts, links, 360 Grad Drehung, Turm in beide Richtungen schwenkbar, Sound ein- und ausschalten, schnelle und langsame Fahrt. Während der Turm gedreht wird, hebt und senkt sich die Kanone. Der Kommandant schaut oben aus dem Turm und verleiht damit dem Panzer einen dynamischen Eindruck. Der Mini-Panzer wird mit einem Ladekabel über die Fernbedienung aufgeladen. Mit Schusssimulation und realistischen Soundeffekten.
Technische Daten:
Fahrzeit: 10-15 Min.
Interner Akku 1 x 3,7V 110mAh LiPo
Länge des Panzers inkl. Kanone ca. 12 cm
Breite: ca. 5cm
Höhe inkl. Kommandant: ca. 5,3cm
Farbe: grüner Grundton mit 27MHz
oder bläulicher Grundton mit 40MHz
Reichweite bis 20 Meter
Lieferumfang:
1x Mini-Panzer
1x Fernbedienung mit integriertem Ladekabel
Ausführliche Bedienungsanleitung (dt., engl.)
Farbe und Frequenzen sortiert (nicht frei wählbar)
Farbauswahl erfolgt je nach Verfügbarkeit
Hinweis: Es werden noch 4 x AA 1,5 V Batterien für die Fernbedienung benötigt (nicht enthalten), kein USB-Ladekabel im Lieferumfang"||||||||8 Jahre||||||||||||||Non-Organic||||"{'particularities': 'Achtung: diesen Artikel gibt es in verschiedenen farblichen Ausführungen. Sie erhalten nur 1 Artikel (zufällige Auswahl im Lager). Eine Vorauswahl ist nicht möglich.', 'target_group': 'Jugendliche|Erwachsene|Grundschüler', 'Artikelnummer des Herstellers': '23016', 'license': 'Amewi Mini Panzer', 'Altersempfehlung ab': '8 Jahre', 'Inhalt': '1 Stk.', 'Produkttyp': 'RC Fahrzeuge'}"||||||||||||||2.5|2|2615553_1.png|https://static.mueller.de/6814818448-PV-0/pdzoom/amewi-mini-panzer-tiger-i-1-72-sortiert.webp|2615553_2.png|https://static.mueller.de/6814818448-PB-1/pdzoom/amewi-mini-panzer-tiger-i-1-72-sortiert.webp|2615553_3.png|https://static.mueller.de/6814818448-PB-2/pdzoom/amewi-mini-panzer-tiger-i-1-72-sortiert.webp|2615553_4.png|https://static.mueller.de/6814818448-PB-3/pdzoom/amewi-mini-panzer-tiger-i-1-72-sortiert.webp||||||||||||||||23016||||||||||1 Stk.|||True||2615553P|||||||||10
574136|mueller||||||||2024-10-28|evian Natürliches Mineralasser|EVIAN||500|ml|Home|Drogerie|Lebensmittel|Getränke|Mineralwasser|evian Natürliches Mineralasser||1,39 €|1,39 €|||||||||||2,78 € / 1 l|||EUR|Home> Drogerie> Lebensmittel> Getränke> Mineralwasser> evian Natürliches Mineralasser|https://www.mueller.at/p/evian-natuerliches-mineralasser-574136/|500 ml|Pur und rein, wie die Natur es geschaffen hat, entspringt das natürliche Mineralwasser evian® seiner Quelle in Évian-les-Bains. Geschützt im Herzen der französischen Alpen wird jeder Tropfen evian über 15 Jahre durch Gletschergestein gefiltert.|||||Frankreich||||||{'Nährwerte je': '100ml', 'Brennwert': '0 kj / 0 kcal', 'Fett in g': '0', '- davon gesättigte Fettsäuren in g': '0', 'Kohlenhydrate in g': '0', '- davon Zucker in g': '0', 'Eiweiß in g': '0', 'Salz in g': '0'}|||||||||||Non-Organic||||"{'manufacturer': 'Evian-Volvic Suisse SA', 'Herstelleradresse': 'Hardturmstrasse 135, 8005 Zürich', 'Kontaktmöglichkeit': 'site@evian.ch', 'Herkunftsland': 'Frankreich', 'Inhalt': '500 ml', 'Eigenschaften': 'Laktosefrei|Glutenfrei|vegetarisch gemaeß Rezeptur|Vegan', 'Zutaten': 'Natürliches Mineralwasser', 'Produkttyp': 'Mineralwasser'}"||||||||||||||0|0|574136_1.png|https://static.mueller.de/7006401344-PV-0/pdzoom/evian-natuerliches-mineralasser.webp||||||||||||||||||||||Evian-Volvic Suisse SA||||||||||500 ml|||True||574136P|||||||||10
2326808|mueller||||||||2024-10-28|WMF Cromargol Entkalker 4x100 ml|WMF||400|ml|Home|Drogerie|Haushalt|Putzen & Reinigen|Spezialreiniger|WMF Cromargol Entkalker 4x100 ml||12,99 €|12,99 €|||||||||||32,48 € / 1 l|||EUR|Home> Drogerie> Haushalt> Putzen & Reinigen> Spezialreiniger> WMF Cromargol Entkalker 4x100 ml|https://www.mueller.at/p/wmf-cromargol-entkalker-4x100-ml-2326808/|400 ml|"Cromargol ist für alle Kaffeevollautomaten, Kapsel-, Pad-, Siebträger- & Filterkaffeemaschinen aller Marken geeignet. Hochwirksam, gebrauchsfertig und einfach anzuwenden. Besonders materialschonend durch die """"Quattro Protection""""-Formel.
Eigenschaften:

Edel-Entkalker für alle Kaffeevollautomaten, Kapsel-, Pad-, Siebträger- & Filterkaffeemaschinen
einfache Anwendung, gebrauchsfertig
Quattro Protection - besonders materialschonend
hochwirksame Effizienzformel
2 Portionen à 100 ml Edel-Entkalker Eigenschaften

 

Edel-Entkalker für alle Kaffeevollautomaten, Kapsel-, Pad-, Siebträger- & Filterkaffeemaschinen
einfache Anwendung, gebrauchsfertig
Quattro Protection - besonders materialschonend
hochwirksame Effizienzformel
2 Portionen à 100 ml Edel-Entkalker
"||Behälter dicht verschlossen an einem kühlen, gut belüfteten Ort aufbewahren. Eindringen in den Untergrund vermeiden. Nicht zusammen mit Oxidationsmitteln, Basen aufbewahren.||||||||||||||||||||Non-Organic||||{'scope_of_delivery': '4x 100 ml Entkalker', 'Lagerhinweis': 'Behälter dicht verschlossen an einem kühlen, gut belüfteten Ort aufbewahren. Eindringen in den Untergrund vermeiden. Nicht zusammen mit Oxidationsmitteln, Basen aufbewahren.', 'manufacturer': 'WMF GmbH', 'Herstelleradresse': 'Eberhardstr. 35, 73312 Geislingen', 'package_contents': 'Sulfamidsäure 1-10%, 2,2´-(Octadec-9-enylimino)bisethanol 0,1-1%', 'product_property': 'stark gegen Kalk', 'Inhalt': '400 ml'}||||||||||||||0|0|2326808_1.png|https://static.mueller.de/6761399803-PV-0/pdzoom/wmf-cromargol-entkalker-4x100-ml.webp||||||||||||||||||||||WMF GmbH||||||||||400 ml|Sulfamidsäure 1-10%, 2,2´-(Octadec-9-enylimino)bisethanol 0,1-1%||True||2326808P||||"Achtung H315: Verursacht Hautreizungen.
H319: Verursacht schwere Augenreizung."|||||5
2483333|mueller||||||||2024-10-28|Die Spiegelburg - Freundebuch: Pferdefreunde - Meine Freunde|DIE SPIEGELBURG||1|Stk.|Home|Spielwaren|Kostüme & Partyartikel|Trends|Die Spiegelburg - Freundebuch: Pferdefreunde - Meine Freunde|||11,00 €|11,00 €||||||||||||||EUR|Home> Spielwaren> Kostüme & Partyartikel> Trends> Die Spiegelburg - Freundebuch: Pferdefreunde - Meine Freunde|https://www.mueller.at/p/die-spiegelburg-freundebuch-pferdefreunde-meine-freunde-2483333/|1 Stk.|"Das Freundebuch für Pferdefans mit tollem Extra auf dem Cover und vielen tollen Pferdefotos! 

Auf 96 Seiten ist für alle Freundinnen und Freunde viel Platz zum Eintragen und zum Einkleben der besten Fotos. 

Mit tollem Wendepailletten-Patch und schimmernder Folie auf dem Cover. 

Und für alle wichtigen Geburtstage gibt es außerdem einen Geburtstagskalender!

Seiten: 96
Format: 16 x 19,5 cm
Hardcover
Einband: mit Folie und Wendepailletten-Patch"||||||||5 Jahre||||||||||||||Non-Organic||||"{'target_group': 'Grundschüler|Jugendliche', 'Artikelnummer des Herstellers': '94954', 'license': 'Die Spiegelburg - Pferdefreunde', 'Altersempfehlung ab': '5 Jahre', 'genre': 'Kinder- & Jugendbücher', 'Inhalt': '1 Stk.', 'Produkttyp': 'Kleinspielzeug'}"||||||||||||||0|0|2483333_1.png|https://static.mueller.de/6519468766-PV-0/pdzoom/die-spiegelburg-freundebuch-pferdefreunde-meine-freunde.webp||||||||||||||||||||||94954||||||||||1 Stk.|||True||2483333P|||||||||9
2326817|mueller||||||||2024-10-28|WMF Küchenminis Eismaschine 3in1|WMF||1|Stk.|Home|Haushalt|Kochen & Backen|Küchengeräte|Weitere Geräte|WMF Küchenminis Eismaschine 3in1||99,99 €|99,99 €|99,99 €|64,99 €||||35%|Sie sparen 35%|||||||EUR|Home> Haushalt> Kochen & Backen> Küchengeräte> Weitere Geräte> WMF Küchenminis Eismaschine 3in1|https://www.mueller.at/p/wmf-kuechenminis-eismaschine-3in1-2326817/|1 Stk.|"Dreierlei Gefrorenes frisch serviert: Leckere Sorbets, cremiges Eis und Frozen Yoghurt können Sie in wenigen Minuten mit der kompakten WMF KÜCHENminis® Eismaschine 3in1 selbst zubereiten. Einfach Früchte, Pistazien oder andere Zutaten nach Ihrem Geschmack in den formschönen, herausnehmbaren Gefrierbehälter mit 300 ml Fassungsvermögen geben. Der rotierende Rührer und die clevere Zeitsteuerung erledigen den Rest. Mit dem dazugehörigen Eislöffel können die eiskalten Varianten direkt portioniert und serviert werden.

Edles Design aus hochwertigem Cromargan® matt
Platzsparende 3in1 Eismaschine für die schnelle Zubereitung von Frozen Yoghurt, Sorbet und Eiscreme
300 ml Gefrierbehälter mit Deckel für eine praktische Aufbewahrung im Gefrierschrank
LC-Display mit Countdown-Funktion
Ein-/Ausschalter
WMF Eislöffel aus Cromargan® inklusive
12 Watt Leistung

Als Zubehör erhältlich: Extra Gefrierbehälter mit Deckel für die Zubereitung von mehreren Eissorten"||||||||||||||||||||||Non-Organic||||{'Fassungsvermögen': '0.3 l', 'scope_of_delivery': '1x Eismaschine, 1x Deckel für Gefrierbehälter, 1x Eislöffel', 'Modellnummer': '416450011', 'power_in_watts': '12 W', 'Höhe': '19.4 cm', 'Breite': '0 cm', 'Tiefe': '20.9 cm', 'Inhalt': '1 Stk.'}|||||||416450011|||||||5.0|1|2326817_1.png|https://static.mueller.de/6751331058-PV-0/pdzoom/wmf-kuechenminis-eismaschine-3in1.webp|2326817_2.png|https://static.mueller.de/6751331058-VV-1/pdzoom/wmf-kuechenminis-eismaschine-3in1.webp|2326817_3.png|https://static.mueller.de/6751331058-PB-2/pdzoom/wmf-kuechenminis-eismaschine-3in1.webp|2326817_4.png|https://static.mueller.de/6751331058-PB-3/pdzoom/wmf-kuechenminis-eismaschine-3in1.webp|2326817_5.png|https://static.mueller.de/6751331058-PB-4/pdzoom/wmf-kuechenminis-eismaschine-3in1.webp|2326817_6.png|https://static.mueller.de/6751331058-PB-5/pdzoom/wmf-kuechenminis-eismaschine-3in1.webp||||||||||||||||||||||1 Stk.|||True||2326817P|||||||||2
2458359|mueller||||||||2024-10-28|CleanPac Bio-Abfallsack 120 Liter|CLEANPAC||3|Stk.|Home|Drogerie|Haushalt|Haushaltsartikel|Müllbeutel & Abfallsäcke|CleanPac Bio-Abfallsack 120 Liter||2,55 €|2,55 €|||||||||||8,50 € / 10 Stk.|||EUR|Home> Drogerie> Haushalt> Haushaltsartikel> Müllbeutel & Abfallsäcke> CleanPac Bio-Abfallsack 120 Liter|https://www.mueller.at/p/cleanpac-bio-abfallsack-120-liter-2458359/|3 Stk.|Kompostierbar, ideal für das Auskleiden der Biotonne, 70 x 95 + 22 cm, aus 100% Altpapier, Reißfest und flüssigkeitsdicht, für die hygienische Entsorgung von Bio-Abfällen, ideal für Garten- und Pflanzenabfällen, mit extra dichtem Standboden, Blauer Engel.||||||||||||||||||||||Non-Organic||||{'manufacturer': 'Fipp Handelsmarken GmbH & Co. KG', 'Herstelleradresse': 'Lademannbogen 65, 22339 Hamburg', 'Kontaktmöglichkeit': 'www.mueller.eu', 'Inhalt': '3 Stk.', 'Produkttyp': 'Müllbeutel & Abfallsäcke'}||||||||||||||5.0|1|2458359_1.png|https://static.mueller.de/6802997942-PV-0/pdzoom/cleanpac-bio-abfallsack-120-liter.webp||||||||||||||||||||||Fipp Handelsmarken GmbH & Co. KG||||||||||3 Stk.|||True||2458359P|||||||||10
310443|mueller||||||||2024-10-28|The Very Best Of Sheryl Crow|||1|Stk.|Home|Multi-Media|Musik|Pop|The Very Best Of Sheryl Crow|||6,99 €|6,99 €||||||||||||||EUR|Home> Multi-Media> Musik> Pop> The Very Best Of Sheryl Crow|https://www.mueller.at/p/the-very-best-of-sheryl-crow-310443/|1 Stk.|||||||||||||||||||||||Non-Organic||||{'medium': 'CD', 'Künstler': 'Crow,Sheryl', 'Inhalt': '1 Stk.', 'Anzahl Medien im Artikel': '1', 'genre': 'Pop international', 'Label': 'A & M Reco'}||||||||||||||0|0|310443_1.png|https://static.mueller.de/pdzoom/phononet_0602498611319_pv_0602498611319-0600px-001.webp||||||||||||||||||||||||||||||||1 Stk.|||True||310443P|||||||||5
2458350|mueller||||||||2024-10-28|CleanPac Frühstückstüten|CLEANPAC||60|Stk.|Home|Drogerie|Haushalt|Haushaltsartikel|Folien & Beutel|CleanPac Frühstückstüten||0,85 €|0,85 €|||||||||||0,14 € / 10 Stk.|||EUR|Home> Drogerie> Haushalt> Haushaltsartikel> Folien & Beutel> CleanPac Frühstückstüten|https://www.mueller.at/p/cleanpac-fruehstueckstueten-2458350/|60 Stk.|Ideal für unterwegs, 12 x 20 cm,  60 Stück. Sicheres und sauberes Aufbawahren von Pausensnacks, Bewahrt Frische und Geschmack der Speisen, Fettdicht und aromaschützend, Umweltfreundliches gebleichtes Papier, kompostierbar, Lebensmittelecht nach den gesetzlichen Vorschriften.||||||||||||||||||||||Non-Organic||||{'manufacturer': 'Fipp Handelsmarken GmbH & Co. KG', 'Herstelleradresse': 'Lademannbogen 65, 22339 Hamburg', 'Kontaktmöglichkeit': 'www.mueller.eu', 'Inhalt': '60 Stk.', 'Produkttyp': 'Folien & Beutel'}||||||||||||||5.0|1|2458350_1.png|https://static.mueller.de/6802997483-PV-0/pdzoom/cleanpac-fruehstueckstueten.webp||||||||||||||||||||||Fipp Handelsmarken GmbH & Co. KG||||||||||60 Stk.|||True||2458350P|||||||||10
2879122|mueller||||||||2024-10-28|Fragments-Time Out of Mind Sessions (1996-1997):|||1|Stk.|Home|Multi-Media|Musik|Pop|Fragments-Time Out of Mind Sessions (1996-1997):|||21,99 €|21,99 €||||||||||||||EUR|Home> Multi-Media> Musik> Pop> Fragments-Time Out of Mind Sessions (1996-1997):|https://www.mueller.at/p/fragments-time-out-of-mind-sessions-1996-1997-IPN2879122/|1 Stk.|||||||||||||||||||||||Non-Organic||||{'medium': 'CD', 'Künstler': 'Dylan,Bob', 'Inhalt': '1 Stk.', 'Anzahl Medien im Artikel': '2', 'genre': 'Pop international', 'Label': 'SME Catlg'}||||||||||||||0|0|2879122_1.png|https://static.mueller.de/pdzoom/phononet_0194399819920_pv_0194399819920-0600px-001.webp|2879122_2.png|https://static.mueller.de/pdzoom/phononet_0194399819920_pr_0194399819920-0600px-002.webp||||||||||||||||||||||||||||||1 Stk.|||True||2879122P|||||||||5
2879125|mueller||||||||2024-10-28|Einzelhaft (Deluxe Version)|||1|Stk.|Home|Multi-Media|Musik|Pop|Einzelhaft (Deluxe Version)|||17,99 €|17,99 €||||||||||||||EUR|Home> Multi-Media> Musik> Pop> Einzelhaft (Deluxe Version)|https://www.mueller.at/p/einzelhaft-deluxe-version-IPN2879125/|1 Stk.|||||||||||||||||||||||Non-Organic||||{'medium': 'CD', 'Künstler': 'Falco', 'Inhalt': '1 Stk.', 'Anzahl Medien im Artikel': '2', 'genre': 'Austro Pop', 'Label': 'SME Catlg'}||||||||||||||0|0|2879125_1.png|https://static.mueller.de/pdzoom/phononet_0196587437725_pv_0196587437725-0600px-001.webp|2879125_2.png|https://static.mueller.de/pdzoom/phononet_0196587437725_pr_0196587437725-0600px-002.webp||||||||||||||||||||||||||||||1 Stk.|||True||2879125P|||||||||5
588745|mueller||||||||2024-10-28|A Head Full Of Dreams|||1|Stk.|Home|Multi-Media|Musik|Rock|A Head Full Of Dreams|||16,99 €|16,99 €||||||||||||||EUR|Home> Multi-Media> Musik> Rock> A Head Full Of Dreams|https://www.mueller.at/p/a-head-full-of-dreams-588745/|1 Stk.|||||||||||||||||||||||Non-Organic||||{'medium': 'CD', 'Künstler': 'Coldplay', 'Inhalt': '1 Stk.', 'Anzahl Medien im Artikel': '1', 'genre': 'Rock international', 'Label': 'PLG UK'}||||||||||||||0|0|588745_1.png|https://static.mueller.de/pdzoom/phononet_0825646982646_pv_0825646982646-0600px-001.webp|588745_2.png|https://static.mueller.de/pdzoom/phononet_0825646982646_pr_0825646982646-0600px-002.webp|588745_3.png|https://static.mueller.de/5407961572-PR-1/pdzoom/a-head-full-of-dreams.webp||||||||||||||||||||||||||||1 Stk.|||True||588745P|||||||||4
2497955|mueller||||||||2024-10-28|Pattex Kraftkleber Classic 50g|PATTEX||50|g|Home|Schreibwaren|Bastelbedarf|Kleber|Pattex Kraftkleber Classic 50g|||4,89 €|4,89 €|||||||||||97,80 € / 1 kg|||EUR|Home> Schreibwaren> Bastelbedarf> Kleber> Pattex Kraftkleber Classic 50g|https://www.mueller.at/p/pattex-kraftkleber-classic-50g-2497955/|50 g|"Starker Kontaktkleber mit Super-Haftkraft – Pattex Kraftkleber Classic.
Der Pattex Kraftkleber Classic überzeugt mit seiner starken Klebkraft, schnellen Anwendung und hohen Wärmefestigkeit. Dabei hält der Klebstoff Temperaturen von -40°C bis +110°C stand. Der Superkleber kann leicht verteilt werden und verklebt fast alle Materialien*: unter anderem Laminate, HPL-Platten, Gummi, Leder, Kork, Filz, Hart-PVC, Weichschaumstoffe oder auch Metalle. Dank seiner hohen Temperaturbeständigkeit eignet sich der Flüssigkleber für viele Einsatzbereiche wie das Verlegen von Schallschluck-, Dämm- und Akustikplatten, das Verkleben von Furnierstreifen an Kanten und Rundungen oder das Abdichten von Kanten zum Schutz vor Nässe bei Massiv- und Sperrhölzern sowie Küchenarbeitsplatten.
Alle Vorteile:

Starker Kontaktkleber mit Super-Haftkraft
Alleskleber für eine Vielzahl an Materialien* geeignet
Hohe Temperaturbeständigkeit (-40°C bis +110°C)
Hohe Scherfestigkeit

Inhalt: 1x50g Tube
Vor der Anwendung ist sicherzustellen, dass das zu klebende Material trocken, fett- und staubfrei ist. Danach den Kleber auf beide der zu verklebenden Teile gleichmäßig auftragen und etwa 15 Minuten (bei Raumtemperatur 18-25°C) warten, bis sich der Klebefilm trocken anfühlt. Teile zusammenfügen und einige Sekunden fest zusammenpressen. Eine Verklebung ist innerhalb von 2 Stunden möglich. Das Zusammenfügen der Teile sollte passgenau erfolgen, da eine nachträgliche Korrektur nicht möglich ist. Für die Endfestigkeit der Verklebung ist die Höhe und nicht die Dauer des Pressdruckes entscheidend. Die Endfestigkeit wird nach ca. 3 Tagen erreicht. Den Flüssigkleber nicht unter +5°C und über +50°C lagern. *Nicht geeignet für Styropor, Weich-PVC und Kunstleder."||||||||||||||||||||||Non-Organic||||{'scope_of_delivery': '1x50g Tube', 'manufacturer': 'Henkel AG & Co. KGaA', 'Herstelleradresse': 'Henkelstr. 67, 40191 Düsseldorf', 'Inhalt': '50 g', 'Produkttyp': 'Kleber'}||||||||||||||0|0|2497955_1.png|https://static.mueller.de/6845804561-PV-0/pdzoom/pattex-kraftkleber-classic-50g.webp||||||||||||||||||||||Henkel AG & Co. KGaA||||||||||50 g|||True||2497955P|||||||||20
2879131|mueller||||||||2024-10-28|RUSH!|||1|Stk.|Home|Multi-Media|Musik|Rock|RUSH!|||21,99 €|21,99 €||||||||||||||EUR|Home> Multi-Media> Musik> Rock> RUSH!|https://www.mueller.at/p/rush-IPN2879131/|1 Stk.|||||||||||||||||||||||Non-Organic||||{'medium': 'CD', 'Künstler': 'Måneskin', 'Inhalt': '1 Stk.', 'Anzahl Medien im Artikel': '1', 'genre': 'Rock international', 'Label': 'RCA INT'}||||||||||||||0|0|2879131_1.png|https://static.mueller.de/pdzoom/phononet_0196587356026_pv_0196587356026-0600px-001.webp|2879131_2.png|https://static.mueller.de/pdzoom/phononet_0196587356026_pr_0196587356026-0600px-002.webp||||||||||||||||||||||||||||||1 Stk.|||True||2879131P|||||||||5
2879133|mueller||||||||2024-10-28|RUSH! (180g black vinyl)|||1|Stk.|Home|Multi-Media|Musik|Rock|RUSH! (180g black vinyl)|||27,99 €|27,99 €||||||||||||||EUR|Home> Multi-Media> Musik> Rock> RUSH! (180g black vinyl)|https://www.mueller.at/p/rush-180g-black-vinyl-IPN2879133/|1 Stk.|||||||||||||||||||||||Non-Organic||||{'medium': 'LP (analog)', 'Künstler': 'Måneskin', 'Inhalt': '1 Stk.', 'Anzahl Medien im Artikel': '1', 'genre': 'Rock international', 'Label': 'RCA INT'}||||||||||||||0|0|2879133_1.png|https://static.mueller.de/pdzoom/phononet_0196587356019_pv_0196587356019-0600px-001.webp||||||||||||||||||||||||||||||||1 Stk.|||True||2879133P|||||||||5
2497941|mueller||||||||2024-10-28|Beauty Baby Mini-Windeltorte Boy|BEAUTY BABY||1|Stk.|Home|Drogerie|Kind & Mama|Windeln & Zubehör|Windeln|Beauty Baby Mini-Windeltorte Boy||19,99 €|19,99 €||||||||||||||EUR|Home> Drogerie> Kind & Mama> Windeln & Zubehör> Windeln> Beauty Baby Mini-Windeltorte Boy|https://www.mueller.at/p/beauty-baby-mini-windeltorte-boy-2497941/|1 Stk.|"Tolle Geschenkidee – ein originelles Geschenk mit nützlichen Beauty Baby Must Haves, bestehend aus Windeln, verschiedenen Babypflegeprodukten, kleinen Spielsachen und vielen praktischen Baby-Utensilien für den Nachwuchs.
Die Mini-Windeltorte beinhaltet:
- 1 Beauty Baby Badebuch
- 1 Beauty Baby Beruhigungssauger Silikon Größe 1
- 5 Beauty Baby Babylöffel
- 1 Beauty Baby Erstlingssöckchen
- 1 Beauty Baby Holzschnullerkette
- 1 Beauty Baby Pflegeartikel (wechselnde Sorten)
- 1 Beauty Baby Comfort Waschlappen feucht 15 Stück
- 23 Beauty Baby Windeln Gr.3, Jumbo Midi, 6-10 kg

Der Inhalt kann von der Abbildung geringfügig abweichen."||||||||||||||||||||||Non-Organic||||{'manufacturer': 'Müller Handels GmbH & Co. KG', 'Herstelleradresse': 'Albstraße 92, 89091 Ulm', 'Kontaktmöglichkeit': 'www.mueller.eu', 'Materialdetails': 'BEAUTY BABY BADEBUCH\nFarbenfrohes Badebuch mit lustigen Motiven. Ihr Baby lernt Formen und Farben auf spielerische Weise kennen.\nBEAUTY BABY BERUHIGUNGSSAUGER\nBeauty Baby Beruhigungssauger in Größe 1 für Kinder bis 3 Monate. Wechseln Sie den Sauger nach 1- bis 2-monatigem Gebrauch aus hygienischen und Sicherheitsgründen aus. Dieser Beauty Baby Artikel entspricht der EN 1400.\nBEAUTY BABY COMFORT FEUCHTE WASCHLAPPEN\n• 15 Stück\n• sanfte Reinigung für den ganzen Körper\n• milde Lotion mit Extrakten der Kamille und Aloe Vera\n• ideal für zuhause und unterwegs\n• besonders reißfest und saugfähig\n• praktische Tuch-an-Tuch-Entnahme\n• pH-hautneutral\n• Hautverträglichkeit dermatologisch bestätigt\nBEAUTY BABY ERSTLINGSSOECKCHEN 1 PAAR\n• für Babys von 0 – 6 Monaten\n• Hoher Baumwollanteil\n• Elastisches Bündchen, kein Einschneiden\nBEAUTY BABY BABYLOFFEL 5 STÜCK\nIdeal zum Füttern von Brei und fester Nahrung. Hergestellt aus hochwertigem Polypropylen (PP) – BPA frei*.\n• kochfest\n• spülmaschinen-geeignet', 'Inhalt': '1 Stk.', 'Größe': '3', 'Produkttyp': 'Windeln'}||||||||BEAUTY BABY BADEBUCH Farbenfrohes Badebuch mit lustigen Motiven. Ihr Baby lernt Formen und Farben auf spielerische Weise kennen. BEAUTY BABY BERUHIGUNGSSAUGER Beauty Baby Beruhigungssauger in Größe 1 für Kinder bis 3 Monate. Wechseln Sie den Sauger nach 1- bis 2-monatigem Gebrauch aus hygienischen und Sicherheitsgründen aus. Dieser Beauty Baby Artikel entspricht der EN 1400. BEAUTY BABY COMFORT FEUCHTE WASCHLAPPEN • 15 Stück • sanfte Reinigung für den ganzen Körper • milde Lotion mit Extrakten der Kamille und Aloe Vera • ideal für zuhause und unterwegs • besonders reißfest und saugfähig • praktische Tuch-an-Tuch-Entnahme • pH-hautneutral • Hautverträglichkeit dermatologisch bestätigt BEAUTY BABY ERSTLINGSSOECKCHEN 1 PAAR • für Babys von 0 – 6 Monaten • Hoher Baumwollanteil • Elastisches Bündchen, kein Einschneiden BEAUTY BABY BABYLOFFEL 5 STÜCK Ideal zum Füttern von Brei und fester Nahrung. Hergestellt aus hochwertigem Polypropylen (PP) – BPA frei*. • kochfest • spülmaschinen-geeignet|||||3|5.0|4|2497941_1.png|https://static.mueller.de/pdzoom/2200249794120_PV_windeltorte_2497941_Neu.webp||||||||||||||||||||||Müller Handels GmbH & Co. KG||||||||||1 Stk.|||True||2497941P|||||||||10
2458375|mueller||||||||2024-10-28|FABER-CASTELL Tuschestift Pitt Artist Pen C Farbe 178|FABER-CASTELL||1|Stk.|Home|Schreibwaren|Bastelbedarf|Spezialfarben & -stifte|FABER-CASTELL  Tuschestift Pitt Artist Pen C Farbe 178|||2,99 €|2,99 €||||||||||||||EUR|Home> Schreibwaren> Bastelbedarf> Spezialfarben & -stifte> FABER-CASTELL  Tuschestift Pitt Artist Pen C Farbe 178|https://www.mueller.at/p/faber-castell-tuschestift-pitt-artist-pen-c-farbe-178-2458375/|1 Stk.|Pigmentierte Zeichentusche; Hohe Lichtbeständigkeit; Wasserfest, permanent; Geruchsneutral, säurefrei, pH-neutral; Schlägt nicht durchs Papier; Strichbreite C = Calligraphy 2.5 mm; Ideal für kalligrafisches Arbeiten; Farbe 178 nougat||||||||||||||||||||||Non-Organic||||{'manufacturer': 'A. W. Faber-Castell Vertrieb GmbH', 'Herstelleradresse': 'Nürnberger Str. 2, 90546 Stein', 'Inhalt': '1 Stk.', 'Produkttyp': 'Spezialfarben & -stifte'}||||||||||||||0|0|2458375_1.png|https://static.mueller.de/6958093609-PV-0/pdzoom/faber-castell-tuschestift-pitt-artist-pen-c-farbe-178.webp||||||||||||||||||||||A. W. Faber-Castell Vertrieb GmbH||||||||||1 Stk.|||True||2458375P|||||||||10
574108|mueller||||||||2024-10-28|Palmolive Cremedusche Naturals Kokos und Feuchtigkeitsmilch|PALMOLIVE||250|ml|Home|Drogerie|Pflege|Körperpflege|Duschen|Palmolive Cremedusche Naturals Kokos und Feuchtigkeitsmilch||1,65 €|1,65 €|1,65 €|1,45 €||||12%|Sie sparen 12%||||5,80 € / 1 l|||EUR|Home> Drogerie> Pflege> Körperpflege> Duschen> Palmolive Cremedusche Naturals Kokos und Feuchtigkeitsmilch|https://www.mueller.at/p/palmolive-cremedusche-naturals-kokos-und-feuchtigkeitsmilch-574108/|250 ml|||||||||||||||||||||||Non-Organic||||{'manufacturer': 'CP GABA GmbH', 'Herstelleradresse': 'Alsterufer 1-3 Hamburg - 20354', 'Kontaktmöglichkeit': '+49 (0) 40-7319- 0', 'dermatologically_tested': 'Ja', 'package_contents': 'Aqua, Sodium Laureth Sulfate, Cocamidopropyl Betaine, Sodium Chloride, Glycerin, Parfum, Cocamide MEA, Styrene/Acrylates Copolymer, Sodium Salicylate, Sodium Benzoate, Sodium Lactate, Polyquaternium-7, Citric Acid, Tetrasodium EDTA, Glycol Distearate, Laureth-4, Cocos Nucifera Fruit Extract, Benzyl Salicylate, Linalool.', 'product_property': 'reichhaltig', 'Inhalt': '250 ml', 'Produkttyp': 'Duschgel'}||||||||||||||5.0|1|574108_1.png|https://static.mueller.de/pdzoom/8714789732923_1.webp|574108_2.png|https://static.mueller.de/markant_08714789732923_pr_4133349/pdzoom/palmolive-cremedusche-naturals-kokos-und-feuchtigkeitsmilch.webp|574108_3.png|https://static.mueller.de/markant_08714789732923_pd_5019326/pdzoom/palmolive-cremedusche-naturals-kokos-und-feuchtigkeitsmilch.webp|574108_4.png|https://static.mueller.de/markant_08714789732923_pd_5019327/pdzoom/palmolive-cremedusche-naturals-kokos-und-feuchtigkeitsmilch.webp|574108_5.png|https://static.mueller.de/markant_08714789732923_pd_5019324/pdzoom/palmolive-cremedusche-naturals-kokos-und-feuchtigkeitsmilch.webp|574108_6.png|https://static.mueller.de/markant_08714789732923_pd_5019328/pdzoom/palmolive-cremedusche-naturals-kokos-und-feuchtigkeitsmilch.webp||||||||||||CP GABA GmbH||||||||||250 ml|Aqua, Sodium Laureth Sulfate, Cocamidopropyl Betaine, Sodium Chloride, Glycerin, Parfum, Cocamide MEA, Styrene/Acrylates Copolymer, Sodium Salicylate, Sodium Benzoate, Sodium Lactate, Polyquaternium-7, Citric Acid, Tetrasodium EDTA, Glycol Distearate, Laureth-4, Cocos Nucifera Fruit Extract, Benzyl Salicylate, Linalool.||True||574108P|||||||||10
2879143|mueller||||||||2024-10-28|Dream Dance Vol.94-The Annual|||1|Stk.|Home|Multi-Media|Musik|Dance|Dream Dance Vol.94-The Annual|||19,99 €|19,99 €||||||||||||||EUR|Home> Multi-Media> Musik> Dance> Dream Dance Vol.94-The Annual|https://www.mueller.at/p/dream-dance-vol-94-the-annual-IPN2879143/|1 Stk.|||||||||||||||||||||||Non-Organic||||{'medium': 'CD', 'Künstler': 'Various', 'Inhalt': '1 Stk.', 'Anzahl Medien im Artikel': '3', 'genre': 'Electronic/Dance', 'Label': 'Sony media'}||||||||||||||5.0|1|2879143_1.png|https://static.mueller.de/pdzoom/phononet_0196587760526_pv_0196587760526-0600px-001.webp|2879143_2.png|https://static.mueller.de/pdzoom/phononet_0196587760526_pr_0196587760526-0600px-002.webp||||||||||||||||||||||||||||||1 Stk.|||True||2879143P|||||||||5
2787246|mueller||||||||2024-10-28|BOSS The Scent Le Parfum for Her|HUGO BOSS||30|ml|Home|Parfümerie|Düfte für Sie|Düfte|BOSS The Scent Le Parfum for Her|||86,00 €|86,00 €|86,00 €|62,95 €||||27%|Sie sparen 27%||||2 098,33 € / 1 l|||EUR|Home> Parfümerie> Düfte für Sie> Düfte> BOSS The Scent Le Parfum for Her|https://www.mueller.at/p/boss-the-scent-le-parfum-for-her-7108011754/|30 ml|Spüren Sie die Kraft der Anziehung mit BOSS THE SCENT Le Parfum für sie. Diese intensive Neuinterpretation der ikonischen Amber-Signatur von BOSS THE SCENT belebt die Sinne mit Akkorden aus Orangenblüten und Vetiver – eine unwiderstehliche Alchemie der Anziehung wird entfesselt. Die würzige Kopfnote aus rosa Pfeffer kontrastiert mit der Orangenblüte im Herzen des Duftes und schafft so eine leidenschaftliche Atmosphäre. Warmes Vetiver vereint sich in der Basisnote mit luftigem Akigalawood, um die Sinnlichkeit dieses Duftes zu intensivieren. Der juwelenförmige Flakon mit eleganter, pflaumenfarbener Lackierung wird durch eine lichtreflektierende Kappe in edlem Roségold vervollständigt. Präsentiert in einer pflaumenfarbenen Schachtel, ist BOSS THE SCENT Le Parfum für Frauen ein kraftvoller Duft, der Verführung in eine neue Dimension versetzt.|||||Deutschland|||||||||||||||||Non-Organic||||"{'scope_of_delivery': '50ml', 'target_group': 'Damen', 'manufacturer': 'Coty Beauty Germany GmbH', 'Herstelleradresse': 'Berliner Allee 65, D-64295 Darmstadt', 'Herkunftsland': 'Deutschland', 'fragrance_concentration': 'Parfum', 'top_note': 'Rosa Pfeffer', 'heart_note': 'Orangenblüten', 'base_note': 'Vetiver, Akigalawood', 'Anwendungshinweis': 'Sprühen Sie BOSS THE SCENT Le Parfum für sie auf die Pulspunkte Ihres Körpers: Hals, Dekolleté, Handgelenke und Fußgelenke. So erhöhen Sie die Langlebigkeit des Dufts.', 'application_type': 'Pumpzerstäuber', 'package_contents': 'ALCOHOL DENAT., PARFUM/FRAGRANCE, AQUA/ WATER/EAU, ETHYLHEXYL METHOXYCINNAMATE, BENZYL SALICYLATE, LIMONENE, BUTYL METHOXYDIBENZOYLMETHANE, ETHYLHEXYL SALICYLATE, CITRONELLOL, LINALOOL, COUMARIN. BENZYL BENZOATE, HEXYL CINNAMAL , HYDROXYCITRONELLAL, ALCOHOL, CITRAL, TRIS (TETRAMETHYLHYDROXYPIPERIDINOL) CITRATE, FARNESOL, GERANIOL, BHT, DISODIUM EDTA, RED 4 (CI 14700), YELLOW 6 (CI 15985), BLUE 1 (CI 42090).', 'Inhalt': '30 ml', 'fragrance_effect': 'anziehend|natürlich', 'Produkttyp': 'Parfum'}"||||||||||||||4.6909|55|2787246_1.png|https://static.mueller.de/7080661860-PV-0/pdzoom/boss-the-scent-le-parfum-for-her.webp|2787246_2.png|https://static.mueller.de/7080661860-PUV-1/pdzoom/boss-the-scent-le-parfum-for-her.webp|2787246_3.png|https://static.mueller.de/7080661860-PB-2/pdzoom/boss-the-scent-le-parfum-for-her.webp||||||||||||||||||Coty Beauty Germany GmbH||||||||||30 ml|ALCOHOL DENAT., PARFUM/FRAGRANCE, AQUA/ WATER/EAU, ETHYLHEXYL METHOXYCINNAMATE, BENZYL SALICYLATE, LIMONENE, BUTYL METHOXYDIBENZOYLMETHANE, ETHYLHEXYL SALICYLATE, CITRONELLOL, LINALOOL, COUMARIN. BENZYL BENZOATE, HEXYL CINNAMAL , HYDROXYCITRONELLAL, ALCOHOL, CITRAL, TRIS (TETRAMETHYLHYDROXYPIPERIDINOL) CITRATE, FARNESOL, GERANIOL, BHT, DISODIUM EDTA, RED 4 (CI 14700), YELLOW 6 (CI 15985), BLUE 1 (CI 42090).||True||2787246P|||||||||10
153478|mueller||||||||2024-10-28|khadi Reines Henna|KHADI||100|g|Home|Naturshop|Pflege|Haarpflege|Coloration|khadi Reines Henna||12,90 €|12,90 €|||||||||||129,00 € / 1 kg|||EUR|Home> Naturshop> Pflege> Haarpflege> Coloration> khadi Reines Henna|https://www.mueller.at/p/khadi-reines-henna-153478/|100 g|"Pures Henna für ein flammendes Rot. Die khadi Pflanzenhaarfarbe Reines Henna färbt Deine Haare in einem leuchtenden Rotton. Je nachdem, wie Deine Naturhaarfarbe ist und wie lange die Farbe einwirkt, kreierst Du einen einzigartigen Farbton: Mit hellem Haar erhältst Du ein lebendiges Orangerot, ein glänzendes Kupfer oder ein sattes Dunkelrot. Braune Haare erstrahlen in einem kräftigen Mahagoni und dunkelbraun bis schwarze Haare erhalten rote Reflexe, die im Sonnenlicht tanzen. 

khadi Pflanzenhaarfarbe Reines Henna tut Deinem Haar und Dir gut. Sie ist komplett natürlich besteht zu 100 % reinem Henna. Deshalb ist sie besonders für Allergiker geeignet. Henna wirkt heilsam, stärkt Deine Kopfhaut und lindert Reizungen. khadi Henna färbt intensiv, aber sanft und deckt auch graue Haare ab. 

Wie ein Farbmantel legen sich die Henna-Pigmente um jedes einzelne Haar. Sie stärken und pflegen Dein Haar beim Färben und machen es weich und geschmeidig. Das spürst und siehst Du: Dein Haar fühlt sich voll und kräftig an. Es glänzt gesund und strahlt in natürlich schönem Rot.

Anwendungshinweis:

Reinige Deine Haare zuerst mit einem silikonfreien Shampoo wie khadi Rose Shampoo Wenn du blondiertes, gesträhntes oder stark strapaziertes Haar hast, pigmentiere dein Haar mit Senna/Cassia Goldhauch  oder Hellblond vor, damit Dein Haar die Farbe gleichmäßig annimmt. 

Rühre die Naturhaarfarbe khadi Reines Henna mit 50 bis 90 Grad heißem Wasser an, bis sie streichfähig ist. Für eine intensivere Farbe oder ein schnelleres Ergebnis fügst Du saure Zusätze wie Apfelessig oder Zitronensaft hinzu. Verteile die Farbmischung mit einem Pinsel gleichmäßig in Deinem Haar: Strähne für Strähne – bis in die Spitzen. 

Wenn Du nur Deinen Ansatz färben willst, spare Längen und Spitzen aus. Lass die Naturhaarfarbe zwischen 30 bis 120 Minuten einwirken. Je länger sie einwirkt, umso intensiver fällt das Farbergebnis aus – von orangem Rot über Kupferrot bis hin zu Dunkelrot. 

Spüle die Farbe anschließend mit klarem Wasser aus. Verzichte 24 bis 48 Stunden auf Shampoo. In dieser Zeit entwickelt sich die Farbe erst. Danach fixiere die Pigmente mit einem khadi-Haaröl, das Du 20 Minuten einwirken lässt. Anschließend mit einem natürlichen Shampoo waschen und Dein individuelles Henna-Rot genießen. 

Hinweis: Jedes Haar ist anders – so, wie wir alle verschieden sind. Deshalb können die Ergebnisse bei natürlichen Haarfarben unterschiedlich ausfallen. Am besten Du testest die Khadi Naturhaarfarbe Reines Henna erst an einer unauffälligen Probesträhne."||||||||||||||||||||||Non-Organic||||{'target_group': 'Damen', 'manufacturer': 'Khadi Naturprodukte GmbH & Co. KG', 'Herstelleradresse': 'Riete 8, DE-31737 Rinteln', 'Kontaktmöglichkeit': 'hello@khadi.de', 'package_contents': 'Lawsonia Inermis Leaf Powder (Henna)', 'Inhalt': '100 g', 'Produkttyp': 'Pflanzenhaarfarbe'}||||||||||||||5.0|3|153478_1.png|https://static.mueller.de/pdzoom/4260378040107_24092024_1.webp|153478_2.png|https://static.mueller.de/pdzoom/4260378040107_24092024_2.webp||||||||||||||||||||Khadi Naturprodukte GmbH & Co. KG||||||||||100 g|Lawsonia Inermis Leaf Powder (Henna)||True||153478P|||||||||10
2787227|mueller||||||||2024-10-28|BOSS The Scent Le Parfum for Him|HUGO BOSS||50|ml|Home|Parfümerie|Düfte für Ihn|Düfte|BOSS The Scent Le Parfum for Him|||105,00 €|105,00 €|105,00 €|76,95 €||||27%|Sie sparen 27%||||1 539,00 € / 1 l|||EUR|Home> Parfümerie> Düfte für Ihn> Düfte> BOSS The Scent Le Parfum for Him|https://www.mueller.at/p/boss-the-scent-le-parfum-for-him-7108011753/|50 ml|Spüren Sie die Kraft der Anziehung mit BOSS THE SCENT Le Parfum für ihn. Diese intensive Neuinterpretation der ikonischen Amber-Signaturvon BOSS THE SCENT belebt die Sinne mit einem süchtig machenden Iris- und Lederakkord – eine unwiderstehliche Alchemie der Anziehung wird entfesselt. Aphrodisierende Kopfnoten aus Ingwer und exotischer Maninka-Frucht bilden die magnetische Anziehungskraft der BOSS THE SCENT Signaturwährend die kontrastierende Herznote aus edler Iris für eine leidenschaftliche Atmosphäre sorgt. Eine zutiefst maskuline Basis aus Leder verleiht diesem einladenden Duft Wärme. Der ikonische Flakon ist in einem sinnlichen Taupe-Farbton lackiert und in einen Rahmen aus Roségold eingefasst. Präsentiert in einer taupefarbenen Schachtel, ist BOSS THE SCENT Le Parfum für Männer ein kraftvoller Duft, der Verführung in eine neue Dimension versetzt.|||||Deutschland|||||||||||||||||Non-Organic||||"{'scope_of_delivery': '50ml', 'target_group': 'Herren', 'manufacturer': 'Coty Beauty Germany GmbH', 'Herstelleradresse': 'Berliner Allee 65, D-64295 Darmstadt', 'Herkunftsland': 'Deutschland', 'fragrance_concentration': 'Parfum', 'top_note': 'Ingwer', 'heart_note': 'Iris Noten', 'base_note': 'Leder-Akkord', 'Anwendungshinweis': 'Sprühen Sie BOSS THE SCENT Le Parfum für ihn auf die Pulspunkte Ihres Körpers: Hals, Dekolleté, Handgelenke und Fußgelenke. So erhöhen Sie die Langlebigkeit des Dufts.', 'application_type': 'Pumpzerstäuber', 'package_contents': 'ALCOHOL DENAT., PARFUM/FRAGRANCE,  AQUA/WATER/EAU, ETHYLHEXYL METHOXYCINNAMATE, LINALOOL, LIMONENE, ALPHA-ISOMETHYL IONONE, BUTYL METHOXYDIBENZOYLMETHANE, ETHYLHEXYL SALICYLATE, HYDROXYCITRONELLAL, CITRONELLOL, COUMARIN, CITRAL, GERANIOL, ALCOHOL, TRIS (TETRAMETHYLHYDROXYPIPERIDINOL) CITRATE, CINNAMAL, EUGENOL, ISOEUGENOL, BHT, DISODIUM EDTA, GREEN 5 (CI 61570), RED 33 (CI 17200), YELLOW 5 (CI 19140).', 'Inhalt': '50 ml', 'fragrance_effect': 'anziehend|natürlich', 'Produkttyp': 'Parfum'}"||||||||||||||4.717|53|2787227_1.png|https://static.mueller.de/7080647047-PV-0/pdzoom/boss-the-scent-le-parfum-for-him.webp|2787227_2.png|https://static.mueller.de/7080647047-PUV-1/pdzoom/boss-the-scent-le-parfum-for-him.webp|2787227_3.png|https://static.mueller.de/7080647047-VV-2/pdzoom/boss-the-scent-le-parfum-for-him.webp|2787227_4.png|https://static.mueller.de/7080647047-PB-4/pdzoom/boss-the-scent-le-parfum-for-him.webp|2787227_5.png|https://static.mueller.de/7080647047-PB-6/pdzoom/boss-the-scent-le-parfum-for-him.webp|2787227_6.png|https://static.mueller.de/7080647047-PB-7/pdzoom/boss-the-scent-le-parfum-for-him.webp||||||||||||Coty Beauty Germany GmbH||||||||||50 ml|ALCOHOL DENAT., PARFUM/FRAGRANCE,  AQUA/WATER/EAU, ETHYLHEXYL METHOXYCINNAMATE, LINALOOL, LIMONENE, ALPHA-ISOMETHYL IONONE, BUTYL METHOXYDIBENZOYLMETHANE, ETHYLHEXYL SALICYLATE, HYDROXYCITRONELLAL, CITRONELLOL, COUMARIN, CITRAL, GERANIOL, ALCOHOL, TRIS (TETRAMETHYLHYDROXYPIPERIDINOL) CITRATE, CINNAMAL, EUGENOL, ISOEUGENOL, BHT, DISODIUM EDTA, GREEN 5 (CI 61570), RED 33 (CI 17200), YELLOW 5 (CI 19140).||True||2787227P|||||||||10
2772490|mueller||||||||2024-10-28|lavera NEUTRAL Deo Roll-On|LAVERA||50|ml|Home|Parfümerie|Pflege|Körperpflege|Deodorants|lavera NEUTRAL Deo Roll-On||5,99 €|5,99 €|||||||||||119,80 € / 1 l|||EUR|Home> Parfümerie> Pflege> Körperpflege> Deodorants> lavera NEUTRAL Deo Roll-On|https://www.mueller.at/p/lavera-neutral-deo-roll-on-2772490/|50 ml|Langanhaltender Deo-Schutz für sensible Haut. Der lavera Neutral Deo Roll-On mit Bio-Nachtkerze und Bio-Aloe Vera bietet zuverlässigen Deo-Schutz. Hochwirksame Rezeptur - Langanhaltender Deo-Schutz für sensible Haut GREEN ULTRA SENSITIVE COMPLEX: Die lavera Naturkosmetik-Forschung hat eine milde Rezeptur speziell für empfindliche Haut entwickelt, die mit einer exklusiven Wirkstoffkomposition mit hautverträglichem Süßholzwurzelextrakt sanft zur Hautbarriere ist.||||||||||||||||||||||Non-Organic||||{'scope_of_delivery': '50 ml', 'manufacturer': 'Laverana GmbH & Co. KG', 'Herstelleradresse': 'Am Weingarten 4, 30974 Wennigsen', 'Anwendungshinweis': 'Gleichmäßig unter den Achseln auftragen. Vor dem Anziehen trocknen lassen.', 'package_contents': 'Water (Aqua), Aloe Barbadensis Leaf Juice**, Triethyl Citrate, Glyceryl Stearate Citrate, Zinc Ricinoleate, Cetearyl Alcohol, Dodecane, Glyceryl Caprylate, Oenothera Biennis (Evening Primrose) Oil**, Simmondsia Chinensis (Jojoba) Seed Oil**, Olea Europaea (Olive) Fruit Oil**, Foeniculum Vulgare (Fennel) Fruit Extract**, Hamamelis Virginiana (Witch Hazel) Leaf Extract**, Dipotassium Glycyrrhizate, Glycerin, Xanthan Gum, Chondrus Crispus Extract, Hydrogenated Vegetable Oil, Carvone, Glyceryl Undecylenate, Glycerophosphocholine, Tocopherol, Helianthus Annuus (Sunflower) Seed Oil** \n\n** Ingredients from certified organic agriculture', 'product_property': 'schützend', 'Inhalt': '50 ml', 'scope_of_application': 'Deodorants', 'Produkttyp': 'Spray'}||||||||||||||4.0|4|2772490_1.png|https://static.mueller.de/markant_04021457622474_pv_4833588/pdzoom/lavera-neutral-deo-roll-on.webp|2772490_2.png|https://static.mueller.de/markant_04021457622474_pd_4227818/pdzoom/lavera-neutral-deo-roll-on.webp||||||||||||||||||||Laverana GmbH & Co. KG||||||||||50 ml|"Water (Aqua), Aloe Barbadensis Leaf Juice**, Triethyl Citrate, Glyceryl Stearate Citrate, Zinc Ricinoleate, Cetearyl Alcohol, Dodecane, Glyceryl Caprylate, Oenothera Biennis (Evening Primrose) Oil**, Simmondsia Chinensis (Jojoba) Seed Oil**, Olea Europaea (Olive) Fruit Oil**, Foeniculum Vulgare (Fennel) Fruit Extract**, Hamamelis Virginiana (Witch Hazel) Leaf Extract**, Dipotassium Glycyrrhizate, Glycerin, Xanthan Gum, Chondrus Crispus Extract, Hydrogenated Vegetable Oil, Carvone, Glyceryl Undecylenate, Glycerophosphocholine, Tocopherol, Helianthus Annuus (Sunflower) Seed Oil** 

** Ingredients from certified organic agriculture"||True||2772490P|||||||||10
2772484|mueller||||||||2024-10-28|JBL FLIP 6 rot|||1|Stk.|Home|Multi-Media|Unterhaltungselektronik|Kopfhörer & Lautsprecher|Lautsprecher|JBL FLIP 6 rot||139,99 €|139,99 €|139,99 €|119,00 €||||15%|Sie sparen 15%|||||||EUR|Home> Multi-Media> Unterhaltungselektronik> Kopfhörer & Lautsprecher> Lautsprecher> JBL FLIP 6 rot|https://www.mueller.at/p/jbl-flip-6-rot-2772484/|1 Stk.|"Lauter, kräftiger Sound
Der Beat geht weiter mit dem JBL Flip 6 2-Wege-Lautsprechersystem, das so konstruiert wurde, dass es einen lauten, kristallklaren, kraftvollen Sound liefert. Sein Racetrack-Tieftöner liefert außergewöhnlich niedrige Frequenzen und Mitteltöne, während ein separater Hochtöner knackige, klare hohe Frequenzen erzeugt. Der Flip 6 verfügt auch über zwei optimierte passive Radiatoren für tiefen Bass in Feinabstimmung mit dem fortschrittlichen Algorithmus von Harman.

IP67 wasserdicht und staubfest
Fürs Schwimmbad. Für den Park. JBL Flip 6 ist gemäß IP67 wasserdicht und staubfest, damit du ihn überall mitnehmen kannst.

12 Stunden Wiedergabezeit
Mach dir keine Gedanken über Kleinigkeiten wie das Aufladen des Akkus. JBL Flip 6 bietet bis zu 12 Stunden Wiedergabezeit mit einer Aufladung.

Freches Design
Kraftvolles Audio trifft auf freches Design. Großer Sound, doch einfach zu tragen; das Design passt zu jedem persönlichen Stil. Stelle ihn vertikal oder horizontal auf und wähle aus einer Vielzahl von aufregenden Farben.

Gib richtig Gas mit dem PartyBoost
Dank PartyBoost kannst du zwei PartyBoost-kompatible JBL-Lautsprecher für einen Stereo-Sound koppeln oder mehrere PartyBoost-kompatible JBL-Lautsprecher verbinden, um deine Party in Fahrt zu bringen.

JBL Portable-App
Maximiere dein Audioerlebnis mit der JBL Portable-App. Hol dir Updates und Produkt-Support direkt über dein Telefon. Schalte dann Funktionen frei, verstärke dein Audio oder optimiere deinen Bass, sodass du die totale Kontrolle über deinen Sound hast.

USB-Ladeschutz
Problemloses Aufladen. Der JBL Flip 6 bietet USB-C-Ladeschutz. Das bedeutet, dass ein Erinnerungston dich darauf aufmerksam macht, den Stecker zu trennen, wenn der Anschluss Wasser, Salz oder andere Chemikalien erkennt.

Kabelloses Streaming via Bluetooth
Verbinde bis zu 2 Smartphones oder Tablets kabellos mit dem Lautsprecher und genieße abwechselnd den originalen JBL Pro Sound.

Umweltfreundliche Verpackung
JBL verpflichtet sich zu einer nachhaltigeren, umweltfreundlicheren Verpackung. Der Flip 6 ist in einer recycelbaren Kiste aus Papier verpackt, einschließlich der inneren Schale. Das Aufhängetikett aus Kunststoff ist zu über 90 % recycelt und das Äußere ist mit Sojatinte bedruckt."||||||||||||||||||||||Non-Organic||||{'Batterie-Typ': 'Li-Ion', 'Inhalt': '1 Stk.', 'Produkttyp': 'Aktivlautsprecher'}||||||||||||||4.5751|273|2772484_1.png|https://static.mueller.de/7021420456-PV-0/pdzoom/jbl-flip-6-rot.webp|2772484_2.png|https://static.mueller.de/7021420456-PB-1/pdzoom/jbl-flip-6-rot.webp|2772484_3.png|https://static.mueller.de/7021420456-PB-2/pdzoom/jbl-flip-6-rot.webp||||||||||||||||||||||||||||1 Stk.|||True||2772484P|||||||||3
2772486|mueller||||||||2024-10-28|JBL FLIP 6 grau|||1|Stk.|Home|Multi-Media|Unterhaltungselektronik|Kopfhörer & Lautsprecher|Lautsprecher|JBL FLIP 6 grau||139,99 €|139,99 €|139,99 €|119,00 €||||15%|Sie sparen 15%|||||||EUR|Home> Multi-Media> Unterhaltungselektronik> Kopfhörer & Lautsprecher> Lautsprecher> JBL FLIP 6 grau|https://www.mueller.at/p/jbl-flip-6-grau-2772486/|1 Stk.|"Lauter, kräftiger Sound
Der Beat geht weiter mit dem JBL Flip 6 2-Wege-Lautsprechersystem, das so konstruiert wurde, dass es einen lauten, kristallklaren, kraftvollen Sound liefert. Sein Racetrack-Tieftöner liefert außergewöhnlich niedrige Frequenzen und Mitteltöne, während ein separater Hochtöner knackige, klare hohe Frequenzen erzeugt. Der Flip 6 verfügt auch über zwei optimierte passive Radiatoren für tiefen Bass in Feinabstimmung mit dem fortschrittlichen Algorithmus von Harman.

IP67 wasserdicht und staubfest
Fürs Schwimmbad. Für den Park. JBL Flip 6 ist gemäß IP67 wasserdicht und staubfest, damit du ihn überall mitnehmen kannst.

12 Stunden Wiedergabezeit
Mach dir keine Gedanken über Kleinigkeiten wie das Aufladen des Akkus. JBL Flip 6 bietet bis zu 12 Stunden Wiedergabezeit mit einer Aufladung.

Freches Design
Kraftvolles Audio trifft auf freches Design. Großer Sound, doch einfach zu tragen; das Design passt zu jedem persönlichen Stil. Stelle ihn vertikal oder horizontal auf und wähle aus einer Vielzahl von aufregenden Farben.

Gib richtig Gas mit dem PartyBoost
Dank PartyBoost kannst du zwei PartyBoost-kompatible JBL-Lautsprecher für einen Stereo-Sound koppeln oder mehrere PartyBoost-kompatible JBL-Lautsprecher verbinden, um deine Party in Fahrt zu bringen.

JBL Portable-App
Maximiere dein Audioerlebnis mit der JBL Portable-App. Hol dir Updates und Produkt-Support direkt über dein Telefon. Schalte dann Funktionen frei, verstärke dein Audio oder optimiere deinen Bass, sodass du die totale Kontrolle über deinen Sound hast.

USB-Ladeschutz
Problemloses Aufladen. Der JBL Flip 6 bietet USB-C-Ladeschutz. Das bedeutet, dass ein Erinnerungston dich darauf aufmerksam macht, den Stecker zu trennen, wenn der Anschluss Wasser, Salz oder andere Chemikalien erkennt.

Kabelloses Streaming via Bluetooth
Verbinde bis zu 2 Smartphones oder Tablets kabellos mit dem Lautsprecher und genieße abwechselnd den originalen JBL Pro Sound.

Umweltfreundliche Verpackung
JBL verpflichtet sich zu einer nachhaltigeren, umweltfreundlicheren Verpackung. Der Flip 6 ist in einer recycelbaren Kiste aus Papier verpackt, einschließlich der inneren Schale. Das Aufhängetikett aus Kunststoff ist zu über 90 % recycelt und das Äußere ist mit Sojatinte bedruckt."||||||||||||||||||||||Non-Organic||||{'Batterie-Typ': 'Li-Ion', 'Inhalt': '1 Stk.', 'Produkttyp': 'Aktivlautsprecher'}||||||||||||||4.5735|272|2772486_1.png|https://static.mueller.de/7021420834-PV-0/pdzoom/jbl-flip-6-grau.webp|2772486_2.png|https://static.mueller.de/7021420834-PB-1/pdzoom/jbl-flip-6-grau.webp|2772486_3.png|https://static.mueller.de/7021420834-PB-2/pdzoom/jbl-flip-6-grau.webp||||||||||||||||||||||||||||1 Stk.|||True||2772486P|||||||||3
824948|mueller||||||||2024-10-28|FABER-CASTELL Tuschestift Pitt Artist Pen Farbe 294|FABER-CASTELL||1|Stk.|Home|Schreibwaren|Bastelbedarf|Spezialfarben & -stifte|FABER-CASTELL  Tuschestift Pitt Artist Pen Farbe 294|||2,99 €|2,99 €||||||||||||||EUR|Home> Schreibwaren> Bastelbedarf> Spezialfarben & -stifte> FABER-CASTELL  Tuschestift Pitt Artist Pen Farbe 294|https://www.mueller.at/p/faber-castell-tuschestift-pitt-artist-pen-farbe-294-824948/|1 Stk.|Pigmentierte Zeichentusche; Hohe Deckkraft auch auf dunklem Papier; Kein Pumpen oder Schütteln notwendig; Hohe Lichtbeständigkeit; Geruchsneutral, säurefrei, pH neutral; Schlägt nicht durchs Papier; Linienbreite 1.5 mm; Farbe 294 grün metallic||||||||||||||||||||||Non-Organic||||{'scope_of_delivery': '294er Sitt Artu', 'manufacturer': 'A. W. Faber-Castell Vertrieb GmbH', 'Herstelleradresse': 'Nürnberger Str. 2, 90546 Stein', 'Inhalt': '1 Stk.', 'Produkttyp': 'Spezialfarben & -stifte'}||||||||||||||0|0|824948_1.png|https://static.mueller.de/6952946620-PV-0/pdzoom/faber-castell-tuschestift-pitt-artist-pen-farbe-294.webp||||||||||||||||||||||A. W. Faber-Castell Vertrieb GmbH||||||||||1 Stk.|||True||824948P|||||||||10
2772481|mueller||||||||2024-10-28|BIO PRIMO Bio Dinkel Backerbsen|BIO PRIMO||125|g|Home|Naturshop|Lebensmittel|Nahrung|Backwaren|BIO PRIMO Bio Dinkel Backerbsen||1,79 €|1,79 €|||||||||||14,32 € / 1 kg|||EUR|Home> Naturshop> Lebensmittel> Nahrung> Backwaren> BIO PRIMO Bio Dinkel Backerbsen|https://www.mueller.at/p/bio-primo-bio-dinkel-backerbsen-2772481/|125 g|Bio Suppeneinlage mit Dinkelmehl. Die handwerklich hergestellten Bio Dinkel Backerbsen sind eine knusprige Suppeneinlage aus Dinkelmehl. Auch zum Knabbern sind diese Backerbsen bei Groß und Klein sehr beliebt. Probieren Sie die Backerbsen auch als alternatives Salat-Topping!||Bitte trocken lagern und vor Licht und Wärme schützen.|||Deutschland|Enthält Gluten und Milch (inkl. Lactose)|||||{'Nährwerte je': '100 g', 'Brennwert': '2143 kj / 513 kcal', 'Fett in g': '29', '- davon gesättigte Fettsäuren in g': '2.6', 'Kohlenhydrate in g': '53', '- davon Zucker in g': '0.6', 'Eiweiß in g': '8.1', 'Salz in g': '2.5'}|||||||||||Organic||||{'Lagerhinweis': 'Bitte trocken lagern und vor Licht und Wärme schützen.', 'manufacturer': 'Ostermühle Naturkost GmbH', 'Herstelleradresse': 'Mühlgasse 30, 89129 Langenau', 'Herkunftsland': 'Deutschland', 'Öko-Kontrollstelle': 'DE-ÖKO-006', 'Allergenhinweis': 'Enthält Gluten und Milch (inkl. Lactose)', 'Inhalt': '125 g', 'Bio': 'Ja', 'Eigenschaften': 'vegetarisch gemaeß Rezeptur', 'Zutaten': 'DINKELMEHL* (56%), Sonnenblumenöl*, Maismehl*, Steinsalz, MAGERMILCHPULVER*, Muskat*, Backpulver* (Maisstärke*, Säuerungsmittel: Reinweinstein (Monokaliumtartrat), Backtriebmittel: Natriumhydrogencarbonat) *= aus kontrolliert biologischem Anbau', 'Produkttyp': 'Backwaren'}||||||||||||||5.0|1|2772481_1.png|https://static.mueller.de/7021419952-PV-0/pdzoom/bio-primo-bio-dinkel-backerbsen.webp||||||||||||||||||||||Ostermühle Naturkost GmbH||||||||||125 g|||False||2772481P|||||||||1
2772482|mueller||||||||2024-10-28|JBL FLIP 6 schwarz|||1|Stk.|Home|Multi-Media|Unterhaltungselektronik|Kopfhörer & Lautsprecher|Lautsprecher|JBL FLIP 6 schwarz||139,99 €|139,99 €|139,99 €|119,00 €||||15%|Sie sparen 15%|||||||EUR|Home> Multi-Media> Unterhaltungselektronik> Kopfhörer & Lautsprecher> Lautsprecher> JBL FLIP 6 schwarz|https://www.mueller.at/p/jbl-flip-6-schwarz-2772482/|1 Stk.|"Lauter, kräftiger Sound
Der Beat geht weiter mit dem JBL Flip 6 2-Wege-Lautsprechersystem, das so konstruiert wurde, dass es einen lauten, kristallklaren, kraftvollen Sound liefert. Sein Racetrack-Tieftöner liefert außergewöhnlich niedrige Frequenzen und Mitteltöne, während ein separater Hochtöner knackige, klare hohe Frequenzen erzeugt. Der Flip 6 verfügt auch über zwei optimierte passive Radiatoren für tiefen Bass in Feinabstimmung mit dem fortschrittlichen Algorithmus von Harman.

IP67 wasserdicht und staubfest
Fürs Schwimmbad. Für den Park. JBL Flip 6 ist gemäß IP67 wasserdicht und staubfest, damit du ihn überall mitnehmen kannst.

12 Stunden Wiedergabezeit
Mach dir keine Gedanken über Kleinigkeiten wie das Aufladen des Akkus. JBL Flip 6 bietet bis zu 12 Stunden Wiedergabezeit mit einer Aufladung.

Freches Design
Kraftvolles Audio trifft auf freches Design. Großer Sound, doch einfach zu tragen; das Design passt zu jedem persönlichen Stil. Stelle ihn vertikal oder horizontal auf und wähle aus einer Vielzahl von aufregenden Farben.

Gib richtig Gas mit dem PartyBoost
Dank PartyBoost kannst du zwei PartyBoost-kompatible JBL-Lautsprecher für einen Stereo-Sound koppeln oder mehrere PartyBoost-kompatible JBL-Lautsprecher verbinden, um deine Party in Fahrt zu bringen.

JBL Portable-App
Maximiere dein Audioerlebnis mit der JBL Portable-App. Hol dir Updates und Produkt-Support direkt über dein Telefon. Schalte dann Funktionen frei, verstärke dein Audio oder optimiere deinen Bass, sodass du die totale Kontrolle über deinen Sound hast.

USB-Ladeschutz
Problemloses Aufladen. Der JBL Flip 6 bietet USB-C-Ladeschutz. Das bedeutet, dass ein Erinnerungston dich darauf aufmerksam macht, den Stecker zu trennen, wenn der Anschluss Wasser, Salz oder andere Chemikalien erkennt.

Kabelloses Streaming via Bluetooth
Verbinde bis zu 2 Smartphones oder Tablets kabellos mit dem Lautsprecher und genieße abwechselnd den originalen JBL Pro Sound.

Umweltfreundliche Verpackung
JBL verpflichtet sich zu einer nachhaltigeren, umweltfreundlicheren Verpackung. Der Flip 6 ist in einer recycelbaren Kiste aus Papier verpackt, einschließlich der inneren Schale. Das Aufhängetikett aus Kunststoff ist zu über 90 % recycelt und das Äußere ist mit Sojatinte bedruckt."||||||||||||||||||||||Non-Organic||||{'Batterie-Typ': 'Li-Ion', 'Inhalt': '1 Stk.', 'Produkttyp': 'Aktivlautsprecher'}||||||||||||||4.5751|273|2772482_1.png|https://static.mueller.de/7021419791-PV-0/pdzoom/jbl-flip-6-schwarz.webp|2772482_2.png|https://static.mueller.de/7021419791-PB-1/pdzoom/jbl-flip-6-schwarz.webp|2772482_3.png|https://static.mueller.de/7021419791-PB-2/pdzoom/jbl-flip-6-schwarz.webp||||||||||||||||||||||||||||1 Stk.|||True||2772482P|||||||||3
2772483|mueller||||||||2024-10-28|JBL FLIP 6 blau|||1|Stk.|Home|Multi-Media|Unterhaltungselektronik|Kopfhörer & Lautsprecher|Lautsprecher|JBL FLIP 6 blau||139,99 €|139,99 €|139,99 €|119,00 €||||15%|Sie sparen 15%|||||||EUR|Home> Multi-Media> Unterhaltungselektronik> Kopfhörer & Lautsprecher> Lautsprecher> JBL FLIP 6 blau|https://www.mueller.at/p/jbl-flip-6-blau-2772483/|1 Stk.|"Lauter, kräftiger Sound
Der Beat geht weiter mit dem JBL Flip 6 2-Wege-Lautsprechersystem, das so konstruiert wurde, dass es einen lauten, kristallklaren, kraftvollen Sound liefert. Sein Racetrack-Tieftöner liefert außergewöhnlich niedrige Frequenzen und Mitteltöne, während ein separater Hochtöner knackige, klare hohe Frequenzen erzeugt. Der Flip 6 verfügt auch über zwei optimierte passive Radiatoren für tiefen Bass in Feinabstimmung mit dem fortschrittlichen Algorithmus von Harman.

IP67 wasserdicht und staubfest
Fürs Schwimmbad. Für den Park. JBL Flip 6 ist gemäß IP67 wasserdicht und staubfest, damit du ihn überall mitnehmen kannst.

12 Stunden Wiedergabezeit
Mach dir keine Gedanken über Kleinigkeiten wie das Aufladen des Akkus. JBL Flip 6 bietet bis zu 12 Stunden Wiedergabezeit mit einer Aufladung.

Freches Design
Kraftvolles Audio trifft auf freches Design. Großer Sound, doch einfach zu tragen; das Design passt zu jedem persönlichen Stil. Stelle ihn vertikal oder horizontal auf und wähle aus einer Vielzahl von aufregenden Farben.

Gib richtig Gas mit dem PartyBoost
Dank PartyBoost kannst du zwei PartyBoost-kompatible JBL-Lautsprecher für einen Stereo-Sound koppeln oder mehrere PartyBoost-kompatible JBL-Lautsprecher verbinden, um deine Party in Fahrt zu bringen.

JBL Portable-App
Maximiere dein Audioerlebnis mit der JBL Portable-App. Hol dir Updates und Produkt-Support direkt über dein Telefon. Schalte dann Funktionen frei, verstärke dein Audio oder optimiere deinen Bass, sodass du die totale Kontrolle über deinen Sound hast.

USB-Ladeschutz
Problemloses Aufladen. Der JBL Flip 6 bietet USB-C-Ladeschutz. Das bedeutet, dass ein Erinnerungston dich darauf aufmerksam macht, den Stecker zu trennen, wenn der Anschluss Wasser, Salz oder andere Chemikalien erkennt.

Kabelloses Streaming via Bluetooth
Verbinde bis zu 2 Smartphones oder Tablets kabellos mit dem Lautsprecher und genieße abwechselnd den originalen JBL Pro Sound.

Umweltfreundliche Verpackung
JBL verpflichtet sich zu einer nachhaltigeren, umweltfreundlicheren Verpackung. Der Flip 6 ist in einer recycelbaren Kiste aus Papier verpackt, einschließlich der inneren Schale. Das Aufhängetikett aus Kunststoff ist zu über 90 % recycelt und das Äußere ist mit Sojatinte bedruckt."||||||||||||||||||||||Non-Organic||||{'Batterie-Typ': 'Li-Ion', 'Inhalt': '1 Stk.', 'Produkttyp': 'Aktivlautsprecher'}||||||||||||||4.5735|272|2772483_1.png|https://static.mueller.de/7021420514-PV-0/pdzoom/jbl-flip-6-blau.webp|2772483_2.png|https://static.mueller.de/7021420514-PB-1/pdzoom/jbl-flip-6-blau.webp|2772483_3.png|https://static.mueller.de/7021420514-PB-2/pdzoom/jbl-flip-6-blau.webp|2772483_4.png|https://static.mueller.de/7021420514-PB-3/pdzoom/jbl-flip-6-blau.webp||||||||||||||||||||||||||1 Stk.|||True||2772483P|||||||||3
2772479|mueller||||||||2024-10-28|SensiDent Zahnstocher mit Daumenauflage|SENSIDENT||250|Stk.|Home|Drogerie|Pflege|Mund- & Zahnpflege|Mundhygiene|SensiDent Zahnstocher mit Daumenauflage||0,75 €|0,75 €|||||||||||0,30 € / 100 Stk.|||EUR|Home> Drogerie> Pflege> Mund- & Zahnpflege> Mundhygiene> SensiDent Zahnstocher mit Daumenauflage|https://www.mueller.at/p/sensident-zahnstocher-mit-daumenauflage-2772479/|250 Stk.|Zahnstocher aus Birkenholz mit Daumenauflage in der praktischen Spenderbox, 250 Stück||||||||||||||||||||||Non-Organic||||"{'target_group': 'Damen|Herren|Unisex', 'manufacturer': 'Harbin Evergreens Industrial co. Ltd.', 'Herstelleradresse': 'Development Area Harbin China, 150025 Harbin', 'Kontaktmöglichkeit': 'www.mueller.eu', 'Anwendungshinweis': 'Die SensiDent Zahnhölzer aus Birkenholz sind besonders sanft und splitterfrei.\nEs handelt sich hierbei um Einmalartikel, diese werden nach der Anwendung weggeworfen. Sie können auch für den täglichen Gebrauch z.B. als Käsespieße genutzt werden. Achtung: Diese Zahnhölzer sind keine mit Fluorid präparierten Zahnhölzer.', 'Inhalt': '250 Stk.', 'scope_of_application': 'Mundhygiene', 'Produkttyp': 'Zahnzwischenraumreiniger'}"||||||||||||||0|0|2772479_1.png|https://static.mueller.de/7021415278-PV-0/pdzoom/sensident-zahnstocher-mit-daumenauflage.webp||||||||||||||||||||||Harbin Evergreens Industrial co. Ltd.||||||||||250 Stk.|||True||2772479P|||||||||10
2458342|mueller||||||||2024-10-28|Duchesse Damen-Hygiene-Beutel|DUCHESSE||50|Stk.|Home|Drogerie|Hygiene|Tampons|Duchesse Damen-Hygiene-Beutel|||1,25 €|1,25 €|||||||||||0,25 € / 10 Stk.|||EUR|Home> Drogerie> Hygiene> Tampons> Duchesse Damen-Hygiene-Beutel|https://www.mueller.at/p/duchesse-damen-hygiene-beutel-2458342/|50 Stk.|Die blickdichten Duchesse Damen-Hygiene-Beutel mit zartem Duft und praktischen Griffen eignen sich für die hygienische und diskrete Entsorgung von gebrauchten Damenhygieneartikeln wie z.B Binden, Slipeinlagen oder Tampons.||||||||||||||||||||||Non-Organic||||{'target_group': 'Damen', 'manufacturer': 'Cedo GmbH', 'Herstelleradresse': 'Hennes-Weisweiler-Allee 18, 41179 Mönchengladbach', 'Kontaktmöglichkeit': 'www.mueller.eu', 'Anwendungshinweis': 'Gebrauchte Hygiene-Artikel in die Beutel geben, nicht über die Toilette entsorgen.', 'Inhalt': '50 Stk.', 'Produkttyp': 'Tampons'}||||||||||||||0|0|2458342_1.png|https://static.mueller.de/6427873510-PV-0/pdzoom/duchesse-damen-hygiene-beutel.webp|2458342_2.png|https://static.mueller.de/6427873510-PB-1/pdzoom/duchesse-damen-hygiene-beutel.webp||||||||||||||||||||Cedo GmbH||||||||||50 Stk.|||True||2458342P|||||||||10
2772467|mueller||||||||2024-10-28|Back To Black (Ltd.1LP Picture Disc)|||1|Stk.|Home|Multi-Media|Musik|Pop|Back To Black (Ltd.1LP Picture Disc)|||29,99 €|29,99 €||||||||||||||EUR|Home> Multi-Media> Musik> Pop> Back To Black (Ltd.1LP Picture Disc)|https://www.mueller.at/p/back-to-black-ltd-1lp-picture-disc-2772467/|1 Stk.|||||||||||||||||||||||Non-Organic||||{'medium': 'LP (analog)', 'Künstler': 'Winehouse,Amy', 'Inhalt': '1 Stk.', 'Anzahl Medien im Artikel': '1', 'genre': 'Pop international', 'Label': 'Island'}||||||||||||||5.0|1|2772467_1.png|https://static.mueller.de/pdzoom/phononet_0602435796475_pv_0602435796475-0600px-001.webp||||||||||||||||||||||||||||||||1 Stk.|||False||2772467P|||||||||1
2062696|mueller||||||||2024-10-28|PAPERZONE Notizbuch A6 liniert|PAPERZONE||1|Stk.|Home|Schreibwaren|Büro|Notizen|Notizbuch|PAPERZONE Notizbuch A6 liniert||2,99 €|2,99 €||||||||||||||EUR|Home> Schreibwaren> Büro> Notizen> Notizbuch> PAPERZONE Notizbuch A6 liniert|https://www.mueller.at/p/paperzone-notizbuch-a6-liniert-2062696/|1 Stk.|Hardcover-Notizbuch ca. 99 x 143mm - 96 BlattMit elastischem Verschluss und Stiftelasche, Zeichenband und Falttasche im Rückendeckel.||||||||||||||||||||||Non-Organic||||{'Linienart': 'liniert', 'Grammatur in g/m2': '80', 'Farbe': 'schwarz', 'Inhalt': '1 Stk.', 'Produkttyp': 'Notizbücher'}||||||schwarz||||||||0|0|2062696_1.png|https://static.mueller.de/6307216970-PV-0/pdzoom/paperzone-notizbuch-a6-liniert.webp|2062696_2.png|https://static.mueller.de/6307216970-PB-1/pdzoom/paperzone-notizbuch-a6-liniert.webp||||||||||||||||||||||||||||||1 Stk.|||True||2062696P|||||||||10
2879101|mueller||||||||2024-10-28|TRUBA Gutscheinbox mini Marriage|TRUBA||1|Stk.|Home|Schreibwaren|Bastelbedarf|Geschenkverpackungen|TRUBA Gutscheinbox mini Marriage|||4,99 €|4,99 €||||||||||||||EUR|Home> Schreibwaren> Bastelbedarf> Geschenkverpackungen> TRUBA Gutscheinbox mini Marriage|https://www.mueller.at/p/truba-gutscheinbox-mini-marriage-IPN2879101/|1 Stk.|Geschenkbox innen ausgeschlagen mit Grifflücke, außen auf dem Deckel Metallicfolienveredelung und Blindprägung im Unterbau, in der Geschenkbox  zusätzlicher Gruß-/GlückwunschkarteneinlegerMaterial I (Tasche/Kartonage) : 92% Pappe, 3% Papier, 3% Veredelung (3% Metallicfolie), 2% Farbe||||||||||||||||||||||Non-Organic||||{'manufacturer': 'H. Truttenbach Inh. Peter Doll', 'Herstelleradresse': 'Ziegelwaldstraße 24, D-73547 Lorch', 'Artikelnummer des Herstellers': '2411-32642-1', 'Höhe': '15 mm', 'Breite': '100 mm', 'Tiefe': '100 mm', 'Inhalt': '1 Stk.', 'Produkttyp': 'Geschenkverpackungen'}||||||||||||||0|0|2879101_1.png|https://static.mueller.de/pdzoom/4017134476485.webp||||||||||||||||||||||H. Truttenbach Inh. Peter Doll||||||||||1 Stk.|||True||2879101P|||||||||10
22514|mueller||||||||2024-10-28|PAP-ART Buchstaben-Etiketten bunt|PAP-ART||1|Stk.|Home|Schreibwaren|Bastelbedarf|Papier & Karton|PAP-ART Buchstaben-Etiketten bunt|||1,39 €|1,39 €||||||||||||||EUR|Home> Schreibwaren> Bastelbedarf> Papier & Karton> PAP-ART Buchstaben-Etiketten bunt|https://www.mueller.at/p/pap-art-buchstaben-etiketten-bunt-22514/|1 Stk.|Die PAP-ART Buchstaben-Etiketten sind farbig mit Goldkontur.||||||||||||||||||||||Non-Organic||||{'Inhalt': '1 Stk.', 'Produkttyp': 'Spezialpapier'}||||||||||||||0|0|22514_1.png|https://static.mueller.de/pdzoom/4035774700036.webp||||||||||||||||||||||||||||||||1 Stk.|||True||22514P|||||||||10
22516|mueller||||||||2024-10-28|PAP-ART Zahlen-Etiketten schwarz auf weiss 10mm|PAP-ART||1|Stk.|Home|Schreibwaren|Bastelbedarf|Papier & Karton|PAP-ART Zahlen-Etiketten schwarz auf weiss 10mm|||1,39 €|1,39 €||||||||||||||EUR|Home> Schreibwaren> Bastelbedarf> Papier & Karton> PAP-ART Zahlen-Etiketten schwarz auf weiss 10mm|https://www.mueller.at/p/pap-art-zahlen-etiketten-schwarz-auf-weiss-10mm-22516/|1 Stk.|"Die selbstklebenden PAP-ART Zahlen-Etiketten sind optimal zum Beschriften, Kennzeichnen und Markieren von Unterlagen, Preisschildern, Dokumenten, Mappen und vielem mehr.
Die Etiketten sind einfach mit Hand zu beschriften und eignen sich nicht für den Drucker."||||||||||||||||||||||Non-Organic||||{'Inhalt': '1 Stk.', 'Produkttyp': 'Spezialpapier'}||||||||||||||0|0|22516_1.png|https://static.mueller.de/6486337226-PV-0/pdzoom/pap-art-zahlen-etiketten-schwarz-auf-weiss-10mm.webp||||||||||||||||||||||||||||||||1 Stk.|||True||22516P|||||||||10
2023197|mueller||||||||2024-10-28|OLIVEDA Körperbalsam Grapefruit Rose|OLIVEDA||250|ml|Home|Naturshop|Pflege|Körperpflege|Pflege|OLIVEDA Körperbalsam Grapefruit Rose||29,95 €|29,95 €|||||||||||119,80 € / 1 l|||EUR|Home> Naturshop> Pflege> Körperpflege> Pflege> OLIVEDA Körperbalsam Grapefruit Rose|https://www.mueller.at/p/oliveda-koerperbalsam-grapefruit-rose-2023197/|250 ml|Der sahnig-cremige Körperbalsam pflegt die Haut mit Olivenblatt und nativem Olivenöl ganz intensiv und versorgt sie mit jeder Menge Feuchtigkeit. Die zarte Textur zerschmilzt förmlich auf der Haut, zieht rasch ein, macht sie ultra geschmeidig und seidig glatt. Spritzig frische und belebende Grapefruit trifft auf verführerische Rose und hüllt den Körper in einen erfrischenden und sinnlichen Duft. Die Haut strahlt.||||||||||||||||||||||Non-Organic||||"{'target_group': 'Damen|Herren|Unisex', 'manufacturer': 'OLIVEDA Deutschland GmbH', 'Herstelleradresse': 'Neuer Zollhof 3, 40221 Düsseldorf', 'Kontaktmöglichkeit': 'info@olivetreepeople.com', 'Anwendungshinweis': 'Täglich morgens und abends gut einmassieren. Die besten Resultate erzielen Sie, wenn Sie den Körperbalsam immer nach dem Baden oder Duschen verwenden.', 'package_contents': 'olea europaea (olive) leaf cell extract, caprylic/capric triglyceride, olea europaea (olive) fruit oil, ethylhexyl palmitate, glycerin, glyceryl stearate, cetearyl alcohol, glyceryl stearate citrate, cetyl ricinoleate, tocopherol, cera alba, chamomilla (camomile) recutita flower extract, maltodextrin, benzyl alcohol, carbomer, benzoic acid, sodium hydroxide, sorbic acid, aqua (water), parfum (fragrance), citral, hexyl cinnamal, limonene, linalool.', 'skin_type': 'alle Hauttypen', 'product_property': 'feuchtigkeitsspendend|schützend|glättend|regenerierend|hautbildverfeinernd|erfrischend|straffend|revitalisierend|aufbauend|vitalisierend|reichhaltig', 'Inhalt': '250 ml', 'scope_of_application': 'Spezialpflege', 'Produkttyp': 'Creme'}"||||||||||||||0|0|2023197_1.png|https://static.mueller.de/5497519262-PV-0/pdzoom/oliveda-koerperbalsam-grapefruit-rose.webp||||||||||||||||||||||OLIVEDA Deutschland GmbH||||||||||250 ml|olea europaea (olive) leaf cell extract, caprylic/capric triglyceride, olea europaea (olive) fruit oil, ethylhexyl palmitate, glycerin, glyceryl stearate, cetearyl alcohol, glyceryl stearate citrate, cetyl ricinoleate, tocopherol, cera alba, chamomilla (camomile) recutita flower extract, maltodextrin, benzyl alcohol, carbomer, benzoic acid, sodium hydroxide, sorbic acid, aqua (water), parfum (fragrance), citral, hexyl cinnamal, limonene, linalool.||True||2023197P|||||||||10
2904487|mueller||||||||2024-10-28|moses. - Glitzernder Hüpfball Pferde|MOSES||1|Stk.|Home|Spielwaren|Sport & Outdoor|Bälle & Ballspiele|moses. - Glitzernder Hüpfball Pferde|||14,95 €|14,95 €|14,95 €|12,99 €||||13%|Sie sparen 13%|||||||EUR|Home> Spielwaren> Sport & Outdoor> Bälle & Ballspiele> moses. - Glitzernder Hüpfball Pferde|https://www.mueller.at/p/moses-glitzernder-huepfball-pferde-IPN2904487/|1 Stk.|"Hüpfbälle sorgen bei Kindern garantiert für jede Menge Spielspaß. Der glitzernde Hüpfball Pferde bringt das gewisse Extra: Geschmückt von einem schönen Pferde-Motiv lässt er die Herzen von kleinen Pferdefans höherschlagen – und noch dazu glitzert der rosafarbene Ball. Mit dem Hüpfball sind schon die Kleinsten ab 4 Jahren bereit für große Sprünge. Der niedliche Hüpfball kann sowohl drinnen als auch draußen verwendet werden und bietet so das ganze Jahr über unbegrenzten Hüpfspaß. Das Springen mit dem Ball macht nicht nur wahnsinnig viel Spaß, fördert spielerisch auch den Gleichgewichtssinn, die Bewegungskoordination und den Muskelaufbau der Kinder. Bei Bedarf kann der Hüpfball auch wieder entlüftet und in der Verpackung platzsparend verstaut werden. Geliefert wird der Ball in entleertem Zustand, eine Pumpe ist nicht im Lieferumfang enthalten.

+ Hüpfball mit Pferdemotiv
+ enthält glitzerndes Sternchen-Konfetti
+ fördert Bewegungskoordination und Gleichgewicht
+ Pumpe nicht enthalten"||||||||3 Jahre||||||||||||||Non-Organic||||"{'target_group': 'Kindergartenkinder|Grundschüler', 'Artikelnummer des Herstellers': '38205', 'Altersempfehlung ab': '3 Jahre', 'Inhalt': '1 Stk.', 'Produkttyp': 'Hüpfbälle'}"||||||||||||||2.0|1|2904487_1.png|https://static.mueller.de/pdzoom/4033477382054.webp|2904487_2.png|https://static.mueller.de/pdzoom/4033477382054_2.webp|2904487_3.png|https://static.mueller.de/pdzoom/4033477382054_3.webp||||||||||||||||||38205||||||||||1 Stk.|||True||2904487P|||||||||1
2904488|mueller||||||||2024-10-28|moses. - 110% Gehirnjogging|MOSES||1|Stk.|Home|Spielwaren|Spiele & Puzzles|Spiele|Wissens- & Denkspiele|moses. - 110% Gehirnjogging||15,40 €|15,40 €||||||||||||||EUR|Home> Spielwaren> Spiele & Puzzles> Spiele> Wissens- & Denkspiele> moses. - 110% Gehirnjogging|https://www.mueller.at/p/moses-110-gehirnjogging-IPN2904488/|1 Stk.|"Tun Sie etwas für die geistige Fitness: Die 100 Denk-Trainingseinheiten in dieser Box bieten ein ausgewogenes, mentales Workout und sorgen mit insgesamt 20 unterschiedlichen Übungsarten dafür, dass alle Bereiche des Denkens stimuliert werden. So erschafft Rätselmacher Stefan Heine in den spannenden Rätseln und Aufgaben viele Perspektivwechsel fürs Gehirn, die das Köpfchen fit halten. Die Rätselbox ist der perfekte Zeitvertreib für alle, die ihre grauen Zellen trainieren und ihre Kreativität fördern möchten.

Inhalt:
+ 100 Karten in einer Geschenkbox

Autor: Stefan Heine
Illustrationen: Florian Scheuerer
Grafik: Silke Klemt

Stefan Heine ist Rätselmacher aus Leidenschaft,
und das seit über 25 Jahren. Weltweit beziehen etwa 400 Zeitungen und Zeitschriften Produkte aus der Rätselschmiede des Hamburgers. Auch für moses. entwickelt er bereits seit vielen Jahren maßgeschneiderte Denksportprodukte mit ausgefeilten Rätselmechaniken."||||||||14 Jahre||||||||||||||Non-Organic||||"{'target_group': 'Jugendliche|Erwachsene', 'Artikelnummer des Herstellers': '051962', 'Altersempfehlung ab': '14 Jahre', 'Inhalt': '1 Stk.', 'Produkttyp': 'Denkspiele'}"||||||||||||||0|0|2904488_1.png|https://static.mueller.de/pdzoom/9783964551962.webp|2904488_2.png|https://static.mueller.de/pdzoom/9783964551962_2.webp|2904488_3.png|https://static.mueller.de/pdzoom/9783964551962_3.webp||||||||||||||||||051962||||||||||1 Stk.|||False||2904488P|||||||||1
2904489|mueller||||||||2024-10-28|HABA Hängefigur Eichhörnchen|HABA||1|Stk.|Home|Spielwaren|Baby & Kleinkind|Babyspielzeug|Spielzeug mit Rassel|HABA Hängefigur Eichhörnchen||12,99 €|12,99 €||||||||||||||EUR|Home> Spielwaren> Baby & Kleinkind> Babyspielzeug> Spielzeug mit Rassel> HABA Hängefigur Eichhörnchen|https://www.mueller.at/p/haba-haengefigur-eichhoernchen-IPN2904489/|1 Stk.|Mit Rasselring und praktischer Schlaufe zum Aufhängen. Ab 6 Monaten.||||||||6 Monate||||||||||||||Non-Organic||||"{'target_group': 'Säuglinge|Kleinkinder', 'Artikelnummer des Herstellers': '1306894001', 'Altersempfehlung ab': '6 Monate', 'Inhalt': '1 Stk.', 'Produkttyp': 'Rasseln | Greiflinge'}"||||||||||||||0|0|2904489_1.png|https://static.mueller.de/pdzoom/4010168263380.webp|2904489_2.png|https://static.mueller.de/pdzoom/4010168263380_4.webp|2904489_3.png|https://static.mueller.de/pdzoom/4010168263380_2.webp|2904489_4.png|https://static.mueller.de/pdzoom/4010168263380_3.webp||||||||||||||||1306894001||||||||||1 Stk.|||True||2904489P|||||||||10
22512|mueller||||||||2024-10-28|PAP-ART Markierungspunkte rot 18mm|PAP-ART||1|Stk.|Home|Schreibwaren|Büro|Bürobedarf|Sonstiges|PAP-ART Markierungspunkte rot 18mm||1,39 €|1,39 €||||||||||||||EUR|Home> Schreibwaren> Büro> Bürobedarf> Sonstiges> PAP-ART Markierungspunkte rot 18mm|https://www.mueller.at/p/pap-art-markierungspunkte-rot-18mm-22512/|1 Stk.|Die PAP-ART Markierungspunkte in rot haben einen Durchmesser von 18mm und sind selbstklebend.||||||||||||||||||||||Non-Organic||||{'Inhalt': '1 Stk.', 'Produkttyp': 'Sonstiges'}||||||||||||||0|0|22512_1.png|https://static.mueller.de/6486338138-PV-0/pdzoom/pap-art-markierungspunkte-rot-18mm.webp||||||||||||||||||||||||||||||||1 Stk.|||False||22512P|||||||||1
2904492|mueller||||||||2024-10-28|moses. - Classic Quiz Weltreise|MOSES||1|Stk.|Home|Spielwaren|Spiele & Puzzles|Spiele|Kinderspiele|moses. - Classic Quiz Weltreise||10,30 €|10,30 €||||||||||||||EUR|Home> Spielwaren> Spiele & Puzzles> Spiele> Kinderspiele> moses. - Classic Quiz Weltreise|https://www.mueller.at/p/moses-classic-quiz-weltreise-IPN2904492/|1 Stk.|"Wahre Quiz-Klassiker: In den Kartensets der Classic Quiz-Reihe warten beliebte Themen, erlesene Fragen und eine edle Optik. Dadurch sind diese Quiz-Editionen nicht nur etwas für Gelegenheits-Quiz-Fans, sondern auch für wahre Quiz-Connaisseure. Alle Fragen wurden von erfahrenen Quizautor*innen sorgsam ausgewählt und maßgeschneidert auf den Punkt gebracht. Jedes handliche Kartenset garantiert kurzweilige Unterhaltung und sorgt für Wissenszuwachs mit Aha!-Effekt. Die Karten sind zudem mit einer größeren Typographie für eine gute Lesbarkeit optimiert, damit wirklich nichts dem Quizgenuss im Wege steht! Das Classic Quiz ist das ideale Geschenk für alle, die ihr Allgemeinwissen auf die Probe stellen und um interessante Fakten erweitern wollen.

Classic Quiz Weltreise
Wer ist Dauergast im Eiffelturm? Was ist ein Bodaboda? Wo ist die Sonne eine Währung – und wo zahlt man mit Regentropfen? 150 abwechslungsreiche Fragen zu den Wundern und Kulturen der Welt.

+ Quizmit erlesenen Fragen zum Thema Weltreise
+ jeweils 50 Karten in einer Schachtel
+ größere Typographie für optimale Lesbarkeit
+ edles Design"||||||||14 Jahre||||||||||||||Non-Organic||||"{'target_group': 'Jugendliche|Erwachsene', 'Artikelnummer des Herstellers': '052280', 'Altersempfehlung ab': '14 Jahre', 'Inhalt': '1 Stk.', 'Produkttyp': 'Quiz'}"||||||||||||||0|0|2904492_1.png|https://static.mueller.de/pdzoom/9783964552280.webp|2904492_2.png|https://static.mueller.de/pdzoom/9783964552280_3.webp|2904492_3.png|https://static.mueller.de/pdzoom/9783964552280_2.webp||||||||||||||||||052280||||||||||1 Stk.|||True||2904492P|||||||||5
2904495|mueller||||||||2024-10-28|moses. - Expedition Natur - Die große Box der Knoten|MOSES||1|Stk.|Home|Spielwaren|Spiele & Puzzles|Spiele|Kinderspiele|moses. - Expedition Natur - Die große Box der Knoten||15,40 €|15,40 €||||||||||||||EUR|Home> Spielwaren> Spiele & Puzzles> Spiele> Kinderspiele> moses. - Expedition Natur - Die große Box der Knoten|https://www.mueller.at/p/moses-expedition-natur-die-grosse-box-der-knoten-IPN2904495/|1 Stk.|"Von A wie Achtknoten bis Z wie Zimmermannsknoten: Die große Box der Knoten erklärt kinderleicht 30 praktische Knotenarten, mit denen dem nächsten Ausflug in Wald und Wiesen nichts mehr im Wege steht! Ob beim Angeln, zum Bau einer Strickleiter oder für Befestigungen am Zelt – es ist immer hilfreich, unterschiedliche Knoten zu kennen. Auf 34 großformatigen Karten finden sich hier einfache Schritt-für-Schritt-Anleitungen, die sich sofort nachmachen lassen. Begleitet von anschaulichen Illustrationen und Fotos können Kinder die einzelnen Schritte leicht nachvollziehen und mit den beiliegenden nachtleuchtenden Paracord-Kordeln die neu gelernten Knoten gleich üben. Doch nicht nur Knoten-Anleitungen warten hier auf kleine Abenteurer*innen: Damit beim Camping oder der Verschnaufpause beim Wandern auch keine Langeweile aufkommt, gibt es auf sieben Karten auch coole Tricks zu entdecken, die den angehenden Knoten-Meister*innen zeigen, wie sie mit Hand und Faden ihr Publikum verblüffen können. Eine tolle Box zum Lernen und Ausprobieren– ganz ohne Knoten im Kopf!

+ Anleitungen für 30 Knotenarten und 7 Faden-Tricks
+ Box mit 34 extragroße Karten"||||||||8 Jahre||||||||||||||Non-Organic||||"{'target_group': 'Grundschüler|Jugendliche', 'Artikelnummer des Herstellers': '052525', 'Altersempfehlung ab': '8 Jahre', 'Inhalt': '1 Stk.', 'Produkttyp': 'Quiz'}"||||||||||||||0|0|2904495_1.png|https://static.mueller.de/pdzoom/9783964552525.webp|2904495_2.png|https://static.mueller.de/pdzoom/9783964552525_3.webp|2904495_3.png|https://static.mueller.de/pdzoom/9783964552525_2.webp|2904495_4.png|https://static.mueller.de/pdzoom/9783964552525_7.webp|2904495_5.png|https://static.mueller.de/pdzoom/9783964552525_6.webp|2904495_6.png|https://static.mueller.de/pdzoom/9783964552525_5.webp||||||||||||052525||||||||||1 Stk.|||False||2904495P|||||||||1
22526|mueller||||||||2024-10-28|PAP-ART Buchstaben-Etiketten farbig glänzend 20mm|PAP-ART||1|Stk.|Home|Schreibwaren|Bastelbedarf|Papier & Karton|PAP-ART Buchstaben-Etiketten farbig glänzend 20mm|||1,39 €|1,39 €||||||||||||||EUR|Home> Schreibwaren> Bastelbedarf> Papier & Karton> PAP-ART Buchstaben-Etiketten farbig glänzend 20mm|https://www.mueller.at/p/pap-art-buchstaben-etiketten-farbig-glaenzend-20mm-22526/|1 Stk.|Die PAP-ART Buchstaben-Etiketten sind farbig glänzend und 20mm hoch.||||||||||||||||||||||Non-Organic||||{'Inhalt': '1 Stk.', 'Produkttyp': 'Spezialpapier'}||||||||||||||0|0|22526_1.png|https://static.mueller.de/6486338265-PV-0/pdzoom/pap-art-buchstaben-etiketten-farbig-glaenzend-20mm.webp||||||||||||||||||||||||||||||||1 Stk.|||True||22526P|||||||||10
2772322|mueller||||||||2024-10-28|Happy People - Einhell Kids Akku-Bohrschrauber|HAPPY PEOPLE||1|Stk.|Home|Spielwaren|Baby & Kleinkind|Kleinkindspielzeug|Happy People - Einhell Kids Akku-Bohrschrauber|||10,99 €|10,99 €||||||||||||||EUR|Home> Spielwaren> Baby & Kleinkind> Kleinkindspielzeug> Happy People - Einhell Kids Akku-Bohrschrauber|https://www.mueller.at/p/happy-people-einhell-kids-akku-bohrschrauber-2772322/|1 Stk.|Einhell Kids Akku-BohrschrauberLinks-/Rechtslauf, Ein-/Ausschalter, 4 Einsätze, untereinander austauschbare Batterieeinheit||||||||3 Jahre||||||||||||||Non-Organic||||{'target_group': 'Kleinkinder', 'Artikelnummer des Herstellers': '41760', 'license': 'Einhell Kids', 'Altersempfehlung ab': '3 Jahre', 'Altersempfehlung bis': '8 Jahre', 'Materialdetails': 'Kunststoff', 'Inhalt': '1 Stk.', 'Produkttyp': 'Kindergarten'}||||||||Kunststoff||||||0|0|2772322_1.png|https://static.mueller.de/7020602293-PV-0/pdzoom/happy-people-einhell-kids-akku-bohrschrauber.webp||||||||||||||||||||||41760||||||||||1 Stk.|||True||2772322P|||||||||10
810486|mueller||||||||2024-10-28|Charlotte Meentzen NATUR PUR BALANCE Gesichtstonic|CHARLOTTE MEENTZEN||125|ml|Home|Parfümerie|Pflege|Gesichtspflege|Reinigung|Gesichtswasser|Charlotte Meentzen NATUR PUR BALANCE Gesichtstonic|17,40 €|17,40 €|||||||||||139,20 € / 1 l|||EUR|Home> Parfümerie> Pflege> Gesichtspflege> Reinigung> Gesichtswasser> Charlotte Meentzen NATUR PUR BALANCE Gesichtstonic|https://www.mueller.at/p/charlotte-meentzen-natur-pur-balance-gesichtstonic-810486/|125 ml|Das sanfte Tonic erfrischt die Haut wohltuend. Orangen-Extrakt und Grüner Tee-Extrakt spenden Feuchtigkeit und schützen vor Irritationen. Das pH-Gleichgewicht der Haut wird stabilisiert. Die Haut ist optimal auf die nachfolgenden Pflegeprodukte vorbereitet. Für ein klares und vitalisiertes Hautbild.||||||||||||||||||||||Non-Organic||||"{'PH-Hautneutral': 'Ja', 'target_group': 'Damen', 'manufacturer': 'Charlotte Meentzen Kräutervital Kosmetik GmbH', 'Herstelleradresse': 'Carl-Eschenbach-Str. 10, 01454 Radeberg', 'Kontaktmöglichkeit': 'info@meentzen.de', 'dermatologically_tested': 'Ja', 'Anwendungshinweis': 'Morgens und abends mit einem Wattepad auf Gesicht und Hals auftragen. Sanft von der Gesichtsmitte nach außen streichen.', 'package_contents': 'Aqua (Water), Betaine, Citrus Aurantium Dulcis (Orange) Fruit Water, Glycerin, Camellia Sinensis Leaf Extract, Schizandra Chinensis Fruit Extract, Alcohol, Sodium Levulinate, Sucrose Laurate, Sodium Anisate, Citric Acid, Limonene, Parfum (Fragrance), Linalool, Geraniol.', 'skin_type': 'Mischhaut|unreine Haut', 'product_property': 'feuchtigkeitsspendend|beruhigend|erfrischend|klärend|entzündungshemmend|schützend|reinigend|fettfrei|pflegend', 'Inhalt': '125 ml', 'scope_of_application': 'Reinigung', 'Produkttyp': 'Gesichtswasser'}"||||||||||||||0|0|810486_1.png|https://static.mueller.de/338822482-PV-0/pdzoom/charlotte-meentzen-natur-pur-balance-gesichtstonic.webp|810486_2.png|https://static.mueller.de/338822482-VV-1/pdzoom/charlotte-meentzen-natur-pur-balance-gesichtstonic.webp||||||||||||||||||||Charlotte Meentzen Kräutervital Kosmetik GmbH||||||||||125 ml|Aqua (Water), Betaine, Citrus Aurantium Dulcis (Orange) Fruit Water, Glycerin, Camellia Sinensis Leaf Extract, Schizandra Chinensis Fruit Extract, Alcohol, Sodium Levulinate, Sucrose Laurate, Sodium Anisate, Citric Acid, Limonene, Parfum (Fragrance), Linalool, Geraniol.||True||810486P|||||||||5
22528|mueller||||||||2024-10-28|PAP-ART Buchstaben-Etiketten schwarz auf gold 15mm|PAP-ART||1|Stk.|Home|Schreibwaren|Bastelbedarf|Papier & Karton|PAP-ART Buchstaben-Etiketten schwarz auf gold 15mm|||1,39 €|1,39 €||||||||||||||EUR|Home> Schreibwaren> Bastelbedarf> Papier & Karton> PAP-ART Buchstaben-Etiketten schwarz auf gold 15mm|https://www.mueller.at/p/pap-art-buchstaben-etiketten-schwarz-auf-gold-15mm-22528/|1 Stk.|Die PAP-ART Buchstaben-Etiketten sind schwarz auf gold und 15mm hoch.||||||||||||||||||||||Non-Organic||||{'Inhalt': '1 Stk.', 'Produkttyp': 'Spezialpapier'}||||||||||||||0|0|22528_1.png|https://static.mueller.de/6486338074-PV-0/pdzoom/pap-art-buchstaben-etiketten-schwarz-auf-gold-15mm.webp|22528_2.png|https://static.mueller.de/6486338074-PB-1/pdzoom/pap-art-buchstaben-etiketten-schwarz-auf-gold-15mm.webp||||||||||||||||||||||||||||||1 Stk.|||True||22528P|||||||||10
2772323|mueller||||||||2024-10-28|Happy People - Einhell Kids Stichsäge|HAPPY PEOPLE||1|Stk.|Home|Spielwaren|Baby & Kleinkind|Kleinkindspielzeug|Happy People - Einhell Kids Stichsäge|||11,99 €|11,99 €||||||||||||||EUR|Home> Spielwaren> Baby & Kleinkind> Kleinkindspielzeug> Happy People - Einhell Kids Stichsäge|https://www.mueller.at/p/happy-people-einhell-kids-stichsaege-2772323/|1 Stk.|"Werden Sie ein echter Handwerker mit dieser Stichsäge von Happy People. Mit 3 LR6-Batterien betrieben, mit 3 Sägeblättern, mit realistischem Geräusch. Für echte Handwerker.
Ca. 17 x 14 x 5 cm
3 LR6 Batterien werden benötigt - nicht enthalten"||||||||3 Jahre||||||||||||||Non-Organic||||{'target_group': 'Kleinkinder', 'Artikelnummer des Herstellers': '41762', 'license': 'Einhell Kids', 'Altersempfehlung ab': '3 Jahre', 'Inhalt': '1 Stk.', 'Produkttyp': 'Kindergarten'}||||||||||||||0|0|2772323_1.png|https://static.mueller.de/7028538725-PV-0/pdzoom/happy-people-einhell-kids-stichsaege.webp||||||||||||||||||||||41762||||||||||1 Stk.|||False||2772323P|||||||||1
2772324|mueller||||||||2024-10-28|Happy People - Einhell Kids Handkreissäge|HAPPY PEOPLE||1|Stk.|Home|Spielwaren|Baby & Kleinkind|Kleinkindspielzeug|Happy People - Einhell Kids Handkreissäge|||14,99 €|14,99 €||||||||||||||EUR|Home> Spielwaren> Baby & Kleinkind> Kleinkindspielzeug> Happy People - Einhell Kids Handkreissäge|https://www.mueller.at/p/happy-people-einhell-kids-handkreissaege-2772324/|1 Stk.|"mit realistischem Geräusch. Für echte Handwerker Kids!
Ca. 25 x 15 x 18 cm
3 LR6 Batterien werden benötigt - nicht enthalten"||||||||3 Jahre||||||||||||||Non-Organic||||{'target_group': 'Kleinkinder', 'Artikelnummer des Herstellers': '41763', 'license': 'Einhell Kids', 'Altersempfehlung ab': '3 Jahre', 'Inhalt': '1 Stk.', 'Produkttyp': 'Kindergarten'}||||||||||||||0|0|2772324_1.png|https://static.mueller.de/7028538726-PV-0/pdzoom/happy-people-einhell-kids-handkreissaege.webp||||||||||||||||||||||41763||||||||||1 Stk.|||True||2772324P|||||||||10
2772325|mueller||||||||2024-10-28|Happy People - Einhell Kids Kettensäge|HAPPY PEOPLE||1|Stk.|Home|Spielwaren|Baby & Kleinkind|Kleinkindspielzeug|Happy People - Einhell Kids Kettensäge|||15,99 €|15,99 €||||||||||||||EUR|Home> Spielwaren> Baby & Kleinkind> Kleinkindspielzeug> Happy People - Einhell Kids Kettensäge|https://www.mueller.at/p/happy-people-einhell-kids-kettensaege-2772325/|1 Stk.|Einhell Kids Kettensägesich drehende Sägekette, LED Anzeige, Motorgeräusch, Ein-/Ausschalter, untereinander austauschbare Batterieeinheit||||||||3 Jahre||||||||||||||Non-Organic||||{'target_group': 'Kleinkinder', 'Artikelnummer des Herstellers': '41764', 'license': 'Einhell Kids', 'Altersempfehlung ab': '3 Jahre', 'Altersempfehlung bis': '8 Jahre', 'Materialdetails': 'Kunststoff', 'Inhalt': '1 Stk.', 'Produkttyp': 'Kindergarten'}||||||||Kunststoff||||||0|0|2772325_1.png|https://static.mueller.de/7020602285-PV-0/pdzoom/happy-people-einhell-kids-kettensaege.webp||||||||||||||||||||||41764||||||||||1 Stk.|||False||2772325P|||||||||1
2904477|mueller||||||||2024-10-28|moses. - PhänoMINT CO2-Rakete|MOSES||1|Stk.|Home|Spielwaren|Experimentieren & Forschen|moses. - PhänoMINT CO2-Rakete||||5,95 €|5,95 €||||||||||||||EUR|Home> Spielwaren> Experimentieren & Forschen> moses. - PhänoMINT CO2-Rakete|https://www.mueller.at/p/moses-phaenomint-co2-rakete-IPN2904477/|1 Stk.|"PhänoMINT – Das bedeutet: Phänomenale Experimente für neugierige Entdecker*innen im Schulkindalter. Große Themengebiete wie Mathe, Informatik, Naturwissenschaft und Technik, werden spielerisch leicht vermittelt. Durch aktives Erleben und Experimentieren kommen die Kinder den naturwissenschaftlichen Phänomenen unseres Alltags auf die Spur – großer Aha-Effekt inklusive.

3, 2, 1... und los! Diese coole Rakete ist sofort startklar. Als Treibstoff werden nur zwei simple–– Zutaten aus der Küche benötigt, und schon schießt die Rakete von der Station: Einfach Haushaltsessig und Backpulver hinzufügen und die rotblaue Kunststoffrakete startet ihren Flug. Doch wie kann das funktionieren? Im Inneren der Verpackung wird kindgerecht erklärt, welche chemische Reaktion die Rakete fliegen lässt und welche Rolle CO2 dabei spielt. Spielspaß und Wissensvermittlung werden hier spannend kombiniert!

+ inkl. spannender Informationen zum wissenschaftlichen Phänomen „Rückstoßprinzip durch Gase“ im Inneren der Verpackung

Altersempfehlung ab 8 Jahren"||||||||8 Jahre||||||||||||||Non-Organic||||"{'target_group': 'Grundschüler|Jugendliche', 'Artikelnummer des Herstellers': '30342', 'Altersempfehlung ab': '8 Jahre', 'Inhalt': '1 Stk.', 'Produkttyp': 'Physik Kästen'}"||||||||||||||0|0|2904477_1.png|https://static.mueller.de/pdzoom/4033477303424.webp|2904477_2.png|https://static.mueller.de/pdzoom/4033477303424_4.webp|2904477_3.png|https://static.mueller.de/pdzoom/4033477303424_3.webp|2904477_4.png|https://static.mueller.de/pdzoom/4033477303424_2.webp||||||||||||||||30342||||||||||1 Stk.|||False||2904477P|||||||||1
2062796|mueller||||||||2024-10-28|Wie ein Feuerwerk|||1|Stk.|Home|Multi-Media|Musik|Volksmusik|Wie ein Feuerwerk|||5,99 €|5,99 €||||||||||||||EUR|Home> Multi-Media> Musik> Volksmusik> Wie ein Feuerwerk|https://www.mueller.at/p/wie-ein-feuerwerk-2062796/|1 Stk.|||||||||||||||||||||||Non-Organic||||{'medium': 'CD', 'Künstler': 'Amigos', 'Inhalt': '1 Stk.', 'Anzahl Medien im Artikel': '1', 'genre': 'Volkstümliche Musik', 'Label': 'SONY MUSIC'}||||||||||||||0|0|2062796_1.png|https://static.mueller.de/pdzoom/phononet_0889853265329_pv_0889853265329-0600px-001.webp|2062796_2.png|https://static.mueller.de/pdzoom/phononet_0889853265329_pr_0889853265329-0600px-002.webp|2062796_3.png|https://static.mueller.de/5522430953-PR-1/pdzoom/wie-ein-feuerwerk.webp||||||||||||||||||||||||||||1 Stk.|||True||2062796P|||||||||5
2904479|mueller||||||||2024-10-28|moses. - PhänoMINT Bausatz Rennwagen mit Gummimotor|MOSES||1|Stk.|Home|Spielwaren|Experimentieren & Forschen|moses. - PhänoMINT Bausatz Rennwagen mit Gummimotor||||7,95 €|7,95 €||||||||||||||EUR|Home> Spielwaren> Experimentieren & Forschen> moses. - PhänoMINT Bausatz Rennwagen mit Gummimotor|https://www.mueller.at/p/moses-phaenomint-bausatz-rennwagen-mit-gummimotor-IPN2904479/|1 Stk.|"PhänoMINT – Das bedeutet: Phänomenale Experimente für neugierige Entdecker*innen im Schulkindalter. Große Themengebiete wie Mathe, Informatik, Naturwissenschaft und Technik, werden spielerisch leicht vermittelt. Durch aktives Erleben und Experimentieren kommen die Kinder den naturwissenschaftlichen Phänomenen unseres Alltags auf die Spur – großer Aha-Effekt inklusive.

Aus dem Weg! Der PhänoMINT Bausatz Rennwagen verspricht rasanten Spielspaß mit Wissensfaktor. Kinderleicht und ohne Klebstoff entsteht aus dem Bausatz ein Holz-Rennwagen mit Gummimotor, der durch das Kinderzimmer flitzen kann. Ganz nebenbei lernen Kinder, wie ein Gummiantrieb funktioniert.

+ Rennwagen aus Holz mit Gummimotor
+ inkl. bebilderter Bauanleitung und spannender
Informationen zum wissenschaftlichen Phänomen
„kinetische Energie“"||||||||6 Jahre||||||||||||||Non-Organic||||"{'target_group': 'Grundschüler|Jugendliche', 'Artikelnummer des Herstellers': '030343', 'Altersempfehlung ab': '6 Jahre', 'Inhalt': '1 Stk.', 'Produkttyp': 'Physik Kästen'}"||||||||||||||0|0|2904479_1.png|https://static.mueller.de/pdzoom/4033477303431.webp|2904479_2.png|https://static.mueller.de/pdzoom/4033477303431_2.webp|2904479_3.png|https://static.mueller.de/pdzoom/4033477303431_3.webp||||||||||||||||||030343||||||||||1 Stk.|||False||2904479P|||||||||1
2904482|mueller||||||||2024-10-28|moses. - Spieleimer zum Baden und Planschen|MOSES||1|Stk.|Home|Spielwaren|Baby & Kleinkind|Kleinkindspielzeug|moses. - Spieleimer zum Baden und Planschen|||12,95 €|12,95 €|12,95 €|10,99 €||||15%|Sie sparen 15%|||||||EUR|Home> Spielwaren> Baby & Kleinkind> Kleinkindspielzeug> moses. - Spieleimer zum Baden und Planschen|https://www.mueller.at/p/moses-spieleimer-zum-baden-und-planschen-IPN2904482/|1 Stk.|"Mit den bunten Spieleimern zum Baden und Planschen haben Kleinkinder jede Menge Spaß im Sandkasten, am Strand und am Pool. Ob für Wasserspiele, zum Stapeln oder zum Bauen: Dank der unterschiedlichen Löcher in der Unterseite der vier Eimer ist vielfältiger Spielspaß garantiert. Die niedlichen Eimer werden geschmückt von fröhlichen Tierchen, die sofort gute Laune machen. Ein Muss für den nächsten Urlaub am Meer oder den Ausflug zum Spielplatz!

+ Set mit 4 fröhlich gestalteten Eimern mit unterschiedlichen Löchern in der Unterseite
+ zum Spielen, Planschen und Stapeln
+ ideal für Sandkasten, Strand, Pool und Planschbecken"||||||||12 Monate||||||||||||||Non-Organic||||"{'target_group': 'Kleinkinder|Kindergartenkinder', 'Artikelnummer des Herstellers': '38151', 'Altersempfehlung ab': '12 Monate', 'Inhalt': '1 Stk.', 'Produkttyp': 'Bade- und Wasserspielzeug'}"||||||||||||||0|0|2904482_1.png|https://static.mueller.de/pdzoom/4033477381514.webp|2904482_2.png|https://static.mueller.de/pdzoom/4033477381514_3.webp|2904482_3.png|https://static.mueller.de/pdzoom/4033477381514_4.webp|2904482_4.png|https://static.mueller.de/pdzoom/4033477381514_2.webp||||||||||||||||38151||||||||||1 Stk.|||False||2904482P|||||||||1
2023126|mueller||||||||2024-10-28|WESTMARK Schale rund Ø29|WESTMARK||1|Stk.|Home|Haushalt|Kochen & Backen|Aufbewahrung|Brotkästen|WESTMARK Schale rund Ø29||18,99 €|18,99 €|18,99 €|15,99 €||||16%|Sie sparen 16%|||||||EUR|Home> Haushalt> Kochen & Backen> Aufbewahrung> Brotkästen> WESTMARK Schale rund Ø29|https://www.mueller.at/p/westmark-schale-rund-29-IPN2023126/|1 Stk.|"
flexibel
lebensmittelecht, hygienisch
farbbeständig, geruchsneutral
kann problemlos für längere Zeit im Wasser stehen
hitzebeständig bis 70°C/ 158°F
ideal für Privathaushalte und Gastronomie
"||||||||||||||||||||||Non-Organic||||"{'Geeignet für': 'Spuelmaschinen', 'Gewicht': '187', 'manufacturer': 'Westmark GmbH', 'Herstelleradresse': 'Bielefelder Straße 125, DE-57368 Lennestadt-Elspe', 'Kontaktmöglichkeit': 'info@westmark.de | www.westmark.de', 'Materialdetails': 'PP', 'Material': 'Polypropylen', 'product_property': 'hitzebständig', 'Höhe': '8 cm', 'Durchmesser': '29 cm', 'Inhalt': '1 Stk.'}"||||||||PP||||||0|0|2023126_1.png|https://static.mueller.de/pdzoom/4013023145265_1.webp|2023126_2.png|https://static.mueller.de/pdzoom/4013023145265_8.webp|2023126_3.png|https://static.mueller.de/pdzoom/4013023145265_6.webp|2023126_4.png|https://static.mueller.de/pdzoom/4013023145265_7.webp|2023126_5.png|https://static.mueller.de/pdzoom/4013023145265_5.webp|2023126_6.png|https://static.mueller.de/pdzoom/4013023145265_4.webp||||||||||||Westmark GmbH||||||||||1 Stk.|||True||2023126P|||||Spuelmaschinen||||10
2904464|mueller||||||||2024-10-28|Coca-Cola Zero Zucker Zero Koffein|COCA-COLA||1|l|Home|Drogerie|Lebensmittel|Getränke|Limonaden|Coca-Cola Zero Zucker Zero Koffein||1,89 €|1,89 €|||||||||||1,89 € / 1 l|||EUR|Home> Drogerie> Lebensmittel> Getränke> Limonaden> Coca-Cola Zero Zucker Zero Koffein|https://www.mueller.at/p/coca-cola-zero-zucker-zero-koffein-IPN2904464/|1 l|Kalorienfreies Cola-Erfrischungsgetränk ohne Koffein. Mit Süßungsmitteln.||Bei Raumtemperatur, trocken, geruchsfrei sowie vor Wärme / Sonnenlicht geschützt lagern.|||||||||{'Nährwerte je': '100 ml', 'Brennwert': '0,9 kj / 0,2 kcal', 'Fett in g': '0', '- davon gesättigte Fettsäuren in g': '0', 'Kohlenhydrate in g': '0', '- davon Zucker in g': '0', 'Eiweiß in g': '0', 'Salz in g': '0,02'}|||||||||||Non-Organic||||{'Lagerhinweis': 'Bei Raumtemperatur, trocken, geruchsfrei sowie vor  Wärme / Sonnenlicht geschützt lagern.', 'manufacturer': 'Coca-Cola HBC Austria GmbH', 'Herstelleradresse': 'Clemens-Holzmeister-Straße 6, A-1100 Wien', 'Kontaktmöglichkeit': 'info@coke.at', 'Inhalt': '1 l', 'Zutaten': 'Wasser, Kohlensäure, Farbstoff: E 150d, Süßungsmittel Cyclamat, Acesulfam K und Aspartam, Säuerungsmittel E 338, natürliche Aromen, Säureregulator: Natriumcitrate.', 'Produkttyp': 'Limonaden'}||||||||||||||0|0|2904464_1.png|https://static.mueller.de/pdzoom/5449000195906.webp||||||||||||||||||||||Coca-Cola HBC Austria GmbH||||||||||1 l|||True||2904464P|||||||||10
2904465|mueller||||||||2024-10-28|moses. - Expedition Natur Klappbares Schnitzmesser mit Holzgriff|MOSES||1|Stk.|Home|Spielwaren|Sport & Outdoor|Sand- & Gartenspiele|moses. - Expedition Natur Klappbares Schnitzmesser mit Holzgriff|||17,99 €|17,99 €||||||||||||||EUR|Home> Spielwaren> Sport & Outdoor> Sand- & Gartenspiele> moses. - Expedition Natur Klappbares Schnitzmesser mit Holzgriff|https://www.mueller.at/p/moses-expedition-natur-klappbares-schnitzmesser-mit-holzgriff-IPN2904465/|1 Stk.|"Das klappbare Schnitzmesser mit Holzgriff ist ein zuverlässiger Begleiter im Alltag sowie bei großen und kleinen Abenteuern im Grünen. Mit einem Karabiner kann das Messer am Rucksack, der Tasche oder der Jacke befestigt und bei Bedarf schnell vom Haken gelöst werden. Dank der abgerundeten Spitze wird auch Kindern ein problemloser und sicherer Umgang mit dem Schnitzmesser ermöglicht – so steht dem kreativen Äste-Schnitzen nichts mehr im Wege. Ob zum Zurechtschnitzen der Halterungen für Stockbrot am gemütlichen Campingfeuer, als vielseitig einsetzbare Ausrüstung bei der Wanderung durch den Wald oder zum Basteln mit Naturmaterialien: Dieses Schnitzmesser darf bei kleinen Entdecker*innen nicht fehlen.

+ zusammenklappbares Schnitzmesser
+ mit ergonomisch geformtem Holzgriff
+ Klinge mit abgerundeter Spitze aus rostfreiem Edelstahl
+ mit praktischem Trageband inklusive Karabiner
+ Aufbewahrungstasche mit Gürtelschlaufe"||||||||8 Jahre||||||||||||||Non-Organic||||"{'target_group': 'Grundschüler|Jugendliche', 'Artikelnummer des Herstellers': '9859', 'Altersempfehlung ab': '8 Jahre', 'Inhalt': '1 Stk.', 'Produkttyp': 'Sonstiges Gartenspielzeug'}"||||||||||||||0|0|2904465_1.png|https://static.mueller.de/pdzoom/4033477098597.webp|2904465_2.png|https://static.mueller.de/pdzoom/4033477098597_2.webp|2904465_3.png|https://static.mueller.de/pdzoom/4033477098597_4.webp|2904465_4.png|https://static.mueller.de/pdzoom/4033477098597_3.webp||||||||||||||||9859||||||||||1 Stk.|||False||2904465P|||||||||1
2904468|mueller||||||||2024-10-28|moses. - 50 coole Karten - Scherzfragen zum Schlapplachen|MOSES||1|Stk.|Home|Spielwaren|Spiele & Puzzles|Spiele|Kinderspiele|moses. - 50 coole Karten - Scherzfragen zum Schlapplachen||8,95 €|8,95 €|8,95 €|7,99 €||||11%|Sie sparen 11%|||||||EUR|Home> Spielwaren> Spiele & Puzzles> Spiele> Kinderspiele> moses. - 50 coole Karten - Scherzfragen zum Schlapplachen|https://www.mueller.at/p/moses-50-coole-karten-scherzfragen-zum-schlapplachen-IPN2904468/|1 Stk.|"Wann sind wir da? Was machen wir heute? Mir ist so langweilig! Hört man das öfters, dann muss schnell mal eine Idee her. Bei den 50er Kartensets gehen die Ideen niemals aus. Auf 50 Karten werden zu den verschiedensten Themen Tipps, Tricks, Spiele und Quizfragen gegen Langeweile gesammelt. Egal ob in den Ferien, bei Krankheit, auf der Reise oder in der Schule, nahezu überall können die 50er Kartensets dank handlicher Schachtel mithingenommen werden. So kommt garantiert keine Langeweile mehr auf!

Wie nennt man einen verschmusten Wal? – Muckelwal natürlich. Über 50 Scherzfragen zum Kaputtlachen und immer wieder lesen – Lachspaß für Jung und Alt garantiert!

+ vierfarbig illustriert
+ 50 Karten mit Leporello in einer Schachtel


Illustration und Text: Charlotte Wagner
und Ari Plikat"||||||||6 Jahre||||||||||||||Non-Organic||||{'target_group': 'Grundschüler', 'Artikelnummer des Herstellers': '030255', 'Altersempfehlung ab': '6 Jahre', 'Inhalt': '1 Stk.', 'Produkttyp': 'Quiz'}||||||||||||||0|0|2904468_1.png|https://static.mueller.de/pdzoom/4033477302557.webp|2904468_2.png|https://static.mueller.de/pdzoom/4033477302557_2.webp|2904468_3.png|https://static.mueller.de/pdzoom/4033477302557_3.webp||||||||||||||||||030255||||||||||1 Stk.|||False||2904468P|||||||||1
2904470|mueller||||||||2024-10-28|moses. - 50 knifflige Logikrätsel|MOSES||1|Stk.|Home|Spielwaren|Spiele & Puzzles|Spiele|Kinderspiele|moses. - 50 knifflige Logikrätsel||8,95 €|8,95 €|8,95 €|6,99 €||||22%|Sie sparen 22%|||||||EUR|Home> Spielwaren> Spiele & Puzzles> Spiele> Kinderspiele> moses. - 50 knifflige Logikrätsel|https://www.mueller.at/p/moses-50-knifflige-logikraetsel-IPN2904470/|1 Stk.|"Wann sind wir da? Was machen wir heute? Mir ist so langweilig! Hört man das öfters, dann muss schnell mal eine Idee her. Bei den 50er Kartensets gehen die Ideen niemals aus. Auf 50 Karten werden zu den verschiedensten Themen Tipps, Tricks, Spiele und Quizfragen gegen Langeweile gesammelt. Egal ob in den Ferien, bei Krankheit, auf der Reise oder in der Schule, nahezu überall können die 50er Kartensets dank handlicher Schachtel mithingenommen werden. So kommt garantiert keine Langeweile mehr auf!

Knobelige Denksportaufgaben und knifflige Logikrätsel für Kinder, die die kleinen grauen Zellen so richtig beanspruchen. Der perfekte Begleiter auf Reisen oder gegen kurze Langeweile zwischendurch!

+ vierfarbig illustriert
+ 50 Karten mit Leporello in einer Schachtel

Text: Philip Kiefer
Illustrationen: Petra Eimer"||||||||8 Jahre||||||||||||||Non-Organic||||"{'target_group': 'Grundschüler|Jugendliche', 'Artikelnummer des Herstellers': '030256', 'Altersempfehlung ab': '8 Jahre', 'Inhalt': '1 Stk.', 'Produkttyp': 'Quiz'}"||||||||||||||0|0|2904470_1.png|https://static.mueller.de/pdzoom/4033477302564.webp|2904470_2.png|https://static.mueller.de/pdzoom/4033477302564_3.webp|2904470_3.png|https://static.mueller.de/pdzoom/4033477302564_2.webp||||||||||||||||||030256||||||||||1 Stk.|||False||2904470P|||||||||1
2904471|mueller||||||||2024-10-28|moses. - PhänoMINT Luftdruck-Rakete|MOSES||1|Stk.|Home|Spielwaren|Experimentieren & Forschen|moses. - PhänoMINT Luftdruck-Rakete||||18,99 €|18,99 €||||||||||||||EUR|Home> Spielwaren> Experimentieren & Forschen> moses. - PhänoMINT Luftdruck-Rakete|https://www.mueller.at/p/moses-phaenomint-luftdruck-rakete-IPN2904471/|1 Stk.|"PhänoMINT – Das bedeutet: Phänomenale Experimente für neugierige Entdecker im Schulkindalter. Große Themengebiete wie Mathe, Informatik, Naturwissenschaft und Technik, werden spielerisch leicht vermittelt. Durch aktives Erleben und Experimentieren kommen die Kinder den naturwissenschaftlichen Phänomenen unseres Alltags auf die Spur – großer Aha-Effekt inklusive.

Volle Kraft voraus! Mit den PhänoMINT Luftdruck-Raketen können Kinder die physikalischen Grundlagen des Raketenantriebs selbst ausprobieren. Sie können beobachten, wie der Luftdruck, der beim Tritt auf das Luftkissen entsteht, die drei bunten Raketen von der Abschussrampe abheben lässt. So haben Kinder nicht nur spannenden Spielspaß, sondern lernen dank der beiliegenden Informationen auch jede Menge über die physikalischen Prinzipien von Raketen, zum Beispiel wie der Gasrückstoß echte Raketen durch Schubkraft bewegt.

+ 3 bunte, leichte Luftdruck-Rakete und 1 Abschussrampe samt Luftkissen
+ Set besteht aus Einzelteilen und kann einfach zusammengesteckt werden
+ inklusive spannender Informationen zu den physikalischen Prinzipien einer Rakete im Inneren der Verpackung
+ Box: ca. 32 cm x 24 cm x 9 cm"||||||||8 Jahre||||||||||||||Non-Organic||||"{'target_group': 'Grundschüler|Jugendliche', 'Artikelnummer des Herstellers': '30321', 'Altersempfehlung ab': '8 Jahre', 'Inhalt': '1 Stk.', 'Produkttyp': 'Physik Kästen'}"||||||||||||||0|0|2904471_1.png|https://static.mueller.de/pdzoom/4033477303219.webp|2904471_2.png|https://static.mueller.de/pdzoom/4033477303219_3.webp|2904471_3.png|https://static.mueller.de/pdzoom/4033477303219_2.webp||||||||||||||||||30321||||||||||1 Stk.|||False||2904471P|||||||||1
2904473|mueller||||||||2024-10-28|moses. - PhänoMINT Klick-Klack-Kugelpendel|MOSES||1|Stk.|Home|Spielwaren|Experimentieren & Forschen|moses. - PhänoMINT Klick-Klack-Kugelpendel||||9,95 €|9,95 €|9,95 €|7,99 €||||20%|Sie sparen 20%|||||||EUR|Home> Spielwaren> Experimentieren & Forschen> moses. - PhänoMINT Klick-Klack-Kugelpendel|https://www.mueller.at/p/moses-phaenomint-klick-klack-kugelpendel-IPN2904473/|1 Stk.|"PhänoMINT – Das bedeutet: Phänomenale Experimente für neugierige Entdecker*innen im Schulkindalter. Große Themengebiete wie Mathe, Informatik, Naturwissenschaft und Technik, werden spielerisch leicht vermittelt. Durch aktives Erleben und Experimentieren kommen die Kinder den naturwissenschaftlichen Phänomenen unseres Alltags auf die Spur – großer Aha-Effekt inklusive.

Mit leisem Klick-Klack schwingen die Metallkugeln hin und her und sorgen für einen faszinierenden Anblick. Welche geheimnisvolle Kraft bewirkt die Kugelschwingungen an beiden Enden? Spannende Informationen zum wissenschaftlichen Phänomen „Impulserhaltungsgesetz“ im Inneren der Verpackung liefern die Antwort. Das Kugelpendel ist ein toller Hingucker auf dem Schreibtisch im Kinderzimmer und lädt zum sofortigen Ausprobieren ein.

+ aus Kunststoff; Kugeln aus Stahl
+ inklusive spannender Informationen zum wissenschaftlichen Phänomen „Impulserhaltungssatz“ im Inneren der Verpackung"||||||||8 Jahre||||||||||||||Non-Organic||||"{'target_group': 'Grundschüler|Jugendliche', 'Artikelnummer des Herstellers': '30333', 'Altersempfehlung ab': '8 Jahre', 'Inhalt': '1 Stk.', 'Produkttyp': 'Physik Kästen'}"||||||||||||||0|0|2904473_1.png|https://static.mueller.de/pdzoom/4033477303332.webp|2904473_2.png|https://static.mueller.de/pdzoom/4033477303332_3.webp|2904473_3.png|https://static.mueller.de/pdzoom/4033477303332_2.webp||||||||||||||||||30333||||||||||1 Stk.|||False||2904473P|||||||||1
2023128|mueller||||||||2024-10-28|WESTMARK Korb rechteckig 31x21x9cm|WESTMARK||1|Stk.|Home|Haushalt|Kochen & Backen|Aufbewahrung|Brotkästen|WESTMARK Korb rechteckig 31x21x9cm||14,99 €|14,99 €|14,99 €|12,99 €||||13%|Sie sparen 13%|||||||EUR|Home> Haushalt> Kochen & Backen> Aufbewahrung> Brotkästen> WESTMARK Korb rechteckig 31x21x9cm|https://www.mueller.at/p/westmark-korb-rechteckig-31x21x9cm-IPN2023128/|1 Stk.|"
flexibel
lebensmittelecht, hygienisch
farbbeständig, geruchsneutral
kann problemlos für längere Zeit im Wasser stehen
hitzebeständig bis 70°C/ 158°F
ideal für Privathaushalte und Gastronomie
"||||||||||||||||||||||Non-Organic||||"{'Gewicht': '187', 'Geeignet für': 'Spuelmaschinen', 'manufacturer': 'Westmark GmbH', 'Herstelleradresse': 'Bielefelder Straße 125, DE-57368 Lennestadt-Elspe', 'Kontaktmöglichkeit': 'info@westmark.de | www.westmark.de', 'Materialdetails': 'PP', 'Material': 'Polypropylen', 'product_property': 'hitzebständig', 'Höhe': '9 cm', 'Breite': '21 cm', 'Tiefe': '31 cm', 'Inhalt': '1 Stk.'}"||||||||PP||||||0|0|2023128_1.png|https://static.mueller.de/pdzoom/4013023147443_1.webp|2023128_2.png|https://static.mueller.de/pdzoom/4013023147443_8.webp|2023128_3.png|https://static.mueller.de/pdzoom/4013023147443_3.webp|2023128_4.png|https://static.mueller.de/pdzoom/4013023147443_2.webp|2023128_5.png|https://static.mueller.de/pdzoom/4013023147443_5.webp|2023128_6.png|https://static.mueller.de/pdzoom/4013023147443_7.webp||||||||||||Westmark GmbH||||||||||1 Stk.|||False||2023128P|||||Spuelmaschinen||||1
2483386|mueller||||||||2024-10-28|Die Spiegelburg - Felix, 40 cm|DIE SPIEGELBURG||1|Stk.|Home|Spielwaren|Kuscheltiere & Puppen|Kuscheltiere|Stofftiere|Die Spiegelburg - Felix, 40 cm||25,95 €|25,95 €||||||||||||||EUR|Home> Spielwaren> Kuscheltiere & Puppen> Kuscheltiere> Stofftiere> Die Spiegelburg - Felix, 40 cm|https://www.mueller.at/p/die-spiegelburg-felix-40-cm-2483386/|1 Stk.|Plüsch-Felix, ca. 40 cmDer kuschelige Plüschhase Felix begleitet dich überall hin. Sein Glöckcken weist dir fröhlich den Weg.||||||||2 Jahre||||||||||||||Non-Organic||||"{'target_group': 'Kindergartenkinder|Kleinkinder', 'Artikelnummer des Herstellers': '5347', 'license': 'Die Spiegelburg - Felix', 'Altersempfehlung ab': '2 Jahre', 'Altersempfehlung bis': '10 Jahre', 'Tierart': 'Hase', 'Materialdetails': 'Plüsch', 'Inhalt': '1 Stk.', 'Genre | Spielmotivation': 'Spielen', 'Produkttyp': 'Kuschelartikel'}"||||||||Plüsch||||||0|0|2483386_1.png|https://static.mueller.de/6917230826-PB-0/pdzoom/die-spiegelburg-felix-40-cm.webp|2483386_2.png|https://static.mueller.de/6917230826-PB-1/pdzoom/die-spiegelburg-felix-40-cm.webp||||||||||||||||||||5347||||||||||1 Stk.|||True||2483386P|||||||||10
2458312|mueller||||||||2024-10-28|Home-Fashion Tissue-Serviette 25x25 cm|HOME-FASHION||20|Stk.|Home|Drogerie|Haushalt|Papierartikel|Servietten|Home-Fashion Tissue-Serviette 25x25 cm||2,49 €|2,49 €|||||||||||1,25 € / 10 Stk.|||EUR|Home> Drogerie> Haushalt> Papierartikel> Servietten> Home-Fashion Tissue-Serviette 25x25 cm|https://www.mueller.at/p/home-fashion-tissue-serviette-25x25-cm-IPN2458312/|20 Stk.|Home-Fashion Tissue-Serviette 25x25 cm||||||||||||||||||||||Non-Organic||||{'Gewicht': '70', 'Pflegehinweis': 'nicht waschbar; Einweg-Material', 'manufacturer': 'Carl Dietrich GmbH', 'Herstelleradresse': 'Finsterau 31 F, 09518 Großrückerswalde', 'Kontaktmöglichkeit': 'info@carldietrich.de', 'Materialdetails': 'Zellstoff, Farbe lebensmittelecht', 'Farbe': 'taupe', 'Höhe': '25 cm', 'Breite': '25 cm', 'Tiefe': '2 cm', 'Inhalt': '20 Stk.'}||||||taupe||Zellstoff, Farbe lebensmittelecht||||||0|0|2458312_1.png|https://static.mueller.de/pdzoom/4022664103923_aa.webp||||||||||||||||nicht waschbar; Einweg-Material||||||Carl Dietrich GmbH||||||||||20 Stk.|||False||2458312P|||||||||1
2458313|mueller||||||||2024-10-28|Home-Fashion Tissue-Serviette 33x33 cm|HOME-FASHION||20|Stk.|Home|Drogerie|Haushalt|Papierartikel|Servietten|Home-Fashion Tissue-Serviette 33x33 cm||2,99 €|2,99 €|||||||||||1,50 € / 10 Stk.|||EUR|Home> Drogerie> Haushalt> Papierartikel> Servietten> Home-Fashion Tissue-Serviette 33x33 cm|https://www.mueller.at/p/home-fashion-tissue-serviette-33x33-cm-IPN2458313/|20 Stk.|Home-Fashion Tissue-Serviette 33x33 cm||||||||||||||||||||||Non-Organic||||{'Gewicht': '125', 'manufacturer': 'Carl Dietrich GmbH', 'Herstelleradresse': 'Finsterau 31 F, 09518 Großrückerswalde', 'Kontaktmöglichkeit': 'info@carldietrich.de', 'Materialdetails': 'Zellstoff, Farbe lebensmittelecht', 'Farbe': 'taupe', 'Höhe': '33 cm', 'Breite': '33 cm', 'Tiefe': '2 cm', 'Inhalt': '20 Stk.'}||||||taupe||Zellstoff, Farbe lebensmittelecht||||||0|0|2458313_1.png|https://static.mueller.de/pdzoom/4022664227872_aa.webp||||||||||||||||||||||Carl Dietrich GmbH||||||||||20 Stk.|||True||2458313P|||||||||5
2351770|mueller||||||||2024-10-28|Peleg Halterung für Rasierer Mr.Razor|PELEG||1|Stk.|Home|Haushalt|Wohnen & Dekorieren|Badausstattung|Badaccessoires|Peleg Halterung für Rasierer Mr.Razor||14,90 €|14,90 €||||||||||||||EUR|Home> Haushalt> Wohnen & Dekorieren> Badausstattung> Badaccessoires> Peleg Halterung für Rasierer Mr.Razor|https://www.mueller.at/p/peleg-halterung-fuer-rasierer-mr-razor-2351770/|1 Stk.|Befestigung via Saugnapf   Maße: 11 x 16 x 6 cm||||||||||||||||||||||Non-Organic||||{'Pflegehinweis': 'von Hand waschen', 'Inhalt': '1 Stk.'}||||||||||||||2.0|1|2351770_1.png|https://static.mueller.de/6820283219-PV-0/pdzoom/peleg-halterung-fuer-rasierer-mr-razor.webp|2351770_2.png|https://static.mueller.de/6820283219-PB-1/pdzoom/peleg-halterung-fuer-rasierer-mr-razor.webp|2351770_3.png|https://static.mueller.de/6820283219-PB-2/pdzoom/peleg-halterung-fuer-rasierer-mr-razor.webp|2351770_4.png|https://static.mueller.de/6820283219-PB-3/pdzoom/peleg-halterung-fuer-rasierer-mr-razor.webp||||||||||von Hand waschen||||||||||||||||1 Stk.|||True||2351770P|||||||||10
2904432|mueller||||||||2024-10-28|Blink Hebelkorkenzieher|BLINK||1|Stk.|Home|Haushalt|Essen & Trinken|Barzubehör|Flaschenöffner|Blink Hebelkorkenzieher||6,99 €|6,99 €||||||||||||||EUR|Home> Haushalt> Essen & Trinken> Barzubehör> Flaschenöffner> Blink Hebelkorkenzieher|https://www.mueller.at/p/blink-hebelkorkenzieher-IPN2904432/|1 Stk.|"Mit dem Blink Hebelkorkenzieher öffnen Sie sauber und ohne Anstrengung jede Weinflasche. Der Küchenhelfer besticht durch sein zeitloses Design. Die Spirale ist aus antihaftbeschichtetem Material gefertigt und lässt sich sehr leicht in den Korken hineindrehen. Beim Herausdrehen wird die Flasche durch die Kunststoffumkleidung geschützt.
Anwendung:

Flasche per Hand fixieren und die Spirale in den Korken hineindrehen (Hebel nicht festhalten)
Wenn beide Hebel oben sind, diese seitlich runterdrücken und der Korken wird ganz leicht aus dem Flaschenhals gehebelt.
"||||||||||||||||||||||Non-Organic||||{'manufacturer': 'Acme United Europe GmbH', 'Herstelleradresse': 'Junkerstraße 13-15, 42699 Solingen', 'Kontaktmöglichkeit': 'www.mueller.eu', 'Materialdetails': 'Zinklegierung mit Perlnickel Schraube: 45# Stahl mit Teflon PP Kunststoff', 'Farbe': 'Silber', 'Höhe': '17.5 cm', 'Inhalt': '1 Stk.'}||||||Silber||Zinklegierung mit Perlnickel Schraube: 45# Stahl mit Teflon PP Kunststoff||||||0|0|2904432_1.png|https://static.mueller.de/pdzoom/2200290443206-VS.webp||||||||||||||||||||||Acme United Europe GmbH||||||||||1 Stk.|||True||2904432P|||||||||10
2904433|mueller||||||||2024-10-28|Coca-Cola Vanilla|COCA-COLA||330|ml|Home|Drogerie|Lebensmittel|Getränke|Limonaden|Coca-Cola Vanilla||1,25 €|1,25 €|||||||||||3,79 € / 1 l|||EUR|Home> Drogerie> Lebensmittel> Getränke> Limonaden> Coca-Cola Vanilla|https://www.mueller.at/p/coca-cola-vanilla-IPN2904433/|330 ml|Cola- Erfrischungsgetränk mit Vanillearoma.||Bei Raumtemperatur, trocken, geruchsfrei sowie vor Wärme / Sonnenlicht geschützt lagern.|||||||||{'Nährwerte je': '100 ml', 'Brennwert': '190 kj / 45 kcal', 'Fett in g': '0', '- davon gesättigte Fettsäuren in g': '0', 'Kohlenhydrate in g': '11,2', '- davon Zucker in g': '11,2', 'Eiweiß in g': '0', 'Salz in g': '0'}|||||||||||Non-Organic||||{'Lagerhinweis': 'Bei Raumtemperatur, trocken, geruchsfrei sowie vor  Wärme / Sonnenlicht geschützt lagern.', 'manufacturer': 'Coca-Cola HBC Austria GmbH', 'Herstelleradresse': 'Clemens-Holzmeister-Straße 6, A-1100 Wien', 'Kontaktmöglichkeit': 'info@coke.at', 'Inhalt': '330 ml', 'Zutaten': 'Wasser, Zucker, Kohlensäure, Farbstoff E 150d, Säuerungsmittel E338, Aromen inklusive Koffein.', 'Produkttyp': 'Limonaden'}||||||||||||||0|0|2904433_1.png|https://static.mueller.de/pdzoom/5449000284617.webp||||||||||||||||||||||Coca-Cola HBC Austria GmbH||||||||||330 ml|||True||2904433P|||||||||10
442347|mueller||||||||2024-10-28|KORRES Aloe & Dittany Shampoo|KORRES||250|ml|Home|Parfümerie|Pflege|Haarpflege|Haarwäsche|KORRES Aloe & Dittany Shampoo||12,90 €|12,90 €|||||||||||51,60 € / 1 l|||EUR|Home> Parfümerie> Pflege> Haarpflege> Haarwäsche> KORRES Aloe & Dittany Shampoo|https://www.mueller.at/p/korres-aloe-dittany-shampoo-442347/|250 ml|Das milde Shampoo basiert auf einer Mischung aus reinigenden und pflegenden Substanzen und ist ideal für die tägliche Anwendung. Aloe, reich an Proteinen und Aminosäuren, sorgt für einen ausgewogenen Feuchtigkeitszustand des Haares und verbessert die Elastizität. Kretischer Diktam hält mit seiner milden, antiseptischen Wirkung die Epidermis der Kopfhaut im Gleichgewicht.||||||||||||||||||||||Non-Organic||||"{'PH-Hautneutral': 'Ja', 'hair_type': 'normales Haar', 'Effekt': 'pflegend', 'target_group': 'Damen|Herren|Unisex', 'manufacturer': 'KORRES D-A-CH GmbH', 'Herstelleradresse': 'Max-Planck-Straße 6, DE-85609 Aschheim-Dornach', 'Kontaktmöglichkeit': 'kontakt@korres-dach.de', 'Anwendungshinweis': 'In das feuchte Haar einmassieren und gut ausspülen. Bei Bedarf wiederholen.', 'package_contents': 'Aqua /Water/ Eau,\nSodium Laureth Sulfate, Cocamidopropyl Betaine,\nGlycerin, Aloe Barbadensis Leaf Juice,\nCocamidopropyl Hydroxylsultaine, Sodium Lauryl\nGlucose Carboxylate, Decyl Glucoside, Lauryl\nGlucoside, Parfum (Fragrance), Benzyl Alcohol,\nBiotin, Caprylyl Glycol, Citronellol, Coco-Betaine,\nDicaprylyl Ether, Glyceryl Caprylate, Glyceryl\nOleate, Guar Hydroxypropyltrimonium Chloride,\nHexyl Cinnamal, Hydrolyzed Wheat Protein,\nHydrolyzed Wheat Starch, Lactic Acid, Lactitol,\nLevulinic Acid, Limonene, Niacinamide, Origanum\nDictamnus Flower/ Leaf/ Stem Extract, Origanum\nMajorana Leaf Extract, Panthenol, Phenoxyethanol,\nPhenylpropanol, Polyquaternium-10, Potassium\nSorbate, Sideritis Syriaca Extract, Sodium Benzoate,\nSodium Cocoyl Isethionate, Sodium Levulinate,\nSodium Methyl Cocoyl Taurate, Tetrasodium\nGlutamate Diacetate, Tocopherol, Xylitol.', 'product_property': 'aufbauend', 'Inhalt': '250 ml', 'Produkttyp': 'Haarshampoo'}"||||||||||||||5.0|1|442347_1.png|https://static.mueller.de/250571033-PV-0/pdzoom/korres-aloe-dittany-shampoo.webp|442347_2.png|https://static.mueller.de/250571033-PR-1/pdzoom/korres-aloe-dittany-shampoo.webp||||||||||||||||||||KORRES D-A-CH GmbH||||||||||250 ml|"Aqua /Water/ Eau,
Sodium Laureth Sulfate, Cocamidopropyl Betaine,
Glycerin, Aloe Barbadensis Leaf Juice,
Cocamidopropyl Hydroxylsultaine, Sodium Lauryl
Glucose Carboxylate, Decyl Glucoside, Lauryl
Glucoside, Parfum (Fragrance), Benzyl Alcohol,
Biotin, Caprylyl Glycol, Citronellol, Coco-Betaine,
Dicaprylyl Ether, Glyceryl Caprylate, Glyceryl
Oleate, Guar Hydroxypropyltrimonium Chloride,
Hexyl Cinnamal, Hydrolyzed Wheat Protein,
Hydrolyzed Wheat Starch, Lactic Acid, Lactitol,
Levulinic Acid, Limonene, Niacinamide, Origanum
Dictamnus Flower/ Leaf/ Stem Extract, Origanum
Majorana Leaf Extract, Panthenol, Phenoxyethanol,
Phenylpropanol, Polyquaternium-10, Potassium
Sorbate, Sideritis Syriaca Extract, Sodium Benzoate,
Sodium Cocoyl Isethionate, Sodium Levulinate,
Sodium Methyl Cocoyl Taurate, Tetrasodium
Glutamate Diacetate, Tocopherol, Xylitol."||True||442347P|||||||||10
2904441|mueller||||||||2024-10-28|HABA Ziehfigur Eichhörnchen|HABA||1|Stk.|Home|Spielwaren|Baby & Kleinkind|Kleinkindspielzeug|HABA Ziehfigur Eichhörnchen|||37,99 €|37,99 €|37,99 €|26,00 €||||32%|Sie sparen 32%|||||||EUR|Home> Spielwaren> Baby & Kleinkind> Kleinkindspielzeug> HABA Ziehfigur Eichhörnchen|https://www.mueller.at/p/haba-ziehfigur-eichhoernchen-IPN2904441/|1 Stk.|"Kleine Weltentdecker:innen können mit dem niedlichen Eichhörnchen krabbeln, laufen und es mit Leckereien füttern. Die 5 Bausteine in verschiedenen Formen werden dazu in die passenden Ausfräsungen gesteckt. Durch die große Öffnung können Nuss & Co. dann ganz leicht wieder entnommen werden und der Eichhörnchen-Spaß beginnt von vorn.
schult das Erkennen und Benennen von Farben und Formen
fördert die Feinmotorik auf spielerische Weise
regt zur Fortbewegung an und unterstützt den Bewegungsdrang
hoppelt lustig beim Ziehen
Material:	Sperrholz, Buche, Polyester
Designer	Comanns, Markus
Alter ab	12+ Monate
Länge	32 cm
Höhe	18 cm
Gewicht Produkt	0.821 kg
Breite	15.8 cm
Motiv	Tiere, Wald"||||||||12 Monate||||||||||||||Non-Organic||||{'target_group': 'Kleinkinder', 'Artikelnummer des Herstellers': '1306938001', 'Altersempfehlung ab': '12 Monate', 'Inhalt': '1 Stk.', 'Produkttyp': 'Nachziehspielzeug'}||||||||||||||0|0|2904441_1.png|https://static.mueller.de/pdzoom/4010168263816.webp|2904441_2.png|https://static.mueller.de/pdzoom/4010168263816_5.webp|2904441_3.png|https://static.mueller.de/pdzoom/4010168263816_4.webp|2904441_4.png|https://static.mueller.de/pdzoom/4010168263816_2.webp|2904441_5.png|https://static.mueller.de/pdzoom/4010168263816_3.webp||||||||||||||1306938001||||||||||1 Stk.|||True||2904441P|||||||||10
2023141|mueller||||||||2024-10-28|Deutschland - Cap|MÜLLER||1|Stk.|Home|Schreibwaren|Büro|Bürobedarf|Sonstiges|Deutschland - Cap||4,99 €|4,99 €||||||||||||||EUR|Home> Schreibwaren> Büro> Bürobedarf> Sonstiges> Deutschland - Cap|https://www.mueller.at/p/deutschland-cap-2023141/|1 Stk.|||||||||||||||||||||||Non-Organic||||{'Farbe': 'mehrfarbig', 'Inhalt': '1 Stk.', 'Produkttyp': 'Sonstiges'}||||||mehrfarbig||||||||5.0|1|2023141_1.png|https://static.mueller.de/6188554169-PV-0/pdzoom/deutschland-cap.webp|2023141_2.png|https://static.mueller.de/6188554169-PB-1/pdzoom/deutschland-cap.webp|2023141_3.png|https://static.mueller.de/6188554169-PB-2/pdzoom/deutschland-cap.webp||||||||||||||||||||||||||||1 Stk.|||True||2023141P|||||||||10
481942|mueller||||||||2024-10-28|Ravensburger Puzzle - Nemo kleine Ausreisser, 2x12 Teile|RAVENSBURGER PUZZLE||1|Stk.|Home|Spielwaren|Spiele & Puzzles|Puzzles|Kinderpuzzles|Ravensburger Puzzle - Nemo kleine Ausreisser, 2x12 Teile||12,99 €|12,99 €|12,99 €|8,99 €||||31%|Sie sparen 31%|||||||EUR|Home> Spielwaren> Spiele & Puzzles> Puzzles> Kinderpuzzles> Ravensburger Puzzle - Nemo kleine Ausreisser, 2x12 Teile|https://www.mueller.at/p/ravensburger-puzzle-nemo-kleine-ausreisser-2x12-teile-481942/|1 Stk.|Nemo kleine Ausreisser, 2x12 TeileGleich zwei Puzzles sorgen für doppelten Puzzlespaß! Inkl. Mini-Postern als Vorlagen. Teile suchen, anfügen und sich über das immer größer werdende Bild freuen – Puzzeln ist, wenn sich ein kleiner Erfolg an den anderen reiht. Deshalb lieben Kinder es, die Puzzleteile immer wieder zu ihren Lieblingsmotiven zusammen zu setzen. Doch Puzzles bieten mehr als Spaß: Mit der richtigen Schwierigkeit gewählt, lassen sie Kinder jeden Alters an den Herausforderungen wachsen, erhöhen ihre Geduld und stärken ihr Selbstvertrauen. In der großen Auswahl von Ravensburger von weit mehr als 300 Kinderpuzzles mit den beliebtesten Motiven, von 2 Teilen bis 500 Teilen, ist garantiert für jedes Kind das richtige Puzzle dabei. Nur so schulen sie spielerisch und mit Freude ihre motorischen Fähigkeiten, ihr logisches Denken, das Kurzzeitgedächtnis und vieles mehr. Die Auswahl der richtigen Motive und die hohe Qualität unserer Kinderpuzzles liegen uns sehr am Herzen. Deshalb wird die Unbedenklichkeit aller Materialien von einem unabhängigen Institut bestätigt. Vertrauen Sie in die Qualität und Erfahrung des Marktführers, denn seit mehr als 100 Jahren entwickeln wir Puzzles, wie Kinder sie lieben: altersgerecht in Motiv, Teilezahl und -größe.||||||||3 Jahre||||||||||||||Non-Organic||||"{'Anleitungssprache': 'en|es|fr|it|de|nl', 'motif_group_puzzles': 'Lizenzthemen', 'Schwierigkeitsgrad': 'Kinder - Geübte', 'scope_of_delivery': '212 Stück', 'target_group': 'Kleinkinder|Kindergartenkinder', 'Artikelnummer des Herstellers': '07556', 'license': 'Findet Nemo', 'Altersempfehlung ab': '3 Jahre', 'Altersempfehlung bis': '5 Jahre', 'publisher': 'Ravensburger Verlag GmbH', 'Inhalt': '1 Stk.', 'Anzahl Teile': '12', 'Produkttyp': 'Puzzles für Fortgeschrittene'}"||||||||||||||0|0|481942_1.png|https://static.mueller.de/62608918-PV-0/pdzoom/ravensburger-puzzle-nemo-kleine-ausreisser-2x12-teile.webp|481942_2.png|https://static.mueller.de/62608918-PB-1/pdzoom/ravensburger-puzzle-nemo-kleine-ausreisser-2x12-teile.webp|481942_3.png|https://static.mueller.de/62608918-PB-2/pdzoom/ravensburger-puzzle-nemo-kleine-ausreisser-2x12-teile.webp||||||||||||||||||07556||||||||||1 Stk.|||True||481942P|||||||||10
810497|mueller||||||||2024-10-28|Charlotte Meentzen NATUR PUR BALANCE Tagespflege|CHARLOTTE MEENTZEN||50|ml|Home|Parfümerie|Pflege|Gesichtspflege|Tagespflege|Charlotte Meentzen NATUR PUR BALANCE Tagespflege||27,40 €|27,40 €|||||||||||548,00 € / 1 l|||EUR|Home> Parfümerie> Pflege> Gesichtspflege> Tagespflege> Charlotte Meentzen NATUR PUR BALANCE Tagespflege|https://www.mueller.at/p/charlotte-meentzen-natur-pur-balance-tagespflege-810497/|50 ml|Die feuchtigkeitsspendende Tagespflege gleicht die Lipid-Feuchtigkeits-Balance der Haut aus. Grüner Tee-Extrakt wirkt gegen freie Radikale und schützt vor vorzeitiger Hautalterung und vor schädigenden Umwelteinflüssen.Schisandra-Extrakt und Bisabolol besänftigen die Haut und beugen Irritationen vor. Wertvolle natürliche Öle und Shoreabutter sorgen für intensiven Schutz und bewahren die Feuchtigkeit. Ideale Make-up-Unterlage. Die Haut sieht frisch und gesund aus.||||||||||||||||||||||Non-Organic||||"{'PH-Hautneutral': 'Ja', 'target_group': 'Damen', 'manufacturer': 'Charlotte Meentzen Kräutervital Kosmetik GmbH', 'Herstelleradresse': 'Carl-Eschenbach-Str. 10, 01454 Radeberg', 'Kontaktmöglichkeit': 'info@meentzen.de', 'dermatologically_tested': 'Ja', 'Anwendungshinweis': 'Morgens auf die gereinigte Haut auftragen.', 'package_contents': 'Aqua (Water), Caprylic/Capric Triglyceride, Decyl Cocoate, Oryza Sativa (Rice) Bran Oil, Shorea Stenoptera Seed Butter, Simmondsia Chinensis (Jojoba) Seed Oil, Alcohol, Betaine, Cetearyl Alcohol, Glyceryl Stearate, Arctium Lappa Seed Oil, Camellia Sinensis Leaf Extract, Schizandra Sphenanthera Fruit Extract, Stearic Acid, Glycerin, Myristyl Alcohol, Sodium Levulinate, Arachidyl Alcohol, Bisabolol, Sodium Lauroyl Glutamate, Behenyl Alcohol, Dehydroxanthan Gum, Myristyl Glucoside, Limonene, Helianthus Annuus (Sunflower) Seed Oil, Arachidyl Glucoside, Sodium Anisate, Glyceryl Caprylate, Citric Acid, Parfum (Fragrance), Levulinic Acid, Rosmarinus Officinalis (Rosemary) Leaf Extract, Linalool, Geraniol, Citronellol.', 'skin_type': 'alle Hauttypen|normale Haut|feuchtigkeitsarme Haut|Mischhaut', 'product_property': 'feuchtigkeitsspendend|schützend|beruhigend|aufbauend|entzündungshemmend|cremig|pflegend', 'Inhalt': '50 ml', 'scope_of_application': 'Tagespflege', 'Produkttyp': 'Creme'}"||||||||||||||0|0|810497_1.png|https://static.mueller.de/338821122-PV-0/pdzoom/charlotte-meentzen-natur-pur-balance-tagespflege.webp|810497_2.png|https://static.mueller.de/338821122-VV-1/pdzoom/charlotte-meentzen-natur-pur-balance-tagespflege.webp||||||||||||||||||||Charlotte Meentzen Kräutervital Kosmetik GmbH||||||||||50 ml|Aqua (Water), Caprylic/Capric Triglyceride, Decyl Cocoate, Oryza Sativa (Rice) Bran Oil, Shorea Stenoptera Seed Butter, Simmondsia Chinensis (Jojoba) Seed Oil, Alcohol, Betaine, Cetearyl Alcohol, Glyceryl Stearate, Arctium Lappa Seed Oil, Camellia Sinensis Leaf Extract, Schizandra Sphenanthera Fruit Extract, Stearic Acid, Glycerin, Myristyl Alcohol, Sodium Levulinate, Arachidyl Alcohol, Bisabolol, Sodium Lauroyl Glutamate, Behenyl Alcohol, Dehydroxanthan Gum, Myristyl Glucoside, Limonene, Helianthus Annuus (Sunflower) Seed Oil, Arachidyl Glucoside, Sodium Anisate, Glyceryl Caprylate, Citric Acid, Parfum (Fragrance), Levulinic Acid, Rosmarinus Officinalis (Rosemary) Leaf Extract, Linalool, Geraniol, Citronellol.||False||810497P|||||||||1
2904423|mueller||||||||2024-10-28|GRUSS&CO Bierkrug M:FUSSBALL|||1|Stk.|Home|Haushalt|Essen & Trinken|Geschirr|Becher & Tassen|GRUSS&CO Bierkrug M:FUSSBALL||14,95 €|14,95 €||||||||||||||EUR|Home> Haushalt> Essen & Trinken> Geschirr> Becher & Tassen> GRUSS&CO Bierkrug M:FUSSBALL|https://www.mueller.at/p/gruss-co-bierkrug-m-fussball-IPN2904423/|1 Stk.|"Bierkrug mit Motivdruck: ""Nicht ansprechen Fußball läuft!"" mit Geschenktag"||||||||||||||||||||||Non-Organic||||{'Fassungsvermögen': '0.6 l', 'Gewicht': '504', 'manufacturer': 'Sheepworld AG', 'Herstelleradresse': 'Am Schafhügel 1, 92289 Ursensollen', 'Materialdetails': 'Steinzeug, Papier', 'Höhe': '13 cm', 'Breite': '12.5 cm', 'Tiefe': '8.5 cm', 'Durchmesser': '8.5 cm', 'Inhalt': '1 Stk.'}||||||||Steinzeug, Papier||||||0|0|2904423_1.png|https://static.mueller.de/4036018482251-pd-1/pdzoom/gruss-co-bierkrug-m-fussball.webp|2904423_2.png|https://static.mueller.de/4036018482251-pd-2/pdzoom/gruss-co-bierkrug-m-fussball.webp|2904423_3.png|https://static.mueller.de/4036018482251-pd-3/pdzoom/gruss-co-bierkrug-m-fussball.webp||||||||||||||||||Sheepworld AG||||||||||1 Stk.|||True||2904423P|||||||||10
2904430|mueller||||||||2024-10-28|Zero Zucker Zero Koffein|COCA-COLA||330|ml|Home|Drogerie|Lebensmittel|Getränke|Limonaden|Zero Zucker Zero Koffein||1,25 €|1,25 €|||||||||||3,79 € / 1 l|||EUR|Home> Drogerie> Lebensmittel> Getränke> Limonaden> Zero Zucker Zero Koffein|https://www.mueller.at/p/zero-zucker-zero-koffein-IPN2904430/|330 ml|Kalorienfreies Cola-Erfrischungsgetränk ohne Koffein. Mit Süßungsmitteln.||Bei Raumtemperatur, trocken, geruchsfrei sowie vor Wärme / Sonnenlicht geschützt lagern.|||||||||{'Nährwerte je': '100 ml', 'Brennwert': '0,9 kj / 0,2 kcal', 'Fett in g': '0', '- davon gesättigte Fettsäuren in g': '0', 'Kohlenhydrate in g': '0', '- davon Zucker in g': '0', 'Eiweiß in g': '0', 'Salz in g': '0,02'}|||||||||||Non-Organic||||{'Lagerhinweis': 'Bei Raumtemperatur, trocken, geruchsfrei sowie vor  Wärme / Sonnenlicht geschützt lagern.', 'manufacturer': 'Coca-Cola HBC Austria GmbH', 'Herstelleradresse': 'Clemens-Holzmeister-Straße 6, A-1100 Wien', 'Kontaktmöglichkeit': 'info@coke.at', 'Inhalt': '330 ml', 'Zutaten': 'Wasser, Kohlensäure, Farbstoff: E 150d, Süßungsmittel Cyclamat, Acesulfam K und Aspartam, Säuerungsmittel E 338, natürliche Aromen, Säureregulator: Natriumcitrate.', 'Produkttyp': 'Limonaden'}||||||||||||||0|0|2904430_1.png|https://static.mueller.de/pdzoom/5449000233295.webp||||||||||||||||||||||Coca-Cola HBC Austria GmbH||||||||||330 ml|||True||2904430P|||||||||10
2904417|mueller||||||||2024-10-28|Always On My Mind|||1|Stk.|Home|Multi-Media|Musik|Jazz|Always On My Mind|||27,99 €|27,99 €||||||||||||||EUR|Home> Multi-Media> Musik> Jazz> Always On My Mind|https://www.mueller.at/p/always-on-my-mind-IPN2904417/|1 Stk.|||||||||||||||||||||||Non-Organic||||{'medium': 'LP (analog)', 'Künstler': 'Bakken,Rebekka', 'Inhalt': '1 Stk.', 'Anzahl Medien im Artikel': '1', 'genre': 'Jazz', 'Label': 'SME CLASS'}||||||||||||||0|0|2904417_1.png|https://static.mueller.de/pdzoom/phononet_0196587376819_pv_0196587376819-0600px-001.webp||||||||||||||||||||||||||||||||1 Stk.|||True||2904417P|||||||||2
2904419|mueller||||||||2024-10-28|Gruss & Co Zaubersocken »Nicht ansprechen - Fußball läuft! «|SHEEPWORLD||1|Stk.|Home|Schreibwaren|Geschenkideen|Trendsocken|Gruss & Co Zaubersocken »Nicht ansprechen - Fußball läuft! «|||4,95 €|4,95 €||||||||||||||EUR|Home> Schreibwaren> Geschenkideen> Trendsocken> Gruss & Co Zaubersocken »Nicht ansprechen - Fußball läuft! «|https://www.mueller.at/p/gruss-co-zaubersocken-nicht-ansprechen-fussball-laeuft-IPN2904419/|1 Stk.|Du kennst jemanden, der kaum ansprechbar ist, wenn Fußball läuft? Dann sind diese Zaubersocken mit dem trendigen Fußball-Motiv das perfekte Mitbringsel, egal für welchen Anlass!||||||||||||||||||||||Non-Organic||||{'manufacturer': 'Sheepworld AG', 'Herstelleradresse': 'Am Schafhügel 1, 92289 Ursensollen', 'Materialdetails': '80 % Baumwolle, 15 % Nylon, 5 % Elastan', 'Material': 'Baumwolle', 'Farbe': 'weiß, schwarz, grün', 'Inhalt': '1 Stk.', 'Produkttyp': 'Zaubersocken'}||||||weiß, schwarz, grün||80 % Baumwolle, 15 % Nylon, 5 % Elastan||||||0|0|2904419_1.png|https://static.mueller.de/pdzoom/4036018482237-pv.webp|2904419_2.png|https://static.mueller.de/4036018482237-pd-1/pdzoom/gruss-co-zaubersocken-nicht-ansprechen-fussball-laeuft.webp||||||||||||||||||||Sheepworld AG||||||||||1 Stk.|||True||2904419P|||||||||10
2904410|mueller||||||||2024-10-28|The Chronic (CD)|||1|Stk.|Home|Multi-Media|Musik|Hip-Hop|The Chronic (CD)|||13,99 €|13,99 €||||||||||||||EUR|Home> Multi-Media> Musik> Hip-Hop> The Chronic (CD)|https://www.mueller.at/p/the-chronic-cd-IPN2904410/|1 Stk.|||||||||||||||||||||||Non-Organic||||{'medium': 'CD', 'Künstler': 'Dr. Dre', 'Inhalt': '1 Stk.', 'Anzahl Medien im Artikel': '1', 'genre': 'HipHop / Rap international', 'Label': 'Interscope'}||||||||||||||0|0|2904410_1.png|https://static.mueller.de/pdzoom/phononet_0602455099952_pv_0602455099952-0600px-001.webp|2904410_2.png|https://static.mueller.de/pdzoom/phononet_0602455099952_pr_0602455099952-0600px-002.webp||||||||||||||||||||||||||||||1 Stk.|||True||2904410P|||||||||5
2904411|mueller||||||||2024-10-28|The Chronic (Standard Black 140gr 2LP)|||1|Stk.|Home|Multi-Media|Musik|Hip-Hop|The Chronic (Standard Black 140gr 2LP)|||39,99 €|39,99 €||||||||||||||EUR|Home> Multi-Media> Musik> Hip-Hop> The Chronic (Standard Black 140gr 2LP)|https://www.mueller.at/p/the-chronic-standard-black-140gr-2lp-IPN2904411/|1 Stk.|||||||||||||||||||||||Non-Organic||||{'medium': 'LP (analog)', 'Künstler': 'Dr. Dre', 'Inhalt': '1 Stk.', 'Anzahl Medien im Artikel': '2', 'genre': 'HipHop / Rap international', 'Label': 'Interscope'}||||||||||||||0|0|2904411_1.png|https://static.mueller.de/pdzoom/phononet_0602455099969_pv_0602455099969-0600px-001.webp||||||||||||||||||||||||||||||||1 Stk.|||True||2904411P|||||||||5
2904412|mueller||||||||2024-10-28|Plan A|||1|Stk.|Home|Multi-Media|Musik|Pop|Plan A|||18,99 €|18,99 €||||||||||||||EUR|Home> Multi-Media> Musik> Pop> Plan A|https://www.mueller.at/p/plan-a-IPN2904412/|1 Stk.|||||||||||||||||||||||Non-Organic||||{'medium': 'CD', 'Künstler': 'Oerding,Johannes', 'Inhalt': '1 Stk.', 'Anzahl Medien im Artikel': '2', 'genre': 'Pop deutschsprachig', 'Label': 'COL DOM'}||||||||||||||0|0|2904412_1.png|https://static.mueller.de/pdzoom/phononet_0196588090622_pv_0196588090622-0600px-001.webp||||||||||||||||||||||||||||||||1 Stk.|||True||2904412P|||||||||5
2904413|mueller||||||||2024-10-28|Blackout/opaque orange vinyl|||1|Stk.|Home|Multi-Media|Musik|Pop|Blackout/opaque orange vinyl|||29,99 €|29,99 €||||||||||||||EUR|Home> Multi-Media> Musik> Pop> Blackout/opaque orange vinyl|https://www.mueller.at/p/blackout-opaque-orange-vinyl-IPN2904413/|1 Stk.|||||||||||||||||||||||Non-Organic||||{'medium': 'LP (analog)', 'Künstler': 'Spears,Britney', 'Inhalt': '1 Stk.', 'Anzahl Medien im Artikel': '1', 'genre': 'Pop international', 'Label': 'SME Catlg'}||||||||||||||0|0|2904413_1.png|https://static.mueller.de/pdzoom/phononet_0196587791513_pv_0196587791513-0600px-001.webp||||||||||||||||||||||||||||||||1 Stk.|||True||2904413P|||||||||2
2023169|mueller||||||||2024-10-28|OLIVEDA Duschgel Grapefruit Rose|OLIVEDA||250|ml|Home|Parfümerie|Pflege|Körperpflege|Duschen|OLIVEDA Duschgel Grapefruit Rose||29,95 €|29,95 €|||||||||||119,80 € / 1 l|||EUR|Home> Parfümerie> Pflege> Körperpflege> Duschen> OLIVEDA Duschgel Grapefruit Rose|https://www.mueller.at/p/oliveda-duschgel-grapefruit-rose-2023169/|250 ml|Das natürliche und milde Duschgel reinigt die Haut ganz sanft und weckt mit einem erquickenden Duft von spritziger Grapefruit und einer verführerisch sanften Note von frischen Rosenblüten die Sinne. Die luxuriöse Textur verwöhnt die Haut mit einer feuchtigkeitsspendenden Kombination aus natürlichen ruükfettenden Substanzen, die ein zart gepflegtes Körpergefühl verleihen. Besonders trockene und sensible Haut freut sich über die liebevolle Wirkung.||||||||||||||||||||||Non-Organic||||"{'target_group': 'Damen|Herren|Unisex', 'manufacturer': 'OLIVEDA Deutschland GmbH', 'Herstelleradresse': 'Neuer Zollhof 3, 40221 Düsseldorf', 'Kontaktmöglichkeit': 'info@olivetreepeople.com', 'Anwendungshinweis': 'Benefit: \nFür ein belebendes und harmonisierendes Wohlgefühl unter der Dusche. Mit natürlichen Feuchthaltefaktoren und rückfettenden Bestandteilen.Anwendung: \nUm den vollen aromatherapeutischen Effekt zu erhalten, empfehlen wir Ihnen, während des Einseifens die Dusche abzustellen. Somit können Sie mit allen Sinnen die Qualität luxuriöser Körperpflege genießen – den harmonisierenden Duft und den cremig pflegenden geschmeidigen Schaum.', 'package_contents': 'olea europaea (olive) leaf cell extract, aqua (water), sodium C14-16 olefin sulfonate,cocamidopropyl betaine, polyglyceryl-3 caprate, pentylene glycol, glycerin, olea europaea (olive) fruit oil, hydroxypropyl guar hydroxypropyltrimonium chloride, hydrolyzed silk, sodium chloride, parfum (fragrance), limonene, linalool, citral.', 'skin_type': 'alle Hauttypen', 'product_property': 'feuchtigkeitsspendend|hautbildverfeinernd|beruhigend|erfrischend|klärend|revitalisierend|aufbauend|reinigend|duftend', 'Inhalt': '250 ml', 'scope_of_application': 'Duschen', 'Produkttyp': 'Duschgel'}"||||||||||||||5.0|1|2023169_1.png|https://static.mueller.de/5497520272-PV-0/pdzoom/oliveda-duschgel-grapefruit-rose.webp||||||||||||||||||||||OLIVEDA Deutschland GmbH||||||||||250 ml|olea europaea (olive) leaf cell extract, aqua (water), sodium C14-16 olefin sulfonate,cocamidopropyl betaine, polyglyceryl-3 caprate, pentylene glycol, glycerin, olea europaea (olive) fruit oil, hydroxypropyl guar hydroxypropyltrimonium chloride, hydrolyzed silk, sodium chloride, parfum (fragrance), limonene, linalool, citral.||True||2023169P|||||||||10
2904416|mueller||||||||2024-10-28|Always On My Mind|||1|Stk.|Home|Multi-Media|Musik|Jazz|Always On My Mind|||17,99 €|17,99 €||||||||||||||EUR|Home> Multi-Media> Musik> Jazz> Always On My Mind|https://www.mueller.at/p/always-on-my-mind-IPN2904416/|1 Stk.|||||||||||||||||||||||Non-Organic||||{'medium': 'CD', 'Künstler': 'Bakken,Rebekka', 'Inhalt': '1 Stk.', 'Anzahl Medien im Artikel': '1', 'genre': 'Jazz', 'Label': 'SME CLASS'}||||||||||||||0|0|2904416_1.png|https://static.mueller.de/pdzoom/phononet_0196587376826_pv_0196587376826-0600px-001.webp|2904416_2.png|https://static.mueller.de/pdzoom/phononet_0196587376826_pr_0196587376826-0600px-002.webp||||||||||||||||||||||||||||||1 Stk.|||True||2904416P|||||||||5
2904406|mueller||||||||2024-10-28|Vagabond|||1|Stk.|Home|Multi-Media|Musik|Jazz|Vagabond|||18,99 €|18,99 €||||||||||||||EUR|Home> Multi-Media> Musik> Jazz> Vagabond|https://www.mueller.at/p/vagabond-IPN2904406/|1 Stk.|||||||||||||||||||||||Non-Organic||||{'medium': 'CD', 'Künstler': 'Miller,Dominic', 'Inhalt': '1 Stk.', 'Anzahl Medien im Artikel': '1', 'genre': 'Jazz', 'Label': 'ECM Record'}||||||||||||||0|0|2904406_1.png|https://static.mueller.de/pdzoom/phononet_0602445890484_pv_0602445890484-0600px-001.webp|2904406_2.png|https://static.mueller.de/pdzoom/phononet_0602445890484_pr_0602445890484-0600px-002.webp||||||||||||||||||||||||||||||1 Stk.|||True||2904406P|||||||||5
2904407|mueller||||||||2024-10-28|Love, Maite - Das Beste ... bis jetzt!|||1|Stk.|Home|Multi-Media|Musik|Pop|Love, Maite - Das Beste ... bis jetzt!|||5,99 €|5,99 €||||||||||||||EUR|Home> Multi-Media> Musik> Pop> Love, Maite - Das Beste ... bis jetzt!|https://www.mueller.at/p/love-maite-das-beste-bis-jetzt-IPN2904407/|1 Stk.|||||||||||||||||||||||Non-Organic||||{'medium': 'CD', 'Künstler': 'Kelly, Maite', 'Inhalt': '1 Stk.', 'Anzahl Medien im Artikel': '1', 'genre': 'Schlager', 'Label': 'Electrola'}||||||||||||||3.0|2|2904407_1.png|https://static.mueller.de/pdzoom/phononet_0602448482891_pv_0602448482891-0600px-001.webp|2904407_2.png|https://static.mueller.de/pdzoom/phononet_0602448482891_pr_0602448482891-0600px-002.webp||||||||||||||||||||||||||||||1 Stk.|||True||2904407P|||||||||5
2904408|mueller||||||||2024-10-28|Love, Maite - Das Beste ... bis jetzt! (Deluxe)|||1|Stk.|Home|Multi-Media|Musik|Pop|Love, Maite - Das Beste ... bis jetzt! (Deluxe)|||21,99 €|21,99 €||||||||||||||EUR|Home> Multi-Media> Musik> Pop> Love, Maite - Das Beste ... bis jetzt! (Deluxe)|https://www.mueller.at/p/love-maite-das-beste-bis-jetzt-deluxe-IPN2904408/|1 Stk.|||||||||||||||||||||||Non-Organic||||{'medium': 'CD', 'Künstler': 'Kelly, Maite', 'Inhalt': '1 Stk.', 'Anzahl Medien im Artikel': '2', 'genre': 'Schlager', 'Label': 'Electrola'}||||||||||||||0|0|2904408_1.png|https://static.mueller.de/pdzoom/phononet_0602448482921_pv_0602448482921-0600px-001.webp|2904408_2.png|https://static.mueller.de/pdzoom/phononet_0602448482921_pr_0602448482921-0600px-002.webp||||||||||||||||||||||||||||||1 Stk.|||True||2904408P|||||||||5
22596|mueller||||||||2024-10-28|FABER-CASTELL Zirkel CASTELL Mine 6er-Dose|FABER-CASTELL||1|Stk.|Home|Schreibwaren|Büro|Bürobedarf|Zirkel|FABER-CASTELL Zirkel  CASTELL Mine 6er-Dose||2,79 €|2,79 €||||||||||||||EUR|Home> Schreibwaren> Büro> Bürobedarf> Zirkel> FABER-CASTELL Zirkel  CASTELL Mine 6er-Dose|https://www.mueller.at/p/faber-castell-zirkel-castell-mine-6er-dose-22596/|1 Stk.|"Zirkelminendose - Bleiminen mit angeschrägter Spitze, Härtegrad H, 25mm lang für alle Zirkelmodelle geeignet.
Details:
- mit angeschrägter Spitze
- Inhalt: 6 Stück
- Härtegrad H
- 25 mm lang
- für alle Zirkelmodelle geeignet"||||||||||||||||||||||Non-Organic||||{'manufacturer': 'A. W. Faber-Castell Vertrieb GmbH', 'Herstelleradresse': 'Nürnberger Str. 2, 90546 Stein', 'Inhalt': '1 Stk.', 'Produkttyp': 'Zirkel'}||||||||||||||5.0|1|22596_1.png|https://static.mueller.de/6120572435-PV-0/pdzoom/faber-castell-zirkel-castell-mine-6er-dose.webp||||||||||||||||||||||A. W. Faber-Castell Vertrieb GmbH||||||||||1 Stk.|||True||22596P|||||||||10
2062721|mueller||||||||2024-10-28|PAPERZONE Notizbuch A4 blanko|PAPERZONE||1|Stk.|Home|Schreibwaren|Büro|Notizen|Notizbuch|PAPERZONE Notizbuch A4 blanko||6,99 €|6,99 €||||||||||||||EUR|Home> Schreibwaren> Büro> Notizen> Notizbuch> PAPERZONE Notizbuch A4 blanko|https://www.mueller.at/p/paperzone-notizbuch-a4-blanko-2062721/|1 Stk.|Hardcover-Notizbuch ca. 203 x 290mm - 96 BlattMit elastischem Verschluss und Stiftelasche, Zeichenband und Falttasche im Rückendeckel.||||||||||||||||||||||Non-Organic||||{'Grammatur in g/m2': '80', 'Farbe': 'schwarz', 'Inhalt': '1 Stk.', 'Produkttyp': 'Notizbücher'}||||||schwarz||||||||5.0|1|2062721_1.png|https://static.mueller.de/6282721342-PV-0/pdzoom/paperzone-notizbuch-a4-blanko.webp|2062721_2.png|https://static.mueller.de/6282721342-PB-1/pdzoom/paperzone-notizbuch-a4-blanko.webp||||||||||||||||||||||||||||||1 Stk.|||True||2062721P|||||||||10
2062724|mueller||||||||2024-10-28|Salus Kräutertee für die Haut|SALUS||15|Stk.|Home|Drogerie|Lebensmittel|Tee & Kaffee|Tee|Salus Kräutertee für die Haut||7,75 €|7,75 €|||||||||||5,17 € / 10 Stk.|||EUR|Home> Drogerie> Lebensmittel> Tee & Kaffee> Tee> Salus Kräutertee für die Haut|https://www.mueller.at/p/salus-kraeutertee-fuer-die-haut-2062724/|15 Stk.|Die wohlschmeckende Kräutermischung unterstützt mit den wertvollen Pflanzenstoffen von Brennnessel und Stiefmütterchen die Hautfunktion.    + Für ein natürlich schönes Hautbild*  + Salus Qualität seit 1916    *) Vitamin C trägt zu einer normalen Kollagenbildung für eine normale Funktion der Haut bei und unterstützt den Zellschutz vor oxidativem Stress.    Eine reichliche Flüssigkeitszufuhr bewahrt die Haut vor frühzeitiger Austrocknung.||Die Filterbeutel trocken, kühl und dunkel aufbewahren. DE-ÖKO-003|||Deutschland|||||||||||||||||Organic||||"{'Lagerhinweis': 'Die Filterbeutel trocken, kühl und dunkel aufbewahren. DE-ÖKO-003', 'manufacturer': 'SALUS Haus GmbH & Co. KG', 'Herstelleradresse': 'Bahnhofstr. 24, 83052 Bruckmühl', 'Kontaktmöglichkeit': '+49 8062 901 0', 'Herkunftsland': 'Deutschland', 'Inhalt': '15 Stk.', 'Bio': 'Ja', 'Eigenschaften': 'Vegan|vegetarisch gemaeß Rezeptur|Glutenfrei', 'Zutaten': 'Lindenblüten*, Hagebuttenschalen*, Brennnesselblätter* (15 %), Anisfrüchte*, Stiefmütterchenkraut* (9 %), Holunderblüten*, Löwenzahnblätter*, Birkenblätter*, Acerolafruchtpulver* (5 %), Salbeiblätter*, Nanaminzblätter*. <br>  <br> *) Aus ökologischem Landbau.', 'Produkttyp': 'Kräutertee'}"||||||||||||||0|0|2062724_1.png|https://static.mueller.de/6815018817-PV-0/pdzoom/salus-kraeutertee-fuer-die-haut.webp||||||||||||||||||||||SALUS Haus GmbH & Co. KG||||||||||15 Stk.|||True||2062724P|||||||||10
2062716|mueller||||||||2024-10-28|PAPERZONE Notizbuch A5 blanko|PAPERZONE||1|Stk.|Home|Schreibwaren|Büro|Notizen|Notizbuch|PAPERZONE Notizbuch A5 blanko||4,99 €|4,99 €||||||||||||||EUR|Home> Schreibwaren> Büro> Notizen> Notizbuch> PAPERZONE Notizbuch A5 blanko|https://www.mueller.at/p/paperzone-notizbuch-a5-blanko-2062716/|1 Stk.|Hardcover-Notizbuch ca. 139 x 204mm - 96 BlattMit elastischem Verschluss und Stiftelasche, Zeichenband und Falttasche im Rückendeckel.||||||||||||||||||||||Non-Organic||||{'Grammatur in g/m2': '80', 'Farbe': 'schwarz', 'Inhalt': '1 Stk.', 'Produkttyp': 'Notizbücher'}||||||schwarz||||||||0|0|2062716_1.png|https://static.mueller.de/6282680082-PV-0/pdzoom/paperzone-notizbuch-a5-blanko.webp|2062716_2.png|https://static.mueller.de/6282680082-PB-1/pdzoom/paperzone-notizbuch-a5-blanko.webp||||||||||||||||||||||||||||||1 Stk.|||True||2062716P|||||||||10
2062718|mueller||||||||2024-10-28|Salus Kräutertee-Spezialitäten für die Frau – Wechseljahre Tee|SALUS||15|Stk.|Home|Drogerie|Lebensmittel|Tee & Kaffee|Tee|Salus Kräutertee-Spezialitäten für die Frau – Wechseljahre Tee||4,95 €|4,95 €|||||||||||3,30 € / 10 Stk.|||EUR|Home> Drogerie> Lebensmittel> Tee & Kaffee> Tee> Salus Kräutertee-Spezialitäten für die Frau – Wechseljahre Tee|https://www.mueller.at/p/salus-kraeutertee-spezialitaeten-fuer-die-frau-wechseljahre-tee-2062718/|15 Stk.|Dieser erfrischende Kräutertee enthält eine Auswahl bewährter und ausgleichender „Frauenkräuter“.    Abgestimmt auf die üblichen Begleiterscheinungen sorgt er für ein natürliches Wohlbefinden während aller Phasen der Wechseljahre.    + Zur Förderung des allgemeinen Wohlbefindens  + Salus Qualität seit 1916||Die Filterbeutel trocken, kühl und dunkel aufbewahren. DE-ÖKO-003|||Deutschland|||||||||||||||||Organic||||"{'Lagerhinweis': 'Die Filterbeutel trocken, kühl und dunkel aufbewahren. DE-ÖKO-003', 'manufacturer': 'SALUS Haus GmbH & Co. KG', 'Herstelleradresse': 'Bahnhofstr. 24, 83052 Bruckmühl', 'Kontaktmöglichkeit': '+49 8062 901 0', 'Herkunftsland': 'Deutschland', 'Inhalt': '15 Stk.', 'Bio': 'Ja', 'Eigenschaften': 'Vegan|vegetarisch gemaeß Rezeptur|Glutenfrei', 'Zutaten': 'Rotkleeblüten und -kraut*, Frauenmantelkraut*, Melissenblätter*, Rosmarinblätter*, Brombeerblätter*, Zitronenverbenenblätter*, Schafgarbenkraut*, Lavendelblüten*. <br> *) Aus ökologischem Landbau.', 'Produkttyp': 'Kräutertee'}"||||||||||||||0|0|2062718_1.png|https://static.mueller.de/6815019050-PV-0/pdzoom/salus-kraeutertee-spezialitaeten-fuer-die-frau-wechseljahre-tee.webp||||||||||||||||||||||SALUS Haus GmbH & Co. KG||||||||||15 Stk.|||True||2062718P|||||||||9
246529|mueller||||||||2024-10-28|Sisley Phyto-Touche Illusion d'Été|sisley||11|g|Home|Parfümerie|Make-up|Teint|Puder|Sisley Phyto-Touche Illusion d'Été||106,95 €|106,95 €|||||||||||9 722,73 € / 1 kg|||EUR|Home> Parfümerie> Make-up> Teint> Puder> Sisley Phyto-Touche Illusion d'Été|https://www.mueller.at/p/sisley-phyto-touche-illusion-dete-IPN246529/|11 g|"Phyto-Touche Illusion d'Été ist ein extrem sanftes Sonnenpudergel in kompakter Form, mit einem zart schmelzenden Gefühl beim Auftragen. Die blasse Haut wirkt wie von der Sonne geküsst und die bestehende Bräune wird aufgefrischt. Der innovative glättende Komplex mit einem Weichzeichnereffekt verleiht dem Gesicht Leuchtkraft. Die mikronisierten Pigmente sorgen für eine lange Haltbarkeit der Farbe und ein natürliches, gleichmäßiges Ergebnis. Die einzigartige Textur glättet den Teint für ein natürliches Hautgefühl wie ungeschminkt. Die Extrakte von Gardenie, Malve und Lindenblüten sorgen für Geschmeidigkeit und ein angenehmes Hautgefühl. Für alle Hauttypen und Hauttöne. Phyto-Touche Illusion d'Été kann das ganze Jahr über verwendet werden, für einen natürlichen gebräunten ""Nude""-Effekt."||||||||||||||||||||||Non-Organic||||"{'consistency': 'Puder', 'Effekt': 'Glättung', 'target_group': 'Damen|Herren|Unisex', 'manufacturer': 'SISLEY Deutschland Vertriebs GmbH', 'Herstelleradresse': 'Feringastraße 6, 85774 Unterföhring', 'Kontaktmöglichkeit': 'customerserviceDE@sisley.fr', 'Anwendungshinweis': 'Für einen gesunden Glow tragen Sie den Sonnenpuder auf dem ganzen Gesicht auf. Betonen Sie besonders die Bereiche, welche als erstes natürlich von der Sonne gebräunt werden, um einen sommerlichen Teint zu kreieren: Starten Sie bei den Wangenknochen, dann aufwärts Richtung Stirn und wieder nach unten, bewegen Sie dabei den Pinsel in Form einer 3. Abschließend auch auf Schultern und Dekolleté auftragen.', 'package_contents': 'MICA, CETEARYL ETHYLHEXANOATE, DIMETHICONE, GLYCERIN, TITANIUM DIOXIDE (CI 77891), NYLON-12, ZINC STEARATE, SQUALANE, IRON OXIDES (CI 77491), IRON OXIDES (CI 77492), OCTYLDODECYL STEAROYL STEARATE, MALVA SYLVESTRIS (MALLOW) FLOWER EXTRACT, TILIA CORDATA FLOWER EXTRACT, TOCOPHERYL ACETATE, GARDENIA FLORIDA FLOWER\nEXTRACT, POLYSORBATE 20, BUTYLENE GLYCOL, CAPRYLYL GLYCOL, ETHYLHEXYLGLYCERIN, 1,2-HEXANEDIOL, CARRAGEENAN, XANTHAN GUM, TIN OXIDE, HDI/TRIMETHYLOL HEXYLLACTONE CROSSPOLYMER, PENTAERYTHRITYL\nTETRA-DI-T-BUTYL HYDROXYHYDROCINNAMATE, IRON OXIDES (CI 77499). IL#1A  Die Liste der in den Formeln der Produkte von Sisley und Hair Rituel by Sisley enthaltenen Inhaltsstoffe wird regelmäßig aktualisiert. Bevor Sie eines der Produkte verwenden, bitten wir Sie, die auf der Verpackung angegebene Liste der Inhaltsstoffe zu lesen.', 'skin_type': 'alle Hauttypen', 'Inhalt': '11 g', 'scope_of_application': 'Gesicht', 'Produktart': 'Puder', 'Produkttyp': 'Puder'}"||||||||||||||0|0|246529_1.png|https://static.mueller.de/pdzoom/3473311840301_0.webp|246529_2.png|https://static.mueller.de/pdzoom/3473311840301_2.webp|246529_3.png|https://static.mueller.de/pdzoom/3473311840301_1.webp|246529_4.png|https://static.mueller.de/pdzoom/3473311840301_3.webp||||||||||||||||SISLEY Deutschland Vertriebs GmbH||||||||||11 g|"MICA, CETEARYL ETHYLHEXANOATE, DIMETHICONE, GLYCERIN, TITANIUM DIOXIDE (CI 77891), NYLON-12, ZINC STEARATE, SQUALANE, IRON OXIDES (CI 77491), IRON OXIDES (CI 77492), OCTYLDODECYL STEAROYL STEARATE, MALVA SYLVESTRIS (MALLOW) FLOWER EXTRACT, TILIA CORDATA FLOWER EXTRACT, TOCOPHERYL ACETATE, GARDENIA FLORIDA FLOWER
EXTRACT, POLYSORBATE 20, BUTYLENE GLYCOL, CAPRYLYL GLYCOL, ETHYLHEXYLGLYCERIN, 1,2-HEXANEDIOL, CARRAGEENAN, XANTHAN GUM, TIN OXIDE, HDI/TRIMETHYLOL HEXYLLACTONE CROSSPOLYMER, PENTAERYTHRITYL
TETRA-DI-T-BUTYL HYDROXYHYDROCINNAMATE, IRON OXIDES (CI 77499). IL#1A  Die Liste der in den Formeln der Produkte von Sisley und Hair Rituel by Sisley enthaltenen Inhaltsstoffe wird regelmäßig aktualisiert. Bevor Sie eines der Produkte verwenden, bitten wir Sie, die auf der Verpackung angegebene Liste der Inhaltsstoffe zu lesen."||True||246529P|||||||||4
2640500|mueller||||||||2024-10-28|SAILOR MOON Luna Kissen|||1|Stk.|Home|Multi-Media|Fanartikel|SAILOR MOON Luna Kissen||||24,99 €|24,99 €||||||||||||||EUR|Home> Multi-Media> Fanartikel> SAILOR MOON Luna Kissen|https://www.mueller.at/p/sailor-moon-luna-kissen-2640500/|1 Stk.|SAILOR MOON Luna Kissen||||||||||||||||||||||Non-Organic||||{'Höhe': '32 cm', 'Breite': '32 cm', 'Tiefe': '8 cm', 'Inhalt': '1 Stk.', 'Produkttyp': 'Fan-Artikel'}||||||||||||||0|0|2640500_1.png|https://static.mueller.de/6775636778-PV-0/pdzoom/sailor-moon-luna-kissen.webp|2640500_2.png|https://static.mueller.de/6775636778-PUV-1/pdzoom/sailor-moon-luna-kissen.webp|2640500_3.png|https://static.mueller.de/6775636778-PR-2/pdzoom/sailor-moon-luna-kissen.webp|2640500_4.png|https://static.mueller.de/6775636778-PB-3/pdzoom/sailor-moon-luna-kissen.webp|2640500_5.png|https://static.mueller.de/6775636778-PB-4/pdzoom/sailor-moon-luna-kissen.webp||||||||||||||||||||||||1 Stk.|||False||2640500P|||||||||1
2062710|mueller||||||||2024-10-28|PAPERZONE Notizbuch A4 liniert|PAPERZONE||1|Stk.|Home|Schreibwaren|Büro|Notizen|Notizbuch|PAPERZONE Notizbuch A4 liniert||6,99 €|6,99 €||||||||||||||EUR|Home> Schreibwaren> Büro> Notizen> Notizbuch> PAPERZONE Notizbuch A4 liniert|https://www.mueller.at/p/paperzone-notizbuch-a4-liniert-2062710/|1 Stk.|Hardcover-Notizbuch ca. 203 x 290mm - 96 BlattMit elastischem Verschluss und Stiftelasche, Zeichenband und Falttasche im Rückendeckel.||||||||||||||||||||||Non-Organic||||{'Linienart': 'liniert', 'Grammatur in g/m2': '80', 'Farbe': 'schwarz', 'Inhalt': '1 Stk.', 'Produkttyp': 'Notizbücher'}||||||schwarz||||||||0|0|2062710_1.png|https://static.mueller.de/6282853810-PV-0/pdzoom/paperzone-notizbuch-a4-liniert.webp|2062710_2.png|https://static.mueller.de/6282853810-PB-1/pdzoom/paperzone-notizbuch-a4-liniert.webp||||||||||||||||||||||||||||||1 Stk.|||False||2062710P|||||||||1
417378|mueller||||||||2024-10-28|COLLISTAR Firming Cream|COLLISTAR||400|ml|Home|Parfümerie|Pflege|Körperpflege|Pflege|COLLISTAR Firming Cream||59,95 €|59,95 €|||||||||||149,88 € / 1 l|||EUR|Home> Parfümerie> Pflege> Körperpflege> Pflege> COLLISTAR Firming Cream|https://www.mueller.at/p/collistar-firming-cream-417378/|400 ml|Diese geschmeidige Körpercreme besitzt eine reichhaltige Textur mit einem exklusiven Wirkstoff-Mix, sie zieht leicht ein und eignet sich ideal für Massagen. Ihre Formel basiert auf einer neuartigen Kombination aus drei straffenden Substanzen: pflanzliches Elastin, Schachtelhalm und Kreatin. Diese Wirkstoffe schützen die Kollagen- und Elastinfasern, stärkend die Haut und verhelfen ihr zu einem festeren, glatteren Erscheinungsbild.||||||||||||||||||||||Non-Organic||||"{'target_group': 'Damen', 'manufacturer': 'Collistar Milano s.p.a.', 'Herstelleradresse': 'Via Giovanni Battista Pirelli, 19, 20124 Milano MI, Italien', 'Anwendungshinweis': 'Die Creme durch leichtes Einmassieren auf den ganzen Körper auftragen. Kann auch für professionelle Massagen verwendet werden.', 'package_contents': 'AQUA, DICAPRYLYL ETHER, C12-15 ALKYL BENZOATE, ALCOHOL DENAT., CYCLOPENTASILOXANE, ETHYLHEXYL PALMITATE, CETEARYL ALCOHOL, CAPRYLIC/CAPRIC TRIGLYCERIDE, GLYCERIN, STEARETH-21, GLYCERYL STEARATE, STEARETH-2, DIMETHICONE, PARFUM, TOCOPHERYL ACETATE, SODIUM HYALURONATE, HYDROLYZED WHEAT PROTEIN, PRUNUS PERSICA FRUIT EXTRACT, PEG-100 STEARATE, ECHINACEA ANGUSTIFOLIA EXTRACT, SCLEROTIUM GUM, HYDROLYZED VEGETABLE PROTEIN, HYDROLYZED ALGIN, CHLORELLA VULGARIS EXTRACT, MARIS AQUA, OLEA EUROPAEA OIL UNSAPONIFIABLES, CREATININE, PROPYLENE GLYCOL, ACRYLATES/C10-30 ALKYL ACRYLATE CROSSPOLYMER, DIMETHICONE/VINYL DIMETHICONE CROSSPOLYMER, C13-14 ISOPARAFFIN, LAURETH-7, POLYACRYLAMIDE, PPG-25-LAURETH-25, TETRASODIUM EDTA, PHENOXYETHANOL, DMDM HYDANTOIN, METHYLPARABEN, ETHYLPARABEN, PROPYLPARABEN, BUTYLPARABEN, ALPHA-ISOMETHYL IONONE, BENZYL SALICYLATE, , CITRONELLOL, EUGENOL, GERANIOL, HEXYL CINNAMAL, LIMONENE, LINALOOL', 'skin_type': 'trockene Haut', 'product_property': 'schützend|straffend', 'Inhalt': '400 ml', 'scope_of_application': 'Pflege', 'Produkttyp': 'Creme'}"||||||||||||||0|0|417378_1.png|https://static.mueller.de/5284511082-PV-0/pdzoom/collistar-firming-cream.webp||||||||||||||||||||||Collistar Milano s.p.a.||||||||||400 ml|AQUA, DICAPRYLYL ETHER, C12-15 ALKYL BENZOATE, ALCOHOL DENAT., CYCLOPENTASILOXANE, ETHYLHEXYL PALMITATE, CETEARYL ALCOHOL, CAPRYLIC/CAPRIC TRIGLYCERIDE, GLYCERIN, STEARETH-21, GLYCERYL STEARATE, STEARETH-2, DIMETHICONE, PARFUM, TOCOPHERYL ACETATE, SODIUM HYALURONATE, HYDROLYZED WHEAT PROTEIN, PRUNUS PERSICA FRUIT EXTRACT, PEG-100 STEARATE, ECHINACEA ANGUSTIFOLIA EXTRACT, SCLEROTIUM GUM, HYDROLYZED VEGETABLE PROTEIN, HYDROLYZED ALGIN, CHLORELLA VULGARIS EXTRACT, MARIS AQUA, OLEA EUROPAEA OIL UNSAPONIFIABLES, CREATININE, PROPYLENE GLYCOL, ACRYLATES/C10-30 ALKYL ACRYLATE CROSSPOLYMER, DIMETHICONE/VINYL DIMETHICONE CROSSPOLYMER, C13-14 ISOPARAFFIN, LAURETH-7, POLYACRYLAMIDE, PPG-25-LAURETH-25, TETRASODIUM EDTA, PHENOXYETHANOL, DMDM HYDANTOIN, METHYLPARABEN, ETHYLPARABEN, PROPYLPARABEN, BUTYLPARABEN, ALPHA-ISOMETHYL IONONE, BENZYL SALICYLATE, , CITRONELLOL, EUGENOL, GERANIOL, HEXYL CINNAMAL, LIMONENE, LINALOOL||True||417378P|||||||||10
2023134|mueller||||||||2024-10-28|Deutschland - Schal|MÜLLER||1|Stk.|Home|Schreibwaren|Büro|Bürobedarf|Sonstiges|Deutschland - Schal||5,99 €|5,99 €||||||||||||||EUR|Home> Schreibwaren> Büro> Bürobedarf> Sonstiges> Deutschland - Schal|https://www.mueller.at/p/deutschland-schal-2023134/|1 Stk.|||||||||||||||||||||||Non-Organic||||{'Farbe': 'mehrfarbig', 'Inhalt': '1 Stk.', 'Produkttyp': 'Sonstiges'}||||||mehrfarbig||||||||0|0|2023134_1.png|https://static.mueller.de/6188554168-PV-0/pdzoom/deutschland-schal.webp|2023134_2.png|https://static.mueller.de/6188554168-PB-1/pdzoom/deutschland-schal.webp||||||||||||||||||||||||||||||1 Stk.|||True||2023134P|||||||||10
2062702|mueller||||||||2024-10-28|PAPERZONE Notizbuch A5 liniert|PAPERZONE||1|Stk.|Home|Schreibwaren|Büro|Notizen|Notizbuch|PAPERZONE Notizbuch A5 liniert||4,99 €|4,99 €||||||||||||||EUR|Home> Schreibwaren> Büro> Notizen> Notizbuch> PAPERZONE Notizbuch A5 liniert|https://www.mueller.at/p/paperzone-notizbuch-a5-liniert-2062702/|1 Stk.|Hardcover-Notizbuch ca. 139 x 204mm - 96 BlattMit elastischem Verschluss und Stiftelasche, Zeichenband und Falttasche im Rückendeckel.||||||||||||||||||||||Non-Organic||||{'Linienart': 'liniert', 'Grammatur in g/m2': '80', 'Farbe': 'schwarz', 'Inhalt': '1 Stk.', 'Produkttyp': 'Notizbücher'}||||||schwarz||||||||0|0|2062702_1.png|https://static.mueller.de/6282853472-PV-0/pdzoom/paperzone-notizbuch-a5-liniert.webp|2062702_2.png|https://static.mueller.de/6282853472-PB-1/pdzoom/paperzone-notizbuch-a5-liniert.webp||||||||||||||||||||||||||||||1 Stk.|||True||2062702P|||||||||10
2023129|mueller||||||||2024-10-28|Deutschland - Flagge|MÜLLER||1|Stk.|Home|Schreibwaren|Büro|Bürobedarf|Sonstiges|Deutschland - Flagge||4,99 €|4,99 €||||||||||||||EUR|Home> Schreibwaren> Büro> Bürobedarf> Sonstiges> Deutschland - Flagge|https://www.mueller.at/p/deutschland-flagge-2023129/|1 Stk.|Maße: 1,40 m x 0,90 m||||||||||||||||||||||Non-Organic||||{'Farbe': 'mehrfarbig', 'Inhalt': '1 Stk.', 'Produkttyp': 'Sonstiges'}||||||mehrfarbig||||||||1.0|1|2023129_1.png|https://static.mueller.de/6188554167-PV-0/pdzoom/deutschland-flagge.webp|2023129_2.png|https://static.mueller.de/6188554167-PB-1/pdzoom/deutschland-flagge.webp||||||||||||||||||||||||||||||1 Stk.|||True||2023129P|||||||||10
2640520|mueller||||||||2024-10-28|14 Phasen|||1|Stk.|Home|Multi-Media|Musik|Pop|14 Phasen|||5,99 €|5,99 €||||||||||||||EUR|Home> Multi-Media> Musik> Pop> 14 Phasen|https://www.mueller.at/p/14-phasen-2640520/|1 Stk.|||||||||||||||||||||||Non-Organic||||{'medium': 'CD', 'Künstler': 'Reim,Marie', 'Inhalt': '1 Stk.', 'Anzahl Medien im Artikel': '1', 'genre': 'Schlager', 'Label': 'SME Catlg'}||||||||||||||0|0|2640520_1.png|https://static.mueller.de/pdzoom/phononet_0190758437422_pv_0190758437422-0600px-001.webp|2640520_2.png|https://static.mueller.de/pdzoom/phononet_0190758437422_pr_0190758437422-0600px-002.webp|2640520_3.png|https://static.mueller.de/6797618115-PR-1/pdzoom/14-phasen.webp||||||||||||||||||||||||||||1 Stk.|||True||2640520P|||||||||5
799542|mueller||||||||2024-10-28|Dr.Oetker Nudelholz Classic|DR.OETKER||1|Stk.|Home|Haushalt|Kochen & Backen|Backzubehör|Weiteres Zubehör|Dr.Oetker Nudelholz Classic||14,99 €|14,99 €||||||||||||||EUR|Home> Haushalt> Kochen & Backen> Backzubehör> Weiteres Zubehör> Dr.Oetker Nudelholz Classic|https://www.mueller.at/p/dr-oetker-nudelholz-classic-799542/|1 Stk.|Der Dr. Oetker Teigroller aus massivem Buchenholz sorgt für das mühelose Ausrollen aller Teigarten. Dies gelingt dank durchgehender Metallachse und Kugellager. Dieser Teigroller ist stabil, langlebig und lässt sich einfach per Hand reinigen.||||||||||||||||||||||Non-Organic||||{'manufacturer': 'Zenker Backformen GmbH & Co. KG', 'Herstelleradresse': 'Fritz-Mayer-Straße 7, 86661 Aichach', 'Kontaktmöglichkeit': 'service@oetker-kitchentools.de', 'Inhalt': '1 Stk.'}||||||||||||||0|0|799542_1.png|https://static.mueller.de/6908075670-PV-0/pdzoom/dr-oetker-nudelholz-classic.webp||||||||||||||||||||||Zenker Backformen GmbH & Co. KG||||||||||1 Stk.|||False||799542P|||||||||1
22586|mueller||||||||2024-10-28|Tintenpatronen im Glas 30 Stück|||1|Stk.|Home|Schreibwaren|Schreibgeräte|Minen & Patronen|Tintenpatronen im Glas 30 Stück|||1,99 €|1,99 €||||||||||||||EUR|Home> Schreibwaren> Schreibgeräte> Minen & Patronen> Tintenpatronen im Glas 30 Stück|https://www.mueller.at/p/tintenpatronen-im-glas-30-stueck-22586/|1 Stk.|Tintenpatronen, königsblau, Glas mit 30 Patronen. Patronenform und Tinte sind jeweils aufeinander abgestimmt. Königsblaue Tinte ist löschbar und aus den meisten Textilien auswaschbar.||||||||||||||||||||||Non-Organic||||{'Farbe': 'königsblau', 'Inhalt': '1 Stk.', 'Produkttyp': 'Patronen'}||||||königsblau||||||||0|0|22586_1.png|https://static.mueller.de/6485683325-PV-0/pdzoom/tintenpatronen-im-glas-30-stueck.webp||||||||||||||||||||||||||||||||1 Stk.|||True||22586P|||||||||10
22589|mueller||||||||2024-10-28|GEHA Deckfarbkasten 155 12 Farben|GEHA||1|Stk.|Home|Schreibwaren|Bastelbedarf|Farbkasten|GEHA Deckfarbkasten 155 12 Farben|||4,99 €|4,99 €||||||||||||||EUR|Home> Schreibwaren> Bastelbedarf> Farbkasten> GEHA Deckfarbkasten 155 12 Farben|https://www.mueller.at/p/geha-deckfarbkasten-155-12-farben-22589/|1 Stk.|"Der Klassiker unter den Deckfarbkasten – mit 12 Deckfarben und 1 Deckweiß.

Die Farben sind leuchtstark und zudem leicht auswaschbar. Außerdem verfügen Sie über eine hohe Deckkraft, lassen sich perfekt mischen und sind somit ideal geeignet für viele Anwendungen in Schule und Freizeit. Mit auswechselbaren Farbschälchen und vielen Mischfächern."||||||||||||||||||||||Non-Organic||||{'Inhalt': '1 Stk.', 'Produkttyp': 'Farbkasten'}||||||||||||||5.0|2|22589_1.png|https://static.mueller.de/5896777783-PV-0/pdzoom/geha-deckfarbkasten-155-12-farben.webp||||||||||||||||||||||||||||||||1 Stk.|||True||22589P|||||||||10
799552|mueller||||||||2024-10-28|Dr. Oetker Backpinsel|DR.OETKER||1|Stk.|Home|Haushalt|Kochen & Backen|Backzubehör|Weiteres Zubehör|Dr. Oetker Backpinsel||3,49 €|3,49 €||||||||||||||EUR|Home> Haushalt> Kochen & Backen> Backzubehör> Weiteres Zubehör> Dr. Oetker Backpinsel|https://www.mueller.at/p/dr-oetker-backpinsel-799552/|1 Stk.|Der innovative Backpinsel mit Teflon-Oberflächenschutz von Dr. Oetker überzeugt durch feinen, glatten Strich und extrem gute Saugfähigkeit.  Er verliert dank seiner Beschichtung keine Borsten und wird nicht abgenutzt.  Der Backpinsel (Breite: 2,5 cm) ist hitzebeständig bis +90 Grad Celsius und spülmaschinengeeignet.||||||||||||||||||||||Non-Organic||||{'Pflegehinweis': 'Per Hand reinigen.', 'Geeignet für': 'Spuelmaschinen', 'manufacturer': 'Zenker Backformen GmbH & Co. KG', 'Herstelleradresse': 'Fritz-Mayer-Straße 7, 86661 Aichach', 'Kontaktmöglichkeit': 'service@oetker-kitchentools.de', 'Inhalt': '1 Stk.'}||||||||||||||5.0|1|799552_1.png|https://static.mueller.de/6910217597-PV-0/pdzoom/dr-oetker-backpinsel.webp||||||||||||||||Per Hand reinigen.||||||Zenker Backformen GmbH & Co. KG||||||||||1 Stk.|||True||799552P|||||Spuelmaschinen||||10
799554|mueller||||||||2024-10-28|Dr.Oetker Backpinsel Classic|DR.OETKER||1|Stk.|Home|Haushalt|Kochen & Backen|Backzubehör|Weiteres Zubehör|Dr.Oetker Backpinsel Classic||3,99 €|3,99 €||||||||||||||EUR|Home> Haushalt> Kochen & Backen> Backzubehör> Weiteres Zubehör> Dr.Oetker Backpinsel Classic|https://www.mueller.at/p/dr-oetker-backpinsel-classic-799554/|1 Stk.|Der Backpinsel “Classic” (Breite 38 mm) mit stabilem Holzgriff und Naturborsten von Dr. Oetker ist der ideale Helfer beim Einfetten und Glasieren von Backformen und Kuchen. Er lässt sich leicht per Hand reinigen.||||||||||||||||||||||Non-Organic||||{'Pflegehinweis': 'Per Hand reinigen.', 'manufacturer': 'Zenker Backformen GmbH & Co. KG', 'Herstelleradresse': 'Fritz-Mayer-Straße 7, 86661 Aichach', 'Kontaktmöglichkeit': 'service@oetker-kitchentools.de', 'Breite': '3.8 cm', 'Inhalt': '1 Stk.'}||||||||||||||5.0|1|799554_1.png|https://static.mueller.de/6910226569-PV-0/pdzoom/dr-oetker-backpinsel-classic.webp||||||||||||||||Per Hand reinigen.||||||Zenker Backformen GmbH & Co. KG||||||||||1 Stk.|||False||799554P|||||||||1
456926|mueller||||||||2024-10-28|VELOBAG® Utensilientasche mit Reissverschluss A5 schwarz|VELOFLEX||1|Stk.|Home|Schreibwaren|Büro|Ordner & Mappen|Mappen|VELOBAG® Utensilientasche mit Reissverschluss A5 schwarz||2,09 €|2,09 €||||||||||||||EUR|Home> Schreibwaren> Büro> Ordner & Mappen> Mappen> VELOBAG® Utensilientasche mit Reissverschluss A5 schwarz|https://www.mueller.at/p/velobag-utensilientasche-mit-reissverschluss-a5-schwarz-456926/|1 Stk.|"Die Reissverschlusstasche VELOBAG® ist zum Abheften und passend für alle Ringbücher im A5-Format zur Aufbewahrung von Utensilien. Nicht für A5-Blätter geeignet.

Material: PP-Folie mit textilverstärkten Kanten."||||||||||||||||||||||Non-Organic||||{'scope_of_delivery': '1 Stück', 'Material': 'Kunststoff', 'Inhalt': '1 Stk.', 'Produkttyp': 'Mappen'}||||||||||||||5.0|1|456926_1.png|https://static.mueller.de/6486300114-PV-0/pdzoom/velobag-utensilientasche-mit-reissverschluss-a5-schwarz.webp||||||||||||||||||||||||||||||||1 Stk.|||True||456926P|||||||||35
22557|mueller||||||||2024-10-28|Revell 07242 - Shelby Mustang GT 350 H|REVELL||1|Stk.|Home|Spielwaren|Modellbau & Modelleisenbahn|Modellbau|Fahrzeuge|Revell 07242 - Shelby Mustang GT 350 H||36,99 €|36,99 €||||||||||||||EUR|Home> Spielwaren> Modellbau & Modelleisenbahn> Modellbau> Fahrzeuge> Revell 07242 - Shelby Mustang GT 350 H|https://www.mueller.at/p/revell-07242-shelby-mustang-gt-350-h-22557/|1 Stk.|"Shelby Mustang GT 350 H1964 wurde auf der Weltausstellung in New York ein speziell für die jugendlichen Fahrer entwickeltes, attraktiv gestaltetes Coupé der Öffentlichkeit präsentiert. Dieser sportliche und preiswerte Ford Mustang, der Stammvater der ""Pony Cars"", war ab April'64 erhältlich und in nur einem halben Jahr veräußerte Ford unglaubliche 680.000 Stück von ihm. 1965 erschien eine von Carroll Shelby gebaute Hochleistungsstraßenversion des Mustang, der GT 350, mit einem 4,7-Liter-V8-Motor. Der Autovermieter Hertz orderte 1000 Exemplare des GT 350 H (H steht für Hertz) in schwarz mit goldenen Zierstreifen, um an Kunden ""auch Rennwagen"" vermieten zu können, die sehr schnell an den 306 PS starken Ausnahme-Mustang Gefallen fanden.Zum Modell: - Originalgetreu nachgebildete Karosserie mit feinen Oberflächenstrukturen- Separate, bewegliche Motorhaube- Mehrteiliger, detaillierter Motor- Separate Auspuffanlage- Detaillierter Innenraum mit authentischem Instrumentenbord und strukturiertenSchalensitzen- detaillierte Radaufhängungen- originalgetreu nachgebildete Felgen- detailliertes Chassis- viele Chromteile, darunter Felgen, Stoßstangen und Kühlergrill- Anleitung und authentische AbziehbilderBenötigte Farben: 7; 9; 52; 90; 91; 99; 302; 378; 730; 731Zusatzfarben: 31; 94; 301; 381"||||||||10 Jahre||||||||||||||Non-Organic||||{'target_group': 'Jugendliche', 'Herstelleradresse': 'Carrera Revell Europe GmbH', 'Kontaktmöglichkeit': 'Henschelstr. 20-30 32257 Bünde', 'Artikelnummer des Herstellers': '07242', 'license': 'Revell Modellbau Autos', 'Altersempfehlung ab': '10 Jahre', 'Altersempfehlung bis': '99 Jahre', 'Materialdetails': 'Kunststoff', 'Material': 'Kunststoff', 'Inhalt': '1 Stk.', 'Anzahl Teile': '86', 'Maßstab': 'ca. 1:24', 'Produkttyp': 'Oldtimer'}||||||||Kunststoff||||||0|0|22557_1.png|https://static.mueller.de/62403055-PB-0/pdzoom/revell-07242-shelby-mustang-gt-350-h.webp|22557_2.png|https://static.mueller.de/62403055-PB-1/pdzoom/revell-07242-shelby-mustang-gt-350-h.webp|22557_3.png|https://static.mueller.de/62403055-PB-2/pdzoom/revell-07242-shelby-mustang-gt-350-h.webp|22557_4.png|https://static.mueller.de/62403055-PB-3/pdzoom/revell-07242-shelby-mustang-gt-350-h.webp||||||||||||||||Carrera Revell Europe GmbH||||||||||1 Stk.|||True||22557P|||||||||2
799548|mueller||||||||2024-10-28|Dr.Oetker Teigschaber|DR.OETKER||1|Stk.|Home|Haushalt|Kochen & Backen|Backzubehör|Weiteres Zubehör|Dr.Oetker Teigschaber||2,99 €|2,99 €||||||||||||||EUR|Home> Haushalt> Kochen & Backen> Backzubehör> Weiteres Zubehör> Dr.Oetker Teigschaber|https://www.mueller.at/p/dr-oetker-teigschaber-799548/|1 Stk.|Der Dr. Oetker Teigschaber aus stabilem Holz und Kautschuk eignet sich dank abgerundeten Kanten und geraden Seiten für das Glattstreichen und Ausschaben von Teig in Kuchenformen oder Schüsseln. Er lässt sich platzsparend aufbewahren und einfach per Hand reinigen.||||||||||||||||||||||Non-Organic||||{'Pflegehinweis': 'Per Hand reinigen.', 'manufacturer': 'Zenker Backformen GmbH & Co. KG', 'Herstelleradresse': 'Fritz-Mayer-Straße 7, 86661 Aichach', 'Kontaktmöglichkeit': 'service@oetker-kitchentools.de', 'Tiefe': '25 cm', 'Inhalt': '1 Stk.'}||||||||||||||0|0|799548_1.png|https://static.mueller.de/6910226662-PV-0/pdzoom/dr-oetker-teigschaber.webp||||||||||||||||Per Hand reinigen.||||||Zenker Backformen GmbH & Co. KG||||||||||1 Stk.|||True||799548P|||||||||10
456936|mueller||||||||2024-10-28|VELOBAG® Utensilientasche mit Reissverschluss A4 schwarz|VELOFLEX||1|Stk.|Home|Schreibwaren|Büro|Ordner & Mappen|Mappen|VELOBAG®  Utensilientasche mit Reissverschluss A4 schwarz||2,39 €|2,39 €||||||||||||||EUR|Home> Schreibwaren> Büro> Ordner & Mappen> Mappen> VELOBAG®  Utensilientasche mit Reissverschluss A4 schwarz|https://www.mueller.at/p/velobag-utensilientasche-mit-reissverschluss-a4-schwarz-456936/|1 Stk.|"Die Reissverschlusstasche VELOBAG® ist zum Abheften und passend für alle Ringbücher im A4-Format zur Aufbewahrung von Utensilien. Nicht für A4-Blätter geeignet.
Material: PP-Folie mit textilverstärkten Kanten"||||||||||||||||||||||Non-Organic||||{'Inhalt': '1 Stk.', 'Produkttyp': 'Mappen'}||||||||||||||0|0|456936_1.png|https://static.mueller.de/6448189863-PV-0/pdzoom/velobag-utensilientasche-mit-reissverschluss-a4-schwarz.webp||||||||||||||||||||||||||||||||1 Stk.|||True||456936P|||||||||35
799577|mueller||||||||2024-10-28|Mess- & Rührbecher Ø 15cm|||1|Stk.|Home|Haushalt|Kochen & Backen|Backzubehör|Weiteres Zubehör|Mess- & Rührbecher Ø 15cm||15,99 €|15,99 €||||||||||||||EUR|Home> Haushalt> Kochen & Backen> Backzubehör> Weiteres Zubehör> Mess- & Rührbecher Ø 15cm|https://www.mueller.at/p/mess-ruehrbecher-15cm-799577/|1 Stk.|Der Mess- und Rührbecher (Ø 15 cm) mit 1,4 l Füllvermögen aus Kunststoff eignet sich hervorragend für das Abmessen von Flüssigkeiten und Trockenzutaten und zum Umrühren. Der Becher wird mit Spritzschutzring und Frischhaltedeckel geliefert. Dank den länderspezifischen Messskalen kann beim Abmessen nichts schief gehen. Der Becher überzeugt besonders durch seinen rutschfesten Boden. Nach dem Gebrauch kann er zur Reinigung in die Spülmaschine gegeben werden.||||||||||||||||||||||Non-Organic||||{'manufacturer': 'Zenker Backformen GmbH & Co. KG', 'Herstelleradresse': 'Fritz-Mayer-Straße 7, 86661 Aichach', 'Kontaktmöglichkeit': 'service@zenker-backformen.de', 'Durchmesser': '15 cm', 'Inhalt': '1 Stk.'}||||||||||||||0|0|799577_1.png|https://static.mueller.de/6908145640-PV-0/pdzoom/mess-ruehrbecher-15cm.webp||||||||||||||||||||||Zenker Backformen GmbH & Co. KG||||||||||1 Stk.|||True||799577P|||||||||10
22530|mueller||||||||2024-10-28|tesa®Powerstrips® Poster|TESA®||1|Stk.|Home|Schreibwaren|Bastelbedarf|Kleber|tesa®Powerstrips® Poster|||3,49 €|3,49 €||||||||||||||EUR|Home> Schreibwaren> Bastelbedarf> Kleber> tesa®Powerstrips® Poster|https://www.mueller.at/p/tesa-powerstrips-poster-22530/|1 Stk.|tesa®Powerstrips® Poster sind die ideale Lösung für das Befestigen von flachen Objekten mit einem Gewicht bis zu 200 Gramm an Wänden oder Decken. Zu diesen leichten Gegenständen zählen unter anderem Poster, Plakate, Fotos, Zeichnungen oder Charts. Dank einer hohen Haltekraft garantieren die doppelseitigen Klebestrips einen sicheren Halt, auch auf schwierigen Untergründen wie Tapeten oder Lackflächen. Die Posterstrips lassen sich schnell und einfach anbringen und hinterlassen beim Ablösen keinerlei unerwünschte Spuren wie Klebereste. Im Vergleich zu anderen Lösungen entstehen auch keine Löcher. *Beidseitig klebend *Sicherer Halt bis zu 200 g Gewicht *Einfach zu befestigen und jederzeit spurlos wieder ablösbar *Unauffällig und schonend auch für sensiblen Untergründen wie Tapeten oder Lackflächen *Dank der zugespitzten Form besonders gut für leichte und empfindliche Materialien geeignet||||||||||||||||||||||Non-Organic||||{'scope_of_delivery': '20 Strips', 'Farbe': 'weiß', 'Breite': '8.1 cm', 'Tiefe': '1.5 cm', 'Inhalt': '1 Stk.', 'Produkttyp': 'Kleber'}||||||weiß||||||||0|0|22530_1.png|https://static.mueller.de/5783061830-PV-0/pdzoom/tesa-powerstrips-poster.webp|22530_2.png|https://static.mueller.de/5783061830-PB-1/pdzoom/tesa-powerstrips-poster.webp|22530_3.png|https://static.mueller.de/5783061830-PB-2/pdzoom/tesa-powerstrips-poster.webp||||||||||||||||||||||||||||1 Stk.|||True||22530P|||||||||20
22540|mueller||||||||2024-10-28|Metzger & Mendle Papierkorb|METZGER & MENDLE||1|Stk.|Home|Schreibwaren|Büro|Bürobedarf|Sonstiges|Metzger & Mendle Papierkorb||4,99 €|4,99 €||||||||||||||EUR|Home> Schreibwaren> Büro> Bürobedarf> Sonstiges> Metzger & Mendle Papierkorb|https://www.mueller.at/p/metzger-mendle-papierkorb-22540/|1 Stk.|Der runde Papierkorb fasst 18 Liter und hat einen umlaufenden Griffrand. Er ist aus pflegeleichtem Polypropylen gefertigt und lässt sich leicht reinigen. Zudem ist der Papierkorb standfest und stabil. Made in Germany||||||||||||||||||||||Non-Organic||||{'Farbe': 'schwarz', 'Inhalt': '1 Stk.', 'Produkttyp': 'Papierkorb'}||||||schwarz||||||||0|0|22540_1.png|https://static.mueller.de/5770566470-PV-0/pdzoom/metzger-mendle-papierkorb.webp||||||||||||||||||||||||||||||||1 Stk.|||True||22540P|||||||||10
22542|mueller||||||||2024-10-28|folia Faltblätter aus Origamipapier 96 Blatt 19 x 19 cm|FOLIA||1|Stk.|Home|Schreibwaren|Bastelbedarf|Papier & Karton|folia Faltblätter aus Origamipapier 96 Blatt 19 x 19 cm|||4,39 €|4,39 €||||||||||||||EUR|Home> Schreibwaren> Bastelbedarf> Papier & Karton> folia Faltblätter aus Origamipapier 96 Blatt 19 x 19 cm|https://www.mueller.at/p/folia-faltblaetter-aus-origamipapier-96-blatt-19-x-19-cm-22542/|1 Stk.|Farbig sortiertes Papier für die beliebte Origami-Falttechnik.||||||||||||||||||||||Non-Organic||||{'Grammatur in g/m2': '80', 'scope_of_delivery': '96 Blatt in 19 x 19 cm', 'Inhalt': '1 Stk.', 'Produkttyp': 'Bastelpapier & -karton'}||||||||||||||0|0|22542_1.png|https://static.mueller.de/5741189845-PV-0/pdzoom/folia-faltblaetter-aus-origamipapier-96-blatt-19-x-19-cm.webp|22542_2.png|https://static.mueller.de/5741189845-PB-1/pdzoom/folia-faltblaetter-aus-origamipapier-96-blatt-19-x-19-cm.webp||||||||||||||||||||||||||||||1 Stk.|||True||22542P|||||||||10
2640572|mueller||||||||2024-10-28|Zeit zum Vorlesen, Zeit zum Kuscheln - Die schönsten Vorlesegeschichten für die ganze Familie|-||1|Stk.|Home|Spielwaren|Buch & Schulbedarf|Kinder- & Jugendbücher|Zeit zum Vorlesen, Zeit zum Kuscheln - Die schönsten Vorlesegeschichten für die ganze Familie|||10,30 €|10,30 €||||||||||||||EUR|Home> Spielwaren> Buch & Schulbedarf> Kinder- & Jugendbücher> Zeit zum Vorlesen, Zeit zum Kuscheln - Die schönsten Vorlesegeschichten für die ganze Familie|https://www.mueller.at/p/zeit-zum-vorlesen-zeit-zum-kuscheln-die-schoensten-vorlesegeschichten-fuer-die-ganze-familie-2640572/|1 Stk.|+ Beliebte Themen: Tiere, Meerjungfrauen, Abenteuer, ... + Aufwendig farbig illustriert + Perfekt geeignet zum Vorlesen + Detailreiche und liebevolle Illustrationen + Fördert die emotionale Entwicklung Ihres Kindes +    Vorlesezeit ist Familienzeit!     Ob Ballet-Hasen, gar-nicht-müde Meerjungfrauen oder freche Tierkinder: Sie alle sind in diesem Buch vereint und erzählen Geschichten über Freundschaft und darüber, dass man genau so richtig ist, wie man ist.  Wundervolle Vorlesegeschichten für Groß und Klein, die zum gemeinsamen Kuscheln und zur Ruhe kommen einladen. Perfekt für die wertvolle Vorlesezeit!     Die abwechslungsreichen und unterhaltsamen Geschichten eignen sich perfekt für das gemeinsame Vorlesen – egal ob an Regentagen, abends kurz vor dem Einschlafen oder an Wochenenden.||||||||||||||||||||||Non-Organic||||{'target_group': 'Kindergartenkinder', 'genre': 'Vorlesen', 'publisher': 'Loewe Verlag', 'Einband': 'Hardcover', 'publishing_year': '2020', 'Inhalt': '1 Stk.', 'ISBN Ausgangsbuch': '9783743208346', 'Produkttyp': 'Kinder- & Jugendbücher', 'page_number': '128'}||||||||||||||0|0|2640572_1.png|https://static.mueller.de/6839258514-PV-0/pdzoom/zeit-zum-vorlesen-zeit-zum-kuscheln-die-schoensten-vorlesegeschichten-fuer-die-ganze-familie.webp||||||||||||||||||||||||||||||||1 Stk.|||False||2640572P|||||||||1
942114|mueller||||||||2024-10-28|LEIFHEIT manuelle Personenwaage Tempo|LEIFHEIT||1|Stk.|Home|Haushalt|Schönheit & Gesundheit|Fitness|Körperwaagen|LEIFHEIT manuelle Personenwaage Tempo||21,99 €|21,99 €||||||||||||||EUR|Home> Haushalt> Schönheit & Gesundheit> Fitness> Körperwaagen> LEIFHEIT manuelle Personenwaage Tempo|https://www.mueller.at/p/leifheit-manuelle-personenwaage-tempo-942114/|1 Stk.|"Klassisch in Qualität, Design und Funktionalität bietet die analoge Personenwaage Tempo White alles, was eine gute Waage braucht: eine Trittfläche mit rutschfestem Mini-Noppenbelag, ein übersichtliches und leicht lesbare Vollsichtskala sowie Zuverlässigkeit und 130 kg Tragkraft, alles verpackt in ein stabiles Stahlgehäuse.Robuste Qualität, klassisches Design und Top-Funktionalität sind die Markenzeichen der analogen Personenwaage Tempo White, die alles hat, was eine gute Waage braucht. Die Trittfläche ist mit einem rutschfesten Mini-Noppenbelag ausgestattet und sorgt damit für einen sicheren Stand. Leicht ablesbar und in übersichtlichen 1-kg-Schritten wird das Gewicht auf der großen Vollsichtskala angezeigt. Bei 130 kg Tragkraft liefert die Tempo White stets präzise und zuverlässige Ergebnisse. Das praktische Justierrad sorgt zusätzlich für punktgenaues Ausrichten. Alles zusammen verpackt in ein stabiles Gehäuse aus hochwertigem Stahl mit ebenso rutschfesten wie fußbodenschonenden Standfüßen.

Besonders gutes Ablesen des Gewichts durch große Vollsichtskala
Mit praktischem Justierrad
Gehäuse aus hochwertigem Stahl
3 Jahre Garantie
"||||||||||||||||||||||Non-Organic||||{'Modellnummer': 'TEMPO', 'manufacturer': 'Leifheit AG', 'Herstelleradresse': 'Leifheitstraße 1, DE-56377 Nassau', 'Kontaktmöglichkeit': 'info@leifheit.com', 'Farbe': 'weiß', 'Höhe': '6.5 cm', 'Breite': '28.9 cm', 'Tiefe': '29.6 cm', 'Inhalt': '1 Stk.'}||||||weiß|TEMPO|||||||4.55|20|942114_1.png|https://static.mueller.de/pdzoom/4006501610980_PV.webp|942114_2.png|https://static.mueller.de/pdzoom/4006501610980_PD1.webp|942114_3.png|https://static.mueller.de/pdzoom/4006501610980_PD2.webp||||||||||||||||||Leifheit AG||||||||||1 Stk.|||True||942114P|||||||||10
2640578|mueller||||||||2024-10-28|WELEDA GRANATAPFEL Straffendes Gesichtsöl|WELEDA||30|ml|Home|Parfümerie|Pflege|Gesichtspflege|Spezialpflege|Gesichtsöl|WELEDA GRANATAPFEL Straffendes Gesichtsöl|24,90 €|24,90 €|||||||||||830,00 € / 1 l|||EUR|Home> Parfümerie> Pflege> Gesichtspflege> Spezialpflege> Gesichtsöl> WELEDA GRANATAPFEL Straffendes Gesichtsöl|https://www.mueller.at/p/weleda-granatapfel-straffendes-gesichtsoel-2640578/|30 ml|Diese leichte, antioxidative Intensivpflege mit acht reichhaltigen Bio-Pflanzenölen, wie Granatapfel-, Avocado- und Arganöl, nährt die Haut intensiv und unterstützt die Zellerneuerung. Für eine strahlende Haut, voller Energie. Aktiviert die ZellerneuerungStärkt die natürliche Ausstrahlung der HautZieht schnell ein||Kühl, trocken und lichtgeschützt lagern||||||||||||||||||||Non-Organic||||{'Lagerhinweis': 'Kühl, trocken und lichtgeschützt lagern', 'target_group': 'Unisex', 'manufacturer': 'Weleda AG', 'Herstelleradresse': 'Möhlerstraße 3, D-73525 Schwäbisch Gmünd', 'Kontaktmöglichkeit': 'www.weleda.de', 'fragrance_note': 'süß', 'dermatologically_tested': 'Ja', 'Anwendungshinweis': 'Morgens und abends einige Tropfen auf die gereinigte, noch feuchte Haut von Gesicht, Hals und Dekolleté auftragen und sanft einmassieren. Alternativ die Tages- und Nachtpflege damit anreichern. Auch als Make-up-Grundlage geeignet.', 'package_contents': 'Ingredients (INCI): Prunus Armeniaca (Apricot) Kernel Oil+, Persea Gratissima (Avocado) Oil+, Carthamus Tinctorius (Safflower) Seed Oil+, Triticum Vulgare (Wheat) Germ Oil, Simmondsia Chinensis (Jojoba) Seed Oil+, Punica Granatum Seed Oil+, Macadamia Ternifolia Seed Oil+, Sesamum Indicum (Sesame) Seed Oil+, Argania Spinosa Kernel Oil+, Panicum Miliaceum (Millet) Seed+ Extract, Fragrance (Parfum)*, Limonene*, Linalool*, Geraniol*, Citral*, Coumarin*. [8007520001] *from natural essential oils +from organic cultivation', 'skin_type': 'trockene Haut', 'product_property': 'rückfettend', 'Inhalt': '30 ml', 'scope_of_application': 'Spezialpflege', 'Produkttyp': 'Creme'}||||||||||||||4.8095|42|2640578_1.png|https://static.mueller.de/markant_04001638502368_pv_4970043/pdzoom/weleda-granatapfel-straffendes-gesichtsoel.webp|2640578_2.png|https://static.mueller.de/markant_04001638502368_pv_4973787/pdzoom/weleda-granatapfel-straffendes-gesichtsoel.webp|2640578_3.png|https://static.mueller.de/markant_04001638502368_pd_4052874/pdzoom/weleda-granatapfel-straffendes-gesichtsoel.webp|2640578_4.png|https://static.mueller.de/markant_04001638502368_pv_4052873/pdzoom/weleda-granatapfel-straffendes-gesichtsoel.webp|2640578_5.png|https://static.mueller.de/markant_04001638502368_pr_4965423/pdzoom/weleda-granatapfel-straffendes-gesichtsoel.webp|2640578_6.png|https://static.mueller.de/markant_04001638502368_pr_4052872/pdzoom/weleda-granatapfel-straffendes-gesichtsoel.webp||||||||||||Weleda AG||||||||||30 ml|Ingredients (INCI): Prunus Armeniaca (Apricot) Kernel Oil+, Persea Gratissima (Avocado) Oil+, Carthamus Tinctorius (Safflower) Seed Oil+, Triticum Vulgare (Wheat) Germ Oil, Simmondsia Chinensis (Jojoba) Seed Oil+, Punica Granatum Seed Oil+, Macadamia Ternifolia Seed Oil+, Sesamum Indicum (Sesame) Seed Oil+, Argania Spinosa Kernel Oil+, Panicum Miliaceum (Millet) Seed+ Extract, Fragrance (Parfum)*, Limonene*, Linalool*, Geraniol*, Citral*, Coumarin*. [8007520001] *from natural essential oils +from organic cultivation||True||2640578P|||||||||10
153315|mueller||||||||2024-10-28|SIKU 1614 Super - Tieflader mit Rakete|SIKU||1|Stk.|Home|Spielwaren|Verkehr & Action|Fahr- & Flugzeuge|Fahrzeuge & Fluggeräte|SIKU 1614 Super - Tieflader mit Rakete||8,99 €|8,99 €||||||||||||||EUR|Home> Spielwaren> Verkehr & Action> Fahr- & Flugzeuge> Fahrzeuge & Fluggeräte> SIKU 1614 Super - Tieflader mit Rakete|https://www.mueller.at/p/siku-1614-super-tieflader-mit-rakete-153315/|1 Stk.|"Bereit für das Weltraum-Abenteuer
Der Weltraum strahlt für viele Kinder eine ganz besondere Faszination aus. Mit den Spielzeugen von siku können die Kinder diese Faszination immer wieder aufs Neue nachspielen. Die Detailtreue sorgt für den nötigen Realismus. In Kombination mit weiteren Spielzeugen können immer wieder neue Spielsituationen geschaffen werden.
Produktmaße in mm: 175x36x44"||||||||3 Jahre||||||||||||||Non-Organic||||"{'particularities': 'Der Hersteller behält sich farbliche und technische Änderungen vor. Zur Darstellung der Neuheiten werden zum Teil Originalfotos und Prototypen eingesetzt. Abweichungen zum Lieferzustand des Modells sind möglich.', 'target_group': 'Kindergartenkinder|Grundschüler', 'Kontaktmöglichkeit': 'Sieper GmbH', 'Artikelnummer des Herstellers': '1614', 'license': 'SIKU SUPER', 'Altersempfehlung ab': '3 Jahre', 'Altersempfehlung bis': '99 Jahre', 'Materialdetails': 'Metall (Hauptsächlich)', 'Material': 'Metall (Hauptsächlich)', 'Inhalt': '1 Stk.', 'Maßstab': 'ca. 1:55', 'Produkttyp': 'Metallfertigmodelle mit hoher Modelltreue'}"||||||||Metall (Hauptsächlich)||||||5.0|1|153315_1.png|https://static.mueller.de/62348199-PV-0/pdzoom/siku-1614-super-tieflader-mit-rakete.webp||||||||||||||||||||||1614||||||||||1 Stk.|||True||153315P|||||||||10
2772285|mueller||||||||2024-10-28|Doppelherz Magnesium Intense 600 Depot|DOPPELHERZ||30|Stk.|Home|Drogerie|Lebensmittel|Nahrungsergänzung|Doppelherz Magnesium Intense 600 Depot|||6,95 €|6,95 €|||||||||||2,32 € / 10 Stk.|||EUR|Home> Drogerie> Lebensmittel> Nahrungsergänzung> Doppelherz Magnesium Intense 600 Depot|https://www.mueller.at/p/doppelherz-magnesium-intense-600-depot-IPN2772285/|30 Stk.|"Erhöhte körperliche Belastungen in Beruf und Sport können Muskeln und Nerven beanspruchen. Hierdurch kann ein erhöhter Bedarf an Magnesium entstehen. Magnesium ist ein lebensnotwendiger Mineralstoff, den der Körper nicht selbst bilden kann. Eine Speicherung ist nur in begrenztem Umfang möglich. Gesunde Knochen sind jedem Alter wichtig, denn sie bilden das Gerüst unseres Körpers. Für den Knochenerhalt spielt Vitamin D eine wichtige Rolle. Eine Tablette von Doppelherz enthält 600 mg hochdosiertes Magnesium und 25 µg Vitamin D (entspricht 1000 I.E. = Internationale Einheiten). Vitamin D trägt zum Erhalt gesunder Knochen bei und trägt außerdem zu einer normalen Aufnahme und Verwertung von Calcium bei. So dient es als ""Einbauhelfer"" für das aus der Nahrung aufgenommene Knochenmineral Calcium. Magnesium trägt zur normalen Funktion der Muskeln bei
und unterstützt die normale Funktion des Nervensystems.Vitamin D trägt zum Erhalt normaler Knochen bei.Vitamin D trägt zum Erhalt einer normalen Funktion des
Immunsystems bei.Depot-Tablette mit zeitversetzter NährstofffreigabeHochdosiert mit 600 mg Magnesium"||Trocken und nicht über 25°C lagern.|||||||||{'Nährwerte je': '1 PTN'}|||||||||||Non-Organic||||{'Lagerhinweis': 'Trocken und nicht über 25°C lagern.', 'dosage_form': 'Tabletten & Kapseln', 'manufacturer': 'Queisser Pharma GmbH & Co. KG', 'Herstelleradresse': 'Schleswiger Straße 74, 24914 Flensburg, Deutschland', 'Kontaktmöglichkeit': 'info@queisser.de', 'Anwendungshinweis': 'Täglich ½- 1 Tablette zu einer Mahlzeit mit ausreichend Flüssigkeit unzerkaut einnehmen. Bei erhöhtem Magnesiumbedarf z.B. aufgrund starker körperlicher Belastung in Verbindung mit einer magnesiumarmen Ernährung, 1 Tablette täglich einnehmen. Liegt lediglich eine unausgewogene Ernährung vor, eine ½ Tablette einnehmen.', 'Inhalt': '30 Stk.', 'Zutaten': 'Magnesiumoxid, Füllstoff mikrokristalline Cellulose, Füllstoff Isomalt, Überzugsmittel Hydroxypropylmethylcellulose, Füllstoff Polyvinylpyrrolidon, modifizierte Stärke, Trennmittel Speisefettsäuren, Trennmittel Magnesiumsalze der Speisefettsäuren, Füllstoff Polyethylenglycol, Stärke, Trennmittel Talkum, Trennmittel Zuckerester von Speisefettsäuren, Farbstoff Eisenoxide und Eisenhydroxide, Vitamin D', 'Produkttyp': 'Nahrungsergänzung', 'warning_notice': 'Die angegebene empfohlene tägliche Verzehrsmenge darf nicht überschritten werden. Nahrungsergänzungsmittel sollten nicht als Ersatz für eine ausgewogene und abwechslungsreiche Ernährung dienen. Achten Sie auf eine gesunde Lebensweise. Außerhalb der Reichweite von kleinen Kindern aufbewahren.', 'Zubereitungshinweis': 'Täglich 1/2 – 1 Tablette zu einer Mahlzeit mit ausreichend Flüssigkeit unzerkaut einnehmen. Bei erhöhtem Magnesiumbedarf z. B. aufgrund starker körperlicher Belastung in Verbindung mit einer magnesiumarmen Ernährung, 1 Tablette täglich einnehmen. Liegt lediglich eine unausgewogene Ernährung vor, eine 1/2 Tablette einnehmen.'}||||||||||||||0|0|2772285_1.png|https://static.mueller.de/markant_04009932134100_pv_4670725/pdzoom/doppelherz-magnesium-intense-600-depot.webp|2772285_2.png|https://static.mueller.de/markant_04009932134100_pr_4670728/pdzoom/doppelherz-magnesium-intense-600-depot.webp|2772285_3.png|https://static.mueller.de/markant_04009932134100_pd_4670729/pdzoom/doppelherz-magnesium-intense-600-depot.webp|2772285_4.png|https://static.mueller.de/markant_04009932134100_pd_4670726/pdzoom/doppelherz-magnesium-intense-600-depot.webp||||||||||||||||Queisser Pharma GmbH & Co. KG||||||||||30 Stk.|||True||2772285P||||"Die angegebene empfohlene tägliche Verzehrsmenge darf nicht überschritten werden. Nahrungsergänzungsmittel sind kein Ersatz für eine ausgewogene und abwechslungsreiche Ernährung und eine gesunde Lebensweise. Für kleine Kinder unzugänglich aufbewahren.
Für Kinder und Jugendliche, Schwangere und Stillende, sowie Personen mit eingeschränkter Nierenfunktion nicht geeignet.
Mengen über 250 mg Magnesium können bei empfindlichen Personen abführend wirken."|||||10
167950|mueller||||||||2024-10-28|Märklin 74990 - H0 - Gleisschrauben für C-Gleis|MÄRKLIN||1|Stk.|Home|Spielwaren|Modellbau & Modelleisenbahn|Modelleisenbahn|Zubehör|Märklin 74990 - H0 - Gleisschrauben für C-Gleis||10,49 €|10,49 €||||||||||||||EUR|Home> Spielwaren> Modellbau & Modelleisenbahn> Modelleisenbahn> Zubehör> Märklin 74990 - H0 - Gleisschrauben für C-Gleis|https://www.mueller.at/p/maerklin-74990-h0-gleisschrauben-fuer-c-gleis-167950/|1 Stk.|Gleisschrauben für C-GleisInhalt 200 Stück.zur Befestigung der C-Gleise1,6 x 13 mm mit Kreuzschlitz||||||||15 Jahre||||||||||||||Non-Organic||||"{'Spur Modelleisenbahn': 'H0 - 1:87', 'target_group': 'Jugendliche|Erwachsene', 'Kontaktmöglichkeit': 'Gebr. Märklin & Cie. GmbH', 'Artikelnummer des Herstellers': '74990', 'license': 'Märklin - Spur H0 - Zubehör - C-Gleis', 'Altersempfehlung ab': '15 Jahre', 'Altersempfehlung bis': '99 Jahre', 'Inhalt': '1 Stk.', 'Produkttyp': 'Sonstiges Zubehör', 'verschluckbare Magnete': 'Nein'}"||||||||||||||5.0|1|167950_1.png|https://static.mueller.de/205555214-PB-0/pdzoom/maerklin-74990-h0-gleisschrauben-fuer-c-gleis.webp||||||||||||||||||||||74990||||||||||1 Stk.|||True||167950P|||||||||10
167951|mueller||||||||2024-10-28|Märklin 74999 - H0 - Schraubendreher zu C-Gleis und K-Gleis|MÄRKLIN||1|Stk.|Home|Spielwaren|Modellbau & Modelleisenbahn|Modelleisenbahn|Zubehör|Märklin 74999 - H0 - Schraubendreher zu C-Gleis und K-Gleis||6,49 €|6,49 €||||||||||||||EUR|Home> Spielwaren> Modellbau & Modelleisenbahn> Modelleisenbahn> Zubehör> Märklin 74999 - H0 - Schraubendreher zu C-Gleis und K-Gleis|https://www.mueller.at/p/maerklin-74999-h0-schraubendreher-zu-c-gleis-und-k-gleis-167951/|1 Stk.|Schraubendreher zu C-Gleismit Kreuzschlitzspitze Größe 00 (Ph)Für Gleisschrauben 790 C und K-Gleis 7599||||||||15 Jahre||||||||||||||Non-Organic||||"{'Spur Modelleisenbahn': 'H0 - 1:87', 'target_group': 'Jugendliche|Erwachsene', 'Kontaktmöglichkeit': 'Gebr. Märklin & Cie. GmbH', 'Artikelnummer des Herstellers': '74999', 'license': 'Märklin - Spur H0 - Zubehör - Sonstiges', 'Altersempfehlung ab': '15 Jahre', 'Altersempfehlung bis': '99 Jahre', 'Inhalt': '1 Stk.', 'Produkttyp': 'Sonstiges Zubehör', 'verschluckbare Magnete': 'Nein'}"||||||||||||||0|0|167951_1.png|https://static.mueller.de/205526135-PB-0/pdzoom/maerklin-74999-h0-schraubendreher-zu-c-gleis-und-k-gleis.webp||||||||||||||||||||||74999||||||||||1 Stk.|||True||167951P|||||||||6
167952|mueller||||||||2024-10-28|Märklin 70900 - Werkzeugset|MÄRKLIN||1|Stk.|Home|Spielwaren|Modellbau & Modelleisenbahn|Modelleisenbahn|Zubehör|Märklin 70900 - Werkzeugset||25,99 €|25,99 €||||||||||||||EUR|Home> Spielwaren> Modellbau & Modelleisenbahn> Modelleisenbahn> Zubehör> Märklin 70900 - Werkzeugset|https://www.mueller.at/p/maerklin-70900-werkzeugset-167952/|1 Stk.|Werkzeugset für die Wartung von H0- und mini-club-Modellen.Inhalt:je 1 Kreuzschlitz- Schraubendreher PH 00, PH 0 und PH 1.Je 1 Schlitz-Schraubendreher 2,0 mm und 3,0 mm.Je 1 Innensechskant-Schraubendreher 2,5 mm, 3,0 mm und 3,5 mm.1 Pinzette und 1 Kreuzpinzette.||||||||15 Jahre||||||||||||||Non-Organic||||"{'Spur Modelleisenbahn': 'H0 - 1:87|Spurunabhängig', 'Strom System Modellbahn': 'AC - Wechselstrom', 'target_group': 'Jugendliche|Erwachsene', 'Kontaktmöglichkeit': 'Gebr. Märklin & Cie. GmbH', 'Artikelnummer des Herstellers': '70900', 'license': 'Märklin - Spur H0 - Zubehör - Sonstiges', 'Altersempfehlung ab': '15 Jahre', 'Altersempfehlung bis': '99 Jahre', 'Inhalt': '1 Stk.', 'Produkttyp': 'Klebstoffe, Farben und Werkzeuge', 'verschluckbare Magnete': 'Nein'}"||||||||||||||0|0|167952_1.png|https://static.mueller.de/71967853-PB-0/pdzoom/maerklin-70900-werkzeugset.webp||||||||||||||||||||||70900||||||||||1 Stk.|||False||167952P|||||||||1
2772277|mueller||||||||2024-10-28|Doppelherz B12 + C + D3 Energie + Immun Depot 30 Tabletten|DOPPELHERZ||30|Stk.|Home|Drogerie|Lebensmittel|Nahrungsergänzung|Doppelherz B12 + C + D3 Energie + Immun Depot 30 Tabletten|||5,95 €|5,95 €|5,95 €|4,95 €||||17%|Sie sparen 17%||||1,65 € / 10 Stk.|||EUR|Home> Drogerie> Lebensmittel> Nahrungsergänzung> Doppelherz B12 + C + D3 Energie + Immun Depot 30 Tabletten|https://www.mueller.at/p/doppelherz-b12-c-d3-energie-immun-depot-30-tabletten-IPN2772277/|30 Stk.|"Für die Gesundheit spielt eine ausreichende Versorgung mit Nährstoffen eine wichtige Rolle. Der Körper kann Vitamin B12 nicht selbst bilden, weshalb es über die Nahrung 
aufgenommen werden muss. Bestimmte Vitamine kann der Körper nicht lange speichern. Werden z. B. große Mengen an Vitamin C mit einem Mal aufgenommen, scheidet der Körper einen Teil ungenutzt wieder aus. Vitamin D kann unser Körper durch die regelmäßige Einwirkung von Sonnenlicht auf die Haut selbst bilden. Diese Eigenproduktion reicht in unseren Breitengraden jedoch in Abhängigkeit von der Jahreszeit und den Lebensumständen häufig nicht aus. Doppelherz Vitamin B12 + C + D3 DEPOT enthält Vitamin B12 für den Energiestoffwechsel in Kombination mit Vitamin C und Vitamin D zur Unterstützung der normalen Funktion des Immunsystems. So kann eine gute Vitaminversorgung bei erhöhtem Bedarf, einer unausgewogenen Ernährung oder bei nachlassender Vitamin B12-Verwertung im Alter unterstützt werden. Vitamin B12 trägt zu einem normalen Energiestoffwechsel bei. In Kombination mit Vitamin C und Vitamin D zur Unterstützung der normalen Funktion des Immunsystems.Vitamin B12 trägt zur Verringerung von Müdigkeit + Erschöpfung bei.Vitamin B12, C und D unterstützen eine normale Funktion des Immunsystems.Depot-Tablette mit zeitversetzter Freigabe."||Trocken und nicht über 25°C lagern.|||||||||{'Nährwerte je': '1 PTN'}|||||||||||Non-Organic||||{'Lagerhinweis': 'Trocken und nicht über 25°C lagern.', 'dosage_form': 'Tabletten & Kapseln', 'manufacturer': 'Queisser Pharma GmbH & Co. KG', 'Herstelleradresse': 'Schleswiger Straße 74, 24914 Flensburg, Deutschland', 'Kontaktmöglichkeit': 'info@queisser.de', 'Inhalt': '30 Stk.', 'Zutaten': 'Füllstoff mikrokristalline Cellulose, Vitamin C, Füllstoff Dicalciumphosphat, Füllstoff Hydroxypropylmethylcellulose, modifizierte Stärke, Trennmittel Speisefettsäuren, Trennmittel\nMagnesiumsalze der Speisefettsäuren, Stärke, Trennmittel Talkum, Trennmittel Siliciumdioxid,\nFeuchthaltemittel Glycerin, Farbstoff Eisenoxide und Eisenhydroxide, Vitamin B12, Vitamin D', 'Produkttyp': 'Nahrungsergänzung', 'warning_notice': 'Die angegebene empfohlene tägliche Verzehrsmenge darf nicht überschritten werden. Nahrungsergänzungsmittel sollten nicht als Ersatz für eine ausgewogene und abwechslungsreiche Ernährung dienen. Achten Sie auf eine gesunde Lebensweise. Außerhalb der Reichweite von kleinen Kindern aufbewahren.', 'Zubereitungshinweis': 'Täglich 1 Tablette mit ausreichend Flüssigkeit zu einer Mahlzeit unzerkaut einnehmen'}||||||||||||||0|0|2772277_1.png|https://static.mueller.de/markant_04009932131888_pv_4033286/pdzoom/doppelherz-b12-c-d3-energie-immun-depot-30-tabletten.webp|2772277_2.png|https://static.mueller.de/markant_04009932131888_pr_4033333/pdzoom/doppelherz-b12-c-d3-energie-immun-depot-30-tabletten.webp|2772277_3.png|https://static.mueller.de/markant_04009932131888_pd_4033538/pdzoom/doppelherz-b12-c-d3-energie-immun-depot-30-tabletten.webp|2772277_4.png|https://static.mueller.de/markant_04009932131888_pd_4033498/pdzoom/doppelherz-b12-c-d3-energie-immun-depot-30-tabletten.webp||||||||||||||||Queisser Pharma GmbH & Co. KG||||||||||30 Stk.|||True||2772277P||||"Die angegebene empfohlene tägliche Verzehrsmenge darf nicht überschritten werden. Nahrungsergänzungsmittel sind kein Ersatz für eine ausgewogene und abwechslungsreiche Ernährung und eine gesunde Lebensweise.
Für kleine Kinder unzugänglich aufbewahren.
Für Kinder, Jugendliche, Schwangere und Stillende nicht geeignet.
Täglich 1 Tablette mit ausreichend Flüssigkeit zu einer Mahlzeit unzerkaut einnehmen.
Weitere Vitamin D-haltige Präparate sollten nicht ohne ärztliche Rücksprache eingenommen werden.
Bitte Gebrauchsinformation beachten."|||||10
2601094|mueller||||||||2024-10-28|Aquabeads - Sternperlen Starter-Set|AQUABEADS||1|Stk.|Home|Spielwaren|Kreativ & Basteln|Basteln mit Perlen|Aquabeads - Sternperlen Starter-Set|||24,99 €|24,99 €||||||||||||||EUR|Home> Spielwaren> Kreativ & Basteln> Basteln mit Perlen> Aquabeads - Sternperlen Starter-Set|https://www.mueller.at/p/aquabeads-sternperlen-starter-set-2601094/|1 Stk.|"Besitzen eine einzigartige Perlenform für neuen und unendlichen Bastelspaß. Enthält über 1.000 Perlen. Ab 4 Jahren.
Aquabeads Material:
Aquabeads wurden durch unabhängige Testlabore getestet und diese haben die gesundheitliche Unbedenklichkeit bestätigt. Darüber hinaus entsprechen Aquabeads in vollem Umfang den Standards der Spielzeugsicherheit in Deutschland, der EU und verschiedenen anderen Ländern der Welt, wie z.B. EN71 und ASTM F963. Zusätzlich sind alle Inhaltsstoffe von Experten geprüft und für unbedenklich begutachtet worden. Es wurde zertifiziert, dass sie dem US Standard ""Unites States Art Material Standard ASTM D4326"" entsprechen, welcher zu den schärfsten Sicherheitsstandards für Spielwaren in der Welt gehört.
Der Hauptinhaltsstoff der Perlen ist PVOH. Es gibt weltweit keine Hinweise, dass PVOH in irgendeiner Weise gesundheitsgefährdend sein könnte. Der Stoff ist als pharmazeutischer Hilfsstoff (Zusatzstoff) zugelassen und wird u.a. in Beschichtungen von Pillen und Tabletten genutzt. Er kommt außerdem in Kosmetikartikeln wie Körperlotionen, Verpackungen von Lebensmitteln und als Klebemittel bei Briefmarken zum Einsatz, die durch Spucke oder Flüssigkeit zum Kleben gebracht werden.
Aquabeads sind nicht zum Verzehr geeignet! Den Perlen ist ein Bitterstoff beigefügt. Falls ein Kind eine Perle in den Mund nehmen sollte, wird es sie schnell ausspucken. Der bittere Geschmacksstoff ist völlig unbedenklich und hinterlässt lediglich einen unangenehmen Geschmack im Mund. Nach dem Spielen sollten die Kinder die Hände waschen, um eventuelle Rückstände des Bitterstoffs zu entfernen."||||||||4 Jahre||||||||||||||Non-Organic||||"{'target_group': 'Kindergartenkinder|Grundschüler', 'Artikelnummer des Herstellers': '31601', 'license': 'Aquabeads Bastel Sets', 'Altersempfehlung ab': '4 Jahre', 'Materialdetails': 'Kunststoff (Hauptsächlich)', 'Inhalt': '1 Stk.', 'Produkttyp': 'Bastelperlen', 'verschluckbare Magnete': 'Nein'}"||||||||Kunststoff (Hauptsächlich)||||||0|0|2601094_1.png|https://static.mueller.de/6732858200-PV-0/pdzoom/aquabeads-sternperlen-starter-set.webp||||||||||||||||||||||31601||||||||||1 Stk.|||False||2601094P|||||||||1
2497335|mueller||||||||2024-10-28|Move UP Unisex Sneaker Socken Diabetiker|MOVE UP||1|Stk.|Home|Strümpfe|Damen|Sneaker & Füßlinge|Move UP Unisex Sneaker Socken Diabetiker|||2,99 €|2,99 €||||||||||||||EUR|Home> Strümpfe> Damen> Sneaker & Füßlinge> Move UP Unisex Sneaker Socken Diabetiker|https://www.mueller.at/p/move-up-unisex-sneaker-socken-diabetiker-6708406447/|1 Stk.|- Softer Abschlussbund ohne einzuengen - Hoher Baumwollanteil - Silberionen-Ausrüstung verhindert die Entstehung von Bakterien und schlechten Gerüchen. - Handgekettelte Spitze||||||||||||||||||||||Non-Organic||||"{'Pflegehinweis': 'Normalwaschgang 60°C, Nicht trockenreinigen, Nicht bügeln, Nicht im Wäschetrockner trocknen, Nicht bleichen', 'target_group': 'Damen|Unisex|Herren', 'manufacturer': 'Wilox Strumpfwaren GmbH', 'Herstelleradresse': 'Gewerbestraße 10, D-87787 Wolfertschwenden', 'Kontaktmöglichkeit': 'produkt@wilox.de', 'Materialdetails': '75% Baumwolle\n25% Polyamid', 'Farbe': 'schwarz', 'Inhalt': '1 Stk.'}"||||||schwarz||75% Baumwolle 25% Polyamid||||||5.0|2|2497335_1.png|https://static.mueller.de/6693648011-PV-0/pdzoom/move-up-unisex-sneaker-socken-diabetiker.webp|2497335_2.png|https://static.mueller.de/6693648011-VV-1/pdzoom/move-up-unisex-sneaker-socken-diabetiker.webp||||||||||||||Normalwaschgang 60°C, Nicht trockenreinigen, Nicht bügeln, Nicht im Wäschetrockner trocknen, Nicht bleichen||||||Wilox Strumpfwaren GmbH||||||||||1 Stk.|||True||2497335P|||||||||10
2640590|mueller||||||||2024-10-28|Mein Puste-Licht-Buch: Wenn im Dunkeln Sterne funkeln - Gute-Nacht-Buch mit Puste-Licht und LED-Lämpchen|-||1|Stk.|Home|Spielwaren|Buch & Schulbedarf|Kinder- & Jugendbücher|Mein Puste-Licht-Buch: Wenn im Dunkeln Sterne funkeln - Gute-Nacht-Buch mit Puste-Licht und LED-Lämpchen|||13,40 €|13,40 €||||||||||||||EUR|Home> Spielwaren> Buch & Schulbedarf> Kinder- & Jugendbücher> Mein Puste-Licht-Buch: Wenn im Dunkeln Sterne funkeln - Gute-Nacht-Buch mit Puste-Licht und LED-Lämpchen|https://www.mueller.at/p/mein-puste-licht-buch-wenn-im-dunkeln-sterne-funkeln-gute-nacht-buch-mit-puste-licht-und-led-laempchen-2640590/|1 Stk.|Einmal pusten und es leuchtet! Mitmach-Buch für die Allerkleinsten!  Dieses Pappebuch für Kinder ab 18 Monaten begeistert durch seinen magischen Mitmach-Effekt: Einmal pusten und die Lichter beginnen zu leuchten! So können schon die Allerkleinsten den müden kleinen Tieren beim Einschlafen helfen.  Denn Emma Ente, Fine Fuchs und Benni Bär können einfach nicht einschlafen. Jetzt einmal pusten und schon beginnen die Sterne am Himmel zu leuchten. So können die Tierkinder beruhigt die Äuglein schließen. Ein zauberhaftes Gute-Nacht-Buch mit Puste-Licht!   Die im Buch integrierten LED-Lämpchen werden durch den Luftstrom beim Pusten aktiviert und beginnen wie durch Zauberhand zu leuchten!||||||||||||||||||||||Non-Organic||||{'target_group': 'Kleinkinder', 'genre': 'Bilderbücher', 'publishing_year': '2020', 'Batterie-Typ': 'AgO', 'Inhalt': '1 Stk.', 'ISBN Ausgangsbuch': '9783480236527', 'Produkttyp': 'Kinder- & Jugendbücher', 'page_number': '10'}||||||||||||||0|0|2640590_1.png|https://static.mueller.de/6839258513-PV-0/pdzoom/mein-puste-licht-buch-wenn-im-dunkeln-sterne-funkeln-gute-nacht-buch-mit-puste-licht-und-led-laempchen.webp||||||||||||||||||||||||||||||||1 Stk.|||True||2640590P|||||||||10
549056|mueller||||||||2024-10-28|Heute Vor Dreissig Jahren|||1|Stk.|Home|Multi-Media|Musik|Rock|Heute Vor Dreissig Jahren|||7,99 €|7,99 €||||||||||||||EUR|Home> Multi-Media> Musik> Rock> Heute Vor Dreissig Jahren|https://www.mueller.at/p/heute-vor-dreissig-jahren-549056/|1 Stk.|||||||||||||||||||||||Non-Organic||||{'medium': 'CD', 'Künstler': 'Maffay,Peter', 'Inhalt': '1 Stk.', 'Anzahl Medien im Artikel': '1', 'genre': 'Rock deutschsprachig', 'Label': 'SONY MUSIC'}||||||||||||||0|0|549056_1.png|https://static.mueller.de/pdzoom/phononet_0743218233524_pv_0743218233524-0600px-001.webp|549056_2.png|https://static.mueller.de/pdzoom/phononet_0743218233524_pr_0743218233524-0600px-002.webp|549056_3.png|https://static.mueller.de/80276403-PR-1/pdzoom/heute-vor-dreissig-jahren.webp||||||||||||||||||||||||||||1 Stk.|||False||549056P|||||||||1
588646|mueller||||||||2024-10-28|P & P Parfum Flakon Glas mit Ballonpumpe|PP ACCESSOIRES||1|Stk.|Home|Parfümerie|Düfte für Sie|Zubehör|P & P Parfum Flakon Glas mit Ballonpumpe|||9,99 €|9,99 €||||||||||||||EUR|Home> Parfümerie> Düfte für Sie> Zubehör> P & P Parfum Flakon Glas mit Ballonpumpe|https://www.mueller.at/p/p-p-parfum-flakon-glas-mit-ballonpumpe-588646/|1 Stk.|"Der Glas-Zerstäuber mit Ballonpumpe ist praktisch in der Handhabung und modisch im Design. 
Durch den gläsernen Flakon haben Sie den Füllstand Ihres Parfums immer perfekt im Blick. 
Der Lieferumfang beinhaltet einen unbefüllten Zerstäuber, bitte setzen Sie den Zerstäuber keiner direkten Sonneneinstrahlung oder Hitze aus und transportieren Sie den Zerstäuber nur stehend."||||||||||||||||||||||Non-Organic||||{'manufacturer': 'P&P Accessoires GmbH', 'Herstelleradresse': 'Am Weissen Haus 1, DE- 56626 Andernach', 'Kontaktmöglichkeit': 'info@partnerderparfuemerie.de', 'Material': 'Glas', 'Inhalt': '1 Stk.', 'Produkttyp': 'Zerstäuber'}||||||||||||||0|0|588646_1.png|https://static.mueller.de/5407924625-PV-0/pdzoom/p-p-parfum-flakon-glas-mit-ballonpumpe.webp||||||||||||||||||||||P&P Accessoires GmbH||||||||||1 Stk.|||True||588646P|||||||||10
2615699|mueller||||||||2024-10-28|Multiformat Stereo Gaming Headset-C6-100 (schwarz)|||1|Stk.|Home|Multi-Media|Unterhaltungselektronik|Kopfhörer & Lautsprecher|Headsets|Multiformat Stereo Gaming Headset-C6-100 (schwarz)||22,99 €|22,99 €||||||||||||||EUR|Home> Multi-Media> Unterhaltungselektronik> Kopfhörer & Lautsprecher> Headsets> Multiformat Stereo Gaming Headset-C6-100 (schwarz)|https://www.mueller.at/p/multiformat-stereo-gaming-headset-c6-100-schwarz-2615699/|1 Stk.|C6-100 Headset||||||||||||||||||||||Non-Organic||||{'Höhe': '22.2 cm', 'Breite': '21 cm', 'Tiefe': '7.2 cm', 'Inhalt': '1 Stk.', 'Produkttyp': 'Headset'}||||||||||||||5.0|1|2615699_1.png|https://static.mueller.de/6743111032-PV-0/pdzoom/multiformat-stereo-gaming-headset-c6-100-schwarz.webp||||||||||||||||||||||||||||||||1 Stk.|||True||2615699P|||||||||3
2772243|mueller||||||||2024-10-28|Seeberger Ganze Erdnüsse Jumbo|SEEBERGER||2.5|kg|Home|Drogerie|Lebensmittel|Nahrung|Nüsse & Trockenfrüchte|Seeberger Ganze Erdnüsse Jumbo||24,09 €|24,09 €|24,09 €|19,99 €||||17%|Sie sparen 17%||||8,00 € / 1 kg|||EUR|Home> Drogerie> Lebensmittel> Nahrung> Nüsse & Trockenfrüchte> Seeberger Ganze Erdnüsse Jumbo|https://www.mueller.at/p/seeberger-ganze-erdnuesse-jumbo-IPN2772243/|2.5 kg|Die großen Seeberger Erdnüsse, wie es der Name „Jumbo Erdnüsse“ schon sagt, zeichnen sich durch einheitlich große und schöne Nüsse aus und werden vor dem Verpacken in der Seeberger hauseigenen Rösterei täglich frisch geröstet.  Der besondere Röstgrad verleiht den Kernen ein intensives Aroma – diese hohe Qualität kann man sowohl sehen als auch schmecken! Buttriges AromaPremium-QualitätHauseigene Seeberger Rösterei||Vor Wärme und Feuchtigkeit geschützt aufbewahren.,Store away from heat and moisture.,À conserver à l´abri de la chaleur et de l´humidité. Produit d'importation.||||Erdnüsse,Peanuts,Arachides|||||{'Nährwerte je': '100  g', 'Brennwert': '2636 kj / 637 kcal', 'Fett in g': '53.0 g', '- davon gesättigte Fettsäuren in g': '7.0 g', 'Kohlenhydrate in g': '9.3 g', '- davon Zucker in g': '3.7 g', 'Eiweiß in g': '27.0 g', 'Salz in g': '0.05 g'}|||||||||||Non-Organic||||"{'Lagerhinweis': ""Vor Wärme und Feuchtigkeit geschützt aufbewahren.,Store away from heat and moisture.,À conserver à l´abri de la chaleur et de l´humidité. Produit d'importation."", 'manufacturer': 'Seeberger GmbH', 'Herstelleradresse': 'Hans-Lorenser-Str. 36, 89079 Ulm, Germany', 'Kontaktmöglichkeit': 'shop@seeberger.de', 'Allergenhinweis': 'Erdnüsse,Peanuts,Arachides', 'Inhalt': '2.5 kg', 'Zutaten': 'Ingrédients: ARACHIDES Jumbo grillées,Ingredients: PEANUTS Jumbo roasted,Zutaten: ERDNÜSSE Jumbo geröstet', 'Produkttyp': 'Nüsse, Saaten & Trockenfrüchte'}"||||||||||||||4.0|2|2772243_1.png|https://static.mueller.de/markant_04008258036037_pv_3606707/pdzoom/seeberger-ganze-erdnuesse-jumbo.webp||||||||||||||||||||||Seeberger GmbH||||||||||2.5 kg|||True||2772243P||||Achtung! Insbesondere Kinder unter 4 Jahren können sich an Erdnüssen leicht verschlucken, so dass diese in die Atemwege gelangen können. Deshalb Produkt außerhalb der Reichweite von kleinen Kindern aufbewahren.,Caution! Particularly children under the age of 4 can easily choke on peanuts, which can thereby enter into the airways. Therefore, please keep the product out of reach of children.,Attention ! Les jeunes enfants, particulièrement avant l’âge de 4 ans, peuvent facilement s’étouffer avec les arachides. Les conserver hors de leur portée.|||||10
588639|mueller||||||||2024-10-28|Greatest Hits SOFTPAK|||1|Stk.|Home|Multi-Media|Musik|Pop|Greatest Hits SOFTPAK|||14,99 €|14,99 €||||||||||||||EUR|Home> Multi-Media> Musik> Pop> Greatest Hits SOFTPAK|https://www.mueller.at/p/greatest-hits-softpak-588639/|1 Stk.|||||||||||||||||||||||Non-Organic||||{'medium': 'CD', 'Künstler': 'Chapman,Tracy', 'Inhalt': '1 Stk.', 'Anzahl Medien im Artikel': '1', 'genre': 'Pop international', 'Label': 'Rhino'}||||||||||||||0|0|588639_1.png|https://static.mueller.de/pdzoom/phononet_0081227950132_pv_0081227950132-0600px-001.webp|588639_2.png|https://static.mueller.de/pdzoom/phononet_0081227950132_pr_0081227950132-0600px-002.webp|588639_3.png|https://static.mueller.de/5407933645-PR-1/pdzoom/greatest-hits-softpak.webp||||||||||||||||||||||||||||1 Stk.|||True||588639P|||||||||5
2169557|mueller||||||||2024-10-28|COOL Schleckmuscheln, Strips|COOL||57.9|g|Home|Drogerie|Lebensmittel|Süßigkeiten|Bonbons & Lutscher|COOL Schleckmuscheln, Strips||1,69 €|1,69 €|||||||||||29,19 € / 1 kg|||EUR|Home> Drogerie> Lebensmittel> Süßigkeiten> Bonbons & Lutscher> COOL Schleckmuscheln, Strips|https://www.mueller.at/p/cool-schleckmuscheln-strips-2169557/|57.9 g|Der Kult-Hit schhlechthin. Die Muscheln zum Schlecken. Die Cool Schleckmuscheln bringen wahre Kindheitserinnerungen und erfreuen sich immer noch wachsender Beliebtheit.|||||China||||||{'Nährwerte je': '100 g', 'Brennwert': '1666 kj / 399 kcal', 'Fett in g': '0', '- davon gesättigte Fettsäuren in g': '0', 'Kohlenhydrate in g': '98', '- davon Zucker in g': '67', 'Eiweiß in g': '0', 'Salz in g': '0.01'}|||||||||||Non-Organic||||{'manufacturer': 'International Sweet Trading GmbH & Co. KG', 'Herstelleradresse': 'Riesdorfer Weg 2, 06366 Köthen', 'Kontaktmöglichkeit': 'vertrieb@sweettrading.de', 'Herkunftsland': 'China', 'Inhalt': '57.9 g', 'Zutaten': 'Zucker, Glukosesirup, Säuerungsmittel: MILCHsäure; Aroma, Farbstoffe: E100, E120, E141, E150d, E160a', 'Produkttyp': 'Bonbons & Kaubonbons'}||||||||||||||5.0|1|2169557_1.png|https://static.mueller.de/6808837785-PV-0/pdzoom/cool-schleckmuscheln-strips.webp||||||||||||||||||||||International Sweet Trading GmbH & Co. KG||||||||||57.9 g|||True||2169557P|||||||||5
799621|mueller||||||||2024-10-28|Dr.Oetker Teigschaber Profi 26cm|DR.OETKER||1|Stk.|Home|Haushalt|Kochen & Backen|Backzubehör|Weiteres Zubehör|Dr.Oetker Teigschaber Profi 26cm||9,49 €|9,49 €||||||||||||||EUR|Home> Haushalt> Kochen & Backen> Backzubehör> Weiteres Zubehör> Dr.Oetker Teigschaber Profi 26cm|https://www.mueller.at/p/dr-oetker-teigschaber-profi-26cm-799621/|1 Stk.|Ideal zum Verstreichen und Ausschaben, geruchs- und geschmacksneutral, einfache Handhabung||||||||||||||||||||||Non-Organic||||{'Geeignet für': 'Spuelmaschinen', 'manufacturer': 'Zenker Backformen GmbH & Co. KG', 'Herstelleradresse': 'Fritz-Mayer-Straße 7, 86661 Aichach', 'Kontaktmöglichkeit': 'service@oetker-kitchentools.de', 'Inhalt': '1 Stk.'}||||||||||||||0|0|799621_1.png|https://static.mueller.de/5577101896-PV-0/pdzoom/dr-oetker-teigschaber-profi-26cm.webp|799621_2.png|https://static.mueller.de/5577101896-VV-1/pdzoom/dr-oetker-teigschaber-profi-26cm.webp||||||||||||||||||||Zenker Backformen GmbH & Co. KG||||||||||1 Stk.|||True||799621P|||||Spuelmaschinen||||10
2601006|mueller||||||||2024-10-28|sheepworld Tasse »Wie schön, dass es Dich gibt!«|SHEEPWORLD||1|Stk.|Home|Haushalt|Essen & Trinken|Geschirr|Becher & Tassen|sheepworld Tasse »Wie schön, dass es Dich gibt!«||8,95 €|8,95 €||||||||||||||EUR|Home> Haushalt> Essen & Trinken> Geschirr> Becher & Tassen> sheepworld Tasse »Wie schön, dass es Dich gibt!«|https://www.mueller.at/p/sheepworld-tasse-wie-schoen-dass-es-dich-gibt-2601006/|1 Stk.|"Mit ganz viel Herz und edlem Mattgold-Druck überbringt diese Tasse dem Beschenkten die liebevolle Botschaft »Wie schön, dass es Dich gibt!«.
- Schönes Sheepworld Herz-Design mit niedlichem Schäfchen und Pünktchen
- mit Innendruck und Mattgold
- mit Geschenktag zum Beschriften
- Fassungsvermögen 40 cl
- Für besondere Langlebigkeit des Dekors der Tasse wird Handwäsche empfohlen"||||||||||||||||||||||Non-Organic||||{'Geeignet für': 'Spuelmaschinen', 'manufacturer': 'Sheepworld AG', 'Herstelleradresse': 'Am Schafhügel 1, 92289 Ursensollen', 'Höhe': '10 cm', 'Durchmesser': '9 cm', 'Inhalt': '1 Stk.'}||||||||||||||5.0|1|2601006_1.png|https://static.mueller.de/6719003160-PB-0/pdzoom/sheepworld-tasse-wie-schoen-dass-es-dich-gibt.webp|2601006_2.png|https://static.mueller.de/6719003160-PB-1/pdzoom/sheepworld-tasse-wie-schoen-dass-es-dich-gibt.webp||||||||||||||||||||Sheepworld AG||||||||||1 Stk.|||True||2601006P|||||Spuelmaschinen||||10
2483454|mueller||||||||2024-10-28|ESTÉE LAUDER Pc Envy Volumizer|ESTÉE LAUDER||7|ml|Home|Parfümerie|Make-up|Lippen|Lippenstift|ESTÉE LAUDER Pc Envy Volumizer||45,95 €|45,95 €||||||||||||||EUR|Home> Parfümerie> Make-up> Lippen> Lippenstift> ESTÉE LAUDER Pc Envy Volumizer|https://www.mueller.at/p/estee-lauder-pc-envy-volumizer-2483454/|7 ml|Pflegen Sie Ihre Lippen babyweich. Wie ein Zauberstab verwandelt der Lip Voluminizer Ihre Lippen mit einem aufregenden Plumping-Effekt. Die Lippen wirken definierter und mit ausreichend Feuchtigkeit versorgt. Die Formel reagiert auf die einzigartige Beschaffenheit Ihrer Lippen und hinterlässt dadurch einen Hauch von Farbe, der perfekt zu Ihnen passt.||||||||||||||||||||||Non-Organic||||{'consistency': 'Gloss', 'target_group': 'Damen', 'manufacturer': 'Estée Lauder Companies', 'Herstelleradresse': 'Domagkstr. 10, 80807 München', 'Anwendungshinweis': 'Kann alleine getragen werden oder unter dem Lippenstift.', 'package_contents': 'Polybutene , Hydrogenated Polyisobutene , Bis-Diglyceryl Polyacyladipate-2 , Dextrin Palmitate , Pentaerythrityl Tetraisostearate , Ethylhexyl Palmitate , Capsicum Frutescens Fruit Extract , Zingiber Officinale (Ginger) Root Oil , Ricinus Communis (Castor) Seed Oil , Menthyl Pca , Fish (Pisces) Collagen , Lecithin , Tribehenin , Glycine Soja (Soybean) Oil , Trehalose , Sodium Hyaluronate , Sodium Chondroitin Sulfate , Palmitoyl Tripeptide-1 , Caprylyl Glycol , Lauryl Methacrylate/Glycol Dimethacrylate Crosspolymer , Sorbitan Isostearate , Simethicone , Hexylene Glycol , Butylene Glycol , Vanillin , Flavor (Aroma) , Pentaerythrityl Tetra-Di-T-Butyl Hydroxyhydrocinnamate , Silica Dimethyl Silylate , Phenoxyethanol , [+/- Red 27 (Ci 45410)]\xa0ILN41999', 'Inhalt': '7 ml', 'scope_of_application': 'Lippen', 'Produkttyp': 'Lippenfarbe'}||||||||||||||0|0|2483454_1.png|https://static.mueller.de/6723220207-PV-0/pdzoom/estee-lauder-pc-envy-volumizer.webp||||||||||||||||||||||Estée Lauder Companies||||||||||7 ml|Polybutene , Hydrogenated Polyisobutene , Bis-Diglyceryl Polyacyladipate-2 , Dextrin Palmitate , Pentaerythrityl Tetraisostearate , Ethylhexyl Palmitate , Capsicum Frutescens Fruit Extract , Zingiber Officinale (Ginger) Root Oil , Ricinus Communis (Castor) Seed Oil , Menthyl Pca , Fish (Pisces) Collagen , Lecithin , Tribehenin , Glycine Soja (Soybean) Oil , Trehalose , Sodium Hyaluronate , Sodium Chondroitin Sulfate , Palmitoyl Tripeptide-1 , Caprylyl Glycol , Lauryl Methacrylate/Glycol Dimethacrylate Crosspolymer , Sorbitan Isostearate , Simethicone , Hexylene Glycol , Butylene Glycol , Vanillin , Flavor (Aroma) , Pentaerythrityl Tetra-Di-T-Butyl Hydroxyhydrocinnamate , Silica Dimethyl Silylate , Phenoxyethanol , [+/- Red 27 (Ci 45410)] ILN41999||False||2483454P|||||||||1
2601004|mueller||||||||2024-10-28|Garnier Ambre Solaire Natural Bronzer Mousse|GARNIER||200|ml|Home|Drogerie|Pflege|Sonnenpflege|Selbstbräuner|Garnier Ambre Solaire Natural Bronzer Mousse||14,95 €|14,95 €|||||||||||74,75 € / 1 l|||EUR|Home> Drogerie> Pflege> Sonnenpflege> Selbstbräuner> Garnier Ambre Solaire Natural Bronzer Mousse|https://www.mueller.at/p/garnier-ambre-solaire-natural-bronzer-mousse-2601004/|200 ml|Das Garnier Ambre Solaire Natural Bronzer Selbstbräunungs-Mousse verleiht der Haut das ganze Jahr hindurch eine natürlich und gesund aussehende Sommerbräune. Dafür enthält das Mousse einen pflanzlichen Bräunungswirkstoff, welcher bereits nach einer Anwendung für einen zarten Bräunungseffekt sorgt, der bis zu eine Woche lang anhält. Darüber hinaus enthält die vegane Formel pflegendes Kokos-Wasser sowie 92% Inhaltsstoffe natürlichen Ursprungs. Neben der streifenfreien Bräune enthält der Selbstbräunungs-Mousse einen sommerlichen Duft bereit. Der schnell einziehende Schaum kann sowohl auf dem Körper als auch im Gesicht verwendet werden und hinterlässt ein angenehmes Hautgefühl. Enthält einen pflanzlichen Bräunungswirkstoff und sorgt mit nur einer Anwendung für eine natürlich wirkende BräuneFür eine gesund aussehende Bräune, die bis zu eine Woche lang anhältDie vegane Mixtur ist mit pflegendem Kokos-Wasser angereichert und besteht aus 92% Inhaltsstoffen natürlichen UrsprungsDer transparente Schaum sorgt mit seinem sommerlichen Duft für echtes Urlaubs-FeelingZieht schnell ein und hinterlässt ein angenehmes Gefühl auf der Haut||Kühl und trocken lagern.||||||||||||||||||||Non-Organic||||"{'Lagerhinweis': 'Kühl und trocken lagern.', 'target_group': 'Damen', 'manufacturer': ""L'Oréal Deutschland GmbH"", 'Herstelleradresse': 'TSA 75000 93684 ST OUEN CEDEX FR', 'Kontaktmöglichkeit': '0211 544 77191', 'Anwendungshinweis': 'Für eine natürliche und gleichmäßige Bräune sollte vor der Verwendung des Garnier Ambre Solaire Natural Bronzer Selbstbräunungs-Mousse ein glättendes Peeling verwendet werden. Dadurch wird die Haut von abgestorbenen Hautschüppchen befreit und ist anschließend ebenmäßig genug für den Selbstbräuner. Diesen sorgfältig und gleichmäßig auf die zu bräunenden Körperstellen aufsprühen. Im Anschluss das Mousse mit den Händen einarbeiten. Diese umgehend gründlich waschen, um einer Färbung der Handflächen vorzubeugen. Das Selbstbräunungs-Mousse sollte mindestens 30 Minuten einwirken. Erst nach dieser Zeit ankleiden, um Flecken in der Kleidung zu vermeiden.', 'package_contents': 'AQUA / WATER • GLYCERIN • DIHYDROXYACETONE • PROPANEDIOL • POLYGLYCERYL-4 CAPRATE • DECYL GLUCOSIDE • COCOS NUCIFERA FRUIT JUICE / COCONUT FRUIT JUICE • ALCOHOL • SODIUM PHYTATE • SODIUM BENZOATE • SALICYLIC ACID • LIMONENE • BENZYL SALICYLATE • BENZYL ALCOHOL • LINALOOL • BENZYL BENZOATE • CAPRYLYL/CAPRYL GLUCOSIDE • CITRAL • CITRIC ACID • POTASSIUM SORBATE • PARFUM / FRAGRANCE (F.I.L. C247019/1).', 'skin_type': 'reife Haut', 'Inhalt': '200 ml', 'scope_of_application': 'Selbstbräuner', 'Batterien erforderlich': 'Nein', 'Produkttyp': 'Spray'}"||||||||||||||4.4054|148|2601004_1.png|https://static.mueller.de/markant_03600542298261_pv_3904182/pdzoom/garnier-ambre-solaire-natural-bronzer-mousse.webp|2601004_2.png|https://static.mueller.de/markant_03600542298261_pr_3925252/pdzoom/garnier-ambre-solaire-natural-bronzer-mousse.webp|2601004_3.png|https://static.mueller.de/markant_03600542298261_pd_3904145/pdzoom/garnier-ambre-solaire-natural-bronzer-mousse.webp|2601004_4.png|https://static.mueller.de/markant_03600542298261_pd_3925259/pdzoom/garnier-ambre-solaire-natural-bronzer-mousse.webp|2601004_5.png|https://static.mueller.de/markant_03600542298261_pd_3973941/pdzoom/garnier-ambre-solaire-natural-bronzer-mousse.webp|2601004_6.png|https://static.mueller.de/markant_03600542298261_pd_4807089/pdzoom/garnier-ambre-solaire-natural-bronzer-mousse.webp||||||||||||L'Oréal Deutschland GmbH||||||||||200 ml|AQUA / WATER • GLYCERIN • DIHYDROXYACETONE • PROPANEDIOL • POLYGLYCERYL-4 CAPRATE • DECYL GLUCOSIDE • COCOS NUCIFERA FRUIT JUICE / COCONUT FRUIT JUICE • ALCOHOL • SODIUM PHYTATE • SODIUM BENZOATE • SALICYLIC ACID • LIMONENE • BENZYL SALICYLATE • BENZYL ALCOHOL • LINALOOL • BENZYL BENZOATE • CAPRYLYL/CAPRYL GLUCOSIDE • CITRAL • CITRIC ACID • POTASSIUM SORBATE • PARFUM / FRAGRANCE (F.I.L. C247019/1).||True||2601004P||||Augenkontakt vermeiden|||||10
2483457|mueller||||||||2024-10-28|ESTÉE LAUDER Pc Envy Blooming Lip Balm|ESTÉE LAUDER||3.2|g|Home|Parfümerie|Make-up|Lippen|Lippenstift|ESTÉE LAUDER Pc Envy Blooming Lip Balm||45,95 €|45,95 €||||||||||||||EUR|Home> Parfümerie> Make-up> Lippen> Lippenstift> ESTÉE LAUDER Pc Envy Blooming Lip Balm|https://www.mueller.at/p/estee-lauder-pc-envy-blooming-lip-balm-2483457/|3.2 g|Pflegen Sie Ihre Lippen babyweich.Dieser feuchtigkeitsspendende Balsam gleitet über die Lippen und verleiht dabei einen Hauch von Farbe. Der Balsam reagiert auf die einzigartige Beschaffenheit Ihrer Lippen und hinterlässt einen Farbton, der perfekt zu Ihnen passt. Glättet und dient als Grundlage für einen hübschen, gepflegten Schmollmund.||||||||||||||||||||||Non-Organic||||{'Effekt': 'feuchtigkeitsspendend', 'consistency': 'Stift', 'target_group': 'Damen', 'manufacturer': 'Estée Lauder Companies', 'Herstelleradresse': 'Domagkstr. 10, 80807 München', 'Anwendungshinweis': 'Kann auf 3 Arten angewendet werden: 1. direkt auf den Lippen für einen persönlichen Farbhauch 2. unter dem Lippenstift als feuchtigkeitsspendende Grundlage 3. als Auffrischung des Looks zwischendurch', 'package_contents': 'Ricinus Communis (Castor) Seed Oil , Glyceryl Triacetyl Ricinoleate , Cetyl Ricinoleate , Euphorbia Cerifera (Candelilla) Wax\\Candelilla Cera\\Cire De Candelilla , Bis-Diglyceryl Polyacyladipate-2 , Copernicia Cerifera (Carnauba) Wax\\Cera Carnauba\\Cire De Carnauba , Polyethylene , Ethylhexyl Palmitate , Triticum Vulgare (Wheat) Bran Extract , Olea Europaea (Olive) Fruit Extract , Palmitoyl Tripeptide-1 , Butylene Glycol , Cholesterol , Glyceryl Stearate , Tribehenin , Lauryl Methacrylate/Glycol Dimethacrylate Crosspolymer , Sodium Hyaluronate , Potassium Sulfate , Oleic Acid , Silica Dimethyl Silylate , Palmitic Acid , Tocopheryl Acetate , Vanillin , Pentaerythrityl Tetra-Di-T-Butyl Hydroxyhydrocinnamate , Sorbitan Isostearate , Flavor (Aroma) , [+/- Mica , Titanium Dioxide (Ci 77891) , Red 21 (Ci 45380) , Red 33 Lake (Ci 17200) , Carmine (Ci 75470)]\xa0ILN41760', 'Inhalt': '3.2 g', 'scope_of_application': 'Lippen', 'Produkttyp': 'Lippenfarbe'}||||||||||||||0|0|2483457_1.png|https://static.mueller.de/6770049009-PV-0/pdzoom/estee-lauder-pc-envy-blooming-lip-balm.webp||||||||||||||||||||||Estée Lauder Companies||||||||||3.2 g|Ricinus Communis (Castor) Seed Oil , Glyceryl Triacetyl Ricinoleate , Cetyl Ricinoleate , Euphorbia Cerifera (Candelilla) Wax\Candelilla Cera\Cire De Candelilla , Bis-Diglyceryl Polyacyladipate-2 , Copernicia Cerifera (Carnauba) Wax\Cera Carnauba\Cire De Carnauba , Polyethylene , Ethylhexyl Palmitate , Triticum Vulgare (Wheat) Bran Extract , Olea Europaea (Olive) Fruit Extract , Palmitoyl Tripeptide-1 , Butylene Glycol , Cholesterol , Glyceryl Stearate , Tribehenin , Lauryl Methacrylate/Glycol Dimethacrylate Crosspolymer , Sodium Hyaluronate , Potassium Sulfate , Oleic Acid , Silica Dimethyl Silylate , Palmitic Acid , Tocopheryl Acetate , Vanillin , Pentaerythrityl Tetra-Di-T-Butyl Hydroxyhydrocinnamate , Sorbitan Isostearate , Flavor (Aroma) , [+/- Mica , Titanium Dioxide (Ci 77891) , Red 21 (Ci 45380) , Red 33 Lake (Ci 17200) , Carmine (Ci 75470)] ILN41760||True||2483457P|||||||||3
153387|mueller||||||||2024-10-28|Ich Sage Was Ich Meine|||1|Stk.|Home|Multi-Media|Musik|Pop|Ich Sage Was Ich Meine|||5,99 €|5,99 €||||||||||||||EUR|Home> Multi-Media> Musik> Pop> Ich Sage Was Ich Meine|https://www.mueller.at/p/ich-sage-was-ich-meine-153387/|1 Stk.|||||||||||||||||||||||Non-Organic||||{'medium': 'CD', 'Künstler': 'Herr,Trude', 'Inhalt': '1 Stk.', 'Anzahl Medien im Artikel': '1', 'genre': 'Schlager', 'Label': 'Rhingtön'}||||||||||||||0|0|153387_1.png|https://static.mueller.de/pdzoom/phononet_0077774669726_pv_0077774669726-0600px-001.webp||||||||||||||||||||||||||||||||1 Stk.|||True||153387P|||||||||5
2601018|mueller||||||||2024-10-28|DR.BRONNER'S Bio Hand-Hygienespray Pfefferminz|DR. BRONNER'S||60|ml|Home|Naturshop|Pflege|Hand- & Fußpflege|Handpflege|DR.BRONNER'S Bio Hand-Hygienespray Pfefferminz||7,99 €|7,99 €|||||||||||133,17 € / 1 l|||EUR|Home> Naturshop> Pflege> Hand- & Fußpflege> Handpflege> DR.BRONNER'S Bio Hand-Hygienespray Pfefferminz|https://www.mueller.at/p/dr-bronners-bio-hand-hygienespray-pfefferminz-2601018/|60 ml|"NEU! Das Bio Hand-Hygienespray Pfefferminz
Ob on the Run, on the Fly, beim nächsten Festival oder beim Relaxen auf einer Landpartie: Mit unserem Bio Hand-Hygienespray in der Tasche bleiben Deine Hände in jeder Lebenslage frei von Bakterien, Keimen, Pilzen und Viren. Die wiederverschließbare Sprayflasche passt in jedes Gepäck und reinigt die gewünschten Oberflächen und Körperpartien gründlich und verlässlich.
So bleibst Du jederzeit frisch und bereit für den nächsten Händedruck oder das nächste Abenteuer. 
Ganz ohne Chemie und dafür auf der Basis von hochwertigem Bio-Ethanol, Bio-Pfefferminzöl, Bio-Glycerin und Wasser. Das fair gehandelte Bio-Pfefferminzöl beziehen wir von unserem Partnerprojekt Pavitramenthe in Indien. Dort arbeiten wir mit Kleinbauern zusammen, um klimafreundliche, regenerative Bio-Anbaumethoden einzuführen und  gesunde Böden zu schaffen, die Erosion zu reduzieren und Kohlenstoff zu binden!"||||||||||||||||||||||Non-Organic||||{'manufacturer': 'mixed greens GmbH', 'Herstelleradresse': 'Arndtstr.21, 22085 Hamburg', 'Anwendungshinweis': 'Desinfiziere mit gutem Gewissen!\nSprühe das Bio Hand-Hygienespray auf Deine Hände und verteile es gründlich bis es vollständig eingezogen ist.\nSprühe es auf Oberflächen in öffentlichen Toiletten, Klassenzimmern, Bussen, Zügen, Flugzeugen! Reinige Deinen Bildschirm! Oder verwende es als Lufterfrischer oder Deodorant!', 'package_contents': 'Ingredients (INCI): 62% Alcohol (Bio-Alkohol*‡), Aqua (Wasser), Glycerin*, Mentha Piperita Oil (Pfefferminzöl*‡), Limonene◊, Linalool◊\n*aus kontrolliert biologischem Anbau\n‡Fair Trade zertifiziert\n◊aus natürlichen ätherischen Ölen', 'Inhalt': '60 ml', 'scope_of_application': 'Handpflege', 'Produkttyp': 'Handdesinfektion'}||||||||||||||0|0|2601018_1.png|https://static.mueller.de/pdzoom/0018787111130.webp||||||||||||||||||||||mixed greens GmbH||||||||||60 ml|"Ingredients (INCI): 62% Alcohol (Bio-Alkohol*‡), Aqua (Wasser), Glycerin*, Mentha Piperita Oil (Pfefferminzöl*‡), Limonene◊, Linalool◊
*aus kontrolliert biologischem Anbau
‡Fair Trade zertifiziert
◊aus natürlichen ätherischen Ölen"||True||2601018P|||||||||10
2169514|mueller||||||||2024-10-28|CLARINS SOS Pure|CLARINS||75|ml|Home|Parfümerie|Pflege|Gesichtspflege|Spezialpflege|Maske|CLARINS SOS Pure|44,55 €|44,55 €|||||||||||594,00 € / 1 l|||EUR|Home> Parfümerie> Pflege> Gesichtspflege> Spezialpflege> Maske> CLARINS SOS Pure|https://www.mueller.at/p/clarins-sos-pure-2169514/|75 ml|Diese Pflege unterstützt Misch- und ölige Haut auf dem Weg zu schöner Ausstrahlung. Die Wohlfühl-Maske mit absorbierender, nicht austrocknender Creme-Textur klärt in nur 10 Minuten die Haut und verfeinert die Poren. Die Haut ist von Unreinheiten befreit und atmet durch. Sie ist klar, frisch, zart und strahlend schön.||Vor Hitze schützen, nicht stapelbar||||||||||||||||||||Non-Organic||||"{'Lagerhinweis': 'Vor Hitze schützen, nicht stapelbar', 'target_group': 'Damen', 'manufacturer': 'CLARINS GmbH', 'Herstelleradresse': 'Petersbrunner Straße 13, DE- 82319 Starnberg', 'Kontaktmöglichkeit': 'kundenservice-de@online.clarins.com', 'Anwendungshinweis': 'Auf das gereinigte Gesicht und den Hals auftragen. Augenkontur aussparen. 10 Minuten einwirken lassen, anschließend mit kaltem Wasser abspülen.', 'package_contents': 'Inhaltsstoffe*: AQUA/WATER/EAU. CAPRYLIC/CAPRIC TRIGLYCERIDE. KAOLIN. GLYCERIN. CETEARYL ALCOHOL. PENTYLENE GLYCOL. CI 77891/TITANIUM DIOXIDE. BETAINE. GLYCERYL STEARATE. PEG-100 STEARATE. ILLITE. HYDROXYETHYL ACRYLATE/SODIUM ACRYLOYLDIMETHYL TAURATE COPOLYMER. CETEARYL GLUCOSIDE. PARFUM/FRAGRANCE. HIBISCUS SABDARIFFA FLOWER EXTRACT. SYNTHETIC FLUORPHLOGOPITE. CAPRYLYL GLYCOL. CETYL ALCOHOL. STEARYL ALCOHOL. CITRIC ACID. ETHYLHEXYLGLYCERIN. SODIUM HYDROXIDE. PYRIDOXINE HCL. EPILOBIUM FLEISCHERI EXTRACT. POLYSORBATE 60. SORBITAN ISOSTEARATE. CHRYSIN. ALUMINA. ZINC GLUCONATE. TIN OXIDE. CI 19140/YELLOW 5. CI 42090/BLUE 1. POTASSIUM SORBATE. [V3047B1]  *Bitte beachten Sie, dass sich die Zusammensetzung unserer Produkte ändern kann. Im Zweifelsfall sind die Angaben auf den jeweiligen Verpackungen maßgeblich.', 'skin_type': 'Mischhaut|ölige Haut', 'Inhalt': '75 ml', 'scope_of_application': 'Spezialpflege', 'Produkttyp': 'Maske'}"||||||||||||||0|0|2169514_1.png|https://static.mueller.de/pdzoom/3666057128783.webp||||||||||||||||||||||CLARINS GmbH||||||||||75 ml|Inhaltsstoffe*: AQUA/WATER/EAU. CAPRYLIC/CAPRIC TRIGLYCERIDE. KAOLIN. GLYCERIN. CETEARYL ALCOHOL. PENTYLENE GLYCOL. CI 77891/TITANIUM DIOXIDE. BETAINE. GLYCERYL STEARATE. PEG-100 STEARATE. ILLITE. HYDROXYETHYL ACRYLATE/SODIUM ACRYLOYLDIMETHYL TAURATE COPOLYMER. CETEARYL GLUCOSIDE. PARFUM/FRAGRANCE. HIBISCUS SABDARIFFA FLOWER EXTRACT. SYNTHETIC FLUORPHLOGOPITE. CAPRYLYL GLYCOL. CETYL ALCOHOL. STEARYL ALCOHOL. CITRIC ACID. ETHYLHEXYLGLYCERIN. SODIUM HYDROXIDE. PYRIDOXINE HCL. EPILOBIUM FLEISCHERI EXTRACT. POLYSORBATE 60. SORBITAN ISOSTEARATE. CHRYSIN. ALUMINA. ZINC GLUCONATE. TIN OXIDE. CI 19140/YELLOW 5. CI 42090/BLUE 1. POTASSIUM SORBATE. [V3047B1]  *Bitte beachten Sie, dass sich die Zusammensetzung unserer Produkte ändern kann. Im Zweifelsfall sind die Angaben auf den jeweiligen Verpackungen maßgeblich.||True||2169514P|||||||||3
2169515|mueller||||||||2024-10-28|CLARINS SOS Comfort|CLARINS||75|ml|Home|Parfümerie|Pflege|Gesichtspflege|Spezialpflege|Maske|CLARINS SOS Comfort|44,55 €|44,55 €|||||||||||594,00 € / 1 l|||EUR|Home> Parfümerie> Pflege> Gesichtspflege> Spezialpflege> Maske> CLARINS SOS Comfort|https://www.mueller.at/p/clarins-sos-comfort-2169515/|75 ml|Diese nährende Pflege-Maske spendet sehr trockener Haut Wohlgefühl. Die beruhigende Cocooning-Pflege verleiht der Haut dank ihrer Balsam-Textur in nur 10 Minuten Geschmeidigkeit und Komfort. ||Vor Hitze schützen, nicht stapelbar||||||||||||||||||||Non-Organic||||{'Lagerhinweis': 'Vor Hitze schützen, nicht stapelbar', 'target_group': 'Damen', 'manufacturer': 'CLARINS GmbH', 'Herstelleradresse': 'Petersbrunner Straße 13, DE- 82319 Starnberg', 'Kontaktmöglichkeit': 'kundenservice-de@online.clarins.com', 'Anwendungshinweis': 'Großzügig auftragen, dabei die Augenpartie aussparen. 10 Minuten einwirken lassen. Produktreste leicht einmassieren oder mit einem mit Lotion getränkten Wattepad abnehmen.', 'package_contents': 'Inhaltsstoffe*: AQUA/WATER/EAU. ISONONYL ISONONANOATE. CAPRYLIC/CAPRIC TRIGLYCERIDE. DICAPRYLYL CARBONATE. CETEARYL ALCOHOL. GLYCERIN. BETAINE. BUTYROSPERMUM PARKII (SHEA) BUTTER. PENTYLENE GLYCOL. SQUALANE. PPG-3 MYRISTYL ETHER. PENTAERYTHRITYL DISTEARATE. GLYCERYL STEARATE. PEG-100 STEARATE. OCTYLDODECANOL. HYDROXYETHYL ACRYLATE/SODIUM ACRYLOYLDIMETHYL TAURATE COPOLYMER. CETEARYL GLUCOSIDE. IRVINGIA GABONENSIS KERNEL BUTTER. PARFUM/FRAGRANCE. CAPRYLYL GLYCOL. HYDROGENATED COCO-GLYCERIDES. CI 77891/TITANIUM DIOXIDE. SYNTHETIC FLUORPHLOGOPITE. ETHYLHEXYLGLYCERIN. BISABOLOL. POLYSORBATE 60. SORBITAN ISOSTEARATE. SALICYLOYL PHYTOSPHINGOSINE. ALCOHOL. TIN OXIDE. TRIS(TETRAMETHYLHYDROXYPIPERIDINOL) CITRATE. CI 15985/YELLOW 6. TOCOPHEROL. CI 19140/YELLOW 5. [V3048B1]  *Bitte beachten Sie, dass sich die Zusammensetzung unserer Produkte ändern kann. Im Zweifelsfall sind die Angaben auf den jeweiligen Verpackungen maßgeblich.', 'skin_type': 'trockene Haut', 'Inhalt': '75 ml', 'scope_of_application': 'Spezialpflege', 'Produkttyp': 'Maske'}||||||||||||||0|0|2169515_1.png|https://static.mueller.de/pdzoom/3666057128837.webp||||||||||||||||||||||CLARINS GmbH||||||||||75 ml|Inhaltsstoffe*: AQUA/WATER/EAU. ISONONYL ISONONANOATE. CAPRYLIC/CAPRIC TRIGLYCERIDE. DICAPRYLYL CARBONATE. CETEARYL ALCOHOL. GLYCERIN. BETAINE. BUTYROSPERMUM PARKII (SHEA) BUTTER. PENTYLENE GLYCOL. SQUALANE. PPG-3 MYRISTYL ETHER. PENTAERYTHRITYL DISTEARATE. GLYCERYL STEARATE. PEG-100 STEARATE. OCTYLDODECANOL. HYDROXYETHYL ACRYLATE/SODIUM ACRYLOYLDIMETHYL TAURATE COPOLYMER. CETEARYL GLUCOSIDE. IRVINGIA GABONENSIS KERNEL BUTTER. PARFUM/FRAGRANCE. CAPRYLYL GLYCOL. HYDROGENATED COCO-GLYCERIDES. CI 77891/TITANIUM DIOXIDE. SYNTHETIC FLUORPHLOGOPITE. ETHYLHEXYLGLYCERIN. BISABOLOL. POLYSORBATE 60. SORBITAN ISOSTEARATE. SALICYLOYL PHYTOSPHINGOSINE. ALCOHOL. TIN OXIDE. TRIS(TETRAMETHYLHYDROXYPIPERIDINOL) CITRATE. CI 15985/YELLOW 6. TOCOPHEROL. CI 19140/YELLOW 5. [V3048B1]  *Bitte beachten Sie, dass sich die Zusammensetzung unserer Produkte ändern kann. Im Zweifelsfall sind die Angaben auf den jeweiligen Verpackungen maßgeblich.||True||2169515P|||||||||5
2772390|mueller||||||||2024-10-28|tonies - Hörfigur für die Toniebox: Mia and me: Das goldene Einhorn / Onchao und das Paradies|TONIES||1|Stk.|Home|Spielwaren|Hörspiele & Musik|Kinder-Audiogeräte|tonies - Hörfigur für die Toniebox: Mia and me: Das goldene Einhorn / Onchao und das Paradies|||16,99 €|16,99 €||||||||||||||EUR|Home> Spielwaren> Hörspiele & Musik> Kinder-Audiogeräte> tonies - Hörfigur für die Toniebox: Mia and me: Das goldene Einhorn / Onchao und das Paradies|https://www.mueller.at/p/tonies-hoerfigur-fuer-die-toniebox-mia-and-me-das-goldene-einhorn-onchao-und-das-paradies-2772390/|1 Stk.|"Ausführliche Info  Hörfigur für die Toniebox:
Tonies sind Hörfiguren für die Toniebox. Sie machen Hören anfassbar, denn mit ihnen bedient man die Toniebox. Man kann sie aber auch sammeln und mit ihnen spielen. Um der Musik zu lauschen, stellt man die Hörfigur einfach auf die Toniebox.
Das goldene Einhorn
Als Mia bei Lyria in Centopia landet, gibt es eine riesige Neuigkeit: Lyria bekommt ein Baby. Doch eine Einhorngeburt ist nichts Gewöhnliches. Mia und ihre Freunde müssen die Element-Einhörner um Hilfe bitten, denn den langen, beschwerlichen Weg zur Geburtsgrotte der Einhörner schafft Lyria nicht mehr. Doch da kommt ihnen Gargona, die Generalin Pantheas, in die Quere ...
Onchao und das Paradies
Als Mias Armreif ausgerechnet im archäologischen Museum blinkt und sie nach Centopia ruft, braucht sie Vincents Hilfe, um ein stilles Plätzchen zu finden ... In Centopia wird sie bereits von Lyria und Onchao erwartet. Das kleine Einhorn beginnt, sich in Centopia einzuleben. Zur Überraschung aller hat es die wundervolle Begabung, aus Ödland wieder blühendes Land zu machen. Doch die Überraschung ist noch größer, als sich zeigt, dass Onchao auch die verloren geglaubten Trumptusteile aufspüren kann ...
Titelliste 
1. Intro
2. Das goldene Einhorn
3. Kleines Einhorn im Wind
4. Onchao und das Paradies
5. Einhorntränen"||||||||6 Jahre||||||||||||||Non-Organic||||{'particularities': 'Magnethaftend, handbemalt, integrierter NFC-Chip,', 'target_group': 'Grundschüler', 'Artikelnummer des Herstellers': '10000610', 'license': 'Mia and me', 'Altersempfehlung ab': '6 Jahre', 'Inhalt': '1 Stk.', 'Produkttyp': 'CD Player & sonstige Audiogeräte'}||||||||||||||0|0|2772390_1.png|https://static.mueller.de/7044680532-PV-0/pdzoom/tonies-hoerfigur-fuer-die-toniebox-mia-and-me-das-goldene-einhorn-onchao-und-das-paradies.webp|2772390_2.png|https://static.mueller.de/7044680532-PB-1/pdzoom/tonies-hoerfigur-fuer-die-toniebox-mia-and-me-das-goldene-einhorn-onchao-und-das-paradies.webp|2772390_3.png|https://static.mueller.de/7044680532-PB-2/pdzoom/tonies-hoerfigur-fuer-die-toniebox-mia-and-me-das-goldene-einhorn-onchao-und-das-paradies.webp|2772390_4.png|https://static.mueller.de/7044680532-PB-3/pdzoom/tonies-hoerfigur-fuer-die-toniebox-mia-and-me-das-goldene-einhorn-onchao-und-das-paradies.webp||||||||||||||||10000610||||||||||1 Stk.|||True||2772390P|||||||||10
2879013|mueller||||||||2024-10-28|sensena NATURKOSMETIK Aromabadekissen Zauber der Rose|SENSENA NATURKOSMETIK||60|g|Home|Parfümerie|Pflege|Körperpflege|Baden|sensena NATURKOSMETIK Aromabadekissen Zauber der Rose||2,99 €|2,99 €|||||||||||49,83 € / 1 kg|||EUR|Home> Parfümerie> Pflege> Körperpflege> Baden> sensena NATURKOSMETIK Aromabadekissen Zauber der Rose|https://www.mueller.at/p/sensena-naturkosmetik-aromabadekissen-zauber-der-rose-IPN2879013/|60 g|Wenn das warme Wasser den Körper umhüllt, die Nase in duftende Aromen abtaucht und der Stress langsam abgespült wird, dann setzt eine wahre Tiefenerholung ein. Gut, wenn dann der Badezusatz nicht nur gut duftet, sondern auch die Haut mit absolut natürlichen Inhaltstoffen verwöhnt, die je nach Ingredienz eine ganz besondere Wirkung entfaltet. Gut duften können viele Badekosmetika, die Aromabadekissen von sensena können jedoch viel mehr: Das Geheimnis liegt im hautfreundlichen Vlies, in dem die naturbelassenen und getrockneten Tee-, Blüten- und Pflanzenschnitte fest verschlossen sind. Das ist wie ein Bad in reiner Natur, ohne dass Sie sich die Kräuter, Rosen oder andere Blüten nach dem Bad vom Körper pflücken müssen.||Trocken lagern.||||||||||||||||||||Non-Organic||||"{'Lagerhinweis': 'Trocken lagern.', 'target_group': 'Damen|Herren|Unisex', 'manufacturer': 'Accentra GmbH & Co. KG', 'Herstelleradresse': 'Rudolf-Diesel-Straße 7, 91572 Bechhofen, Deutschland', 'Kontaktmöglichkeit': 'info@accentra.de', 'Anwendungshinweis': 'Das Aromabadekissen in das wohltemperierte Badewasser Ihres Vollbades geben. Durch leichtes Drücken des Aromabadekissens unterstützen Sie die Entfaltung der ätherischen Öle. Badetemperatur: 35 - 38° C Badedauer: 15 - 20 Minuten', 'package_contents': 'Maris Sal, Equisetum Arvense Powder, **Calendula Officinalis Flower, *Parfum (Fragrance), Rosa Centifolia Flower, **Carthamus Tinctorius Seed Oil, **Simmondsia Chinensis Seeed Oil, Macadamia Integrifolia/Tetraphylla Seed Oil, Tocopherol, Hydrolyzed Gardenia Florida Extract, Helianthus Annuus Seed Oil, Maltodextrin, *Citral, *Geraniol, *Linalool, *Citronellol, *Limonene, *aus natürlichen Duftstoffen, **aus kontrolliert biologischem Anbau.', 'skin_type': 'normale Haut', 'product_property': 'pflegend|reinigend', 'Inhalt': '60 g', 'scope_of_application': 'Baden', 'Produkttyp': 'Badetabletten'}"||||||||||||||0|0|2879013_1.png|https://static.mueller.de/pdzoom/4015953683497.webp||||||||||||||||||||||Accentra GmbH & Co. KG||||||||||60 g|Maris Sal, Equisetum Arvense Powder, **Calendula Officinalis Flower, *Parfum (Fragrance), Rosa Centifolia Flower, **Carthamus Tinctorius Seed Oil, **Simmondsia Chinensis Seeed Oil, Macadamia Integrifolia/Tetraphylla Seed Oil, Tocopherol, Hydrolyzed Gardenia Florida Extract, Helianthus Annuus Seed Oil, Maltodextrin, *Citral, *Geraniol, *Linalool, *Citronellol, *Limonene, *aus natürlichen Duftstoffen, **aus kontrolliert biologischem Anbau.||False||2879013P|||||||||1
2879014|mueller||||||||2024-10-28|sensena NATURKOSMETIK Aromabadekissen Entspannter Rücken|SENSENA NATURKOSMETIK||60|g|Home|Parfümerie|Pflege|Körperpflege|Baden|sensena NATURKOSMETIK Aromabadekissen Entspannter Rücken||2,99 €|2,99 €|||||||||||49,83 € / 1 kg|||EUR|Home> Parfümerie> Pflege> Körperpflege> Baden> sensena NATURKOSMETIK Aromabadekissen Entspannter Rücken|https://www.mueller.at/p/sensena-naturkosmetik-aromabadekissen-entspannter-ruecken-IPN2879014/|60 g|Wenn das warme Wasser den Körper umhüllt, die Nase in duftende Aromen abtaucht und der Stress langsam abgespült wird, dann setzt eine wahre Tiefenerholung ein. Gut, wenn dann der Badezusatz nicht nur gut duftet, sondern auch die Haut mit absolut natürlichen Inhaltstoffen verwöhnt, die je nach Ingredienz eine ganz besondere Wirkung entfaltet. Gut duften können viele Badekosmetika, die Aromabadekissen von sensena können jedoch viel mehr: Das Geheimnis liegt im hautfreundlichen Vlies, in dem die naturbelassenen und getrockneten Tee-, Blüten- und Pflanzenschnitte fest verschlossen sind. Das ist wie ein Bad in reiner Natur, ohne dass Sie sich die Kräuter, Rosen oder andere Blüten nach dem Bad vom Körper pflücken müssen.||Trocken lagern.||||||||||||||||||||Non-Organic||||"{'Lagerhinweis': 'Trocken lagern.', 'target_group': 'Damen|Herren|Unisex', 'manufacturer': 'Accentra GmbH & Co. KG', 'Herstelleradresse': 'Rudolf-Diesel-Straße 7, 91572 Bechhofen, Deutschland', 'Kontaktmöglichkeit': 'info@accentra.de', 'Anwendungshinweis': 'Das Aromabadekissen in das wohltemperierte Badewasser Ihres Vollbades geben. Durch leichtes Drücken des Aromabadekissens unterstützen Sie die Entfaltung der ätherischen Öle. Badetemperatur: 35 - 38° C Badedauer: 15 - 20 Minuten', 'package_contents': 'Maris Sal, **Calendula Officinalis Flower, Melissa Officinalis Leaf Powder, Castanea Sativa Flower, **Carthamus Tinctorius Seed Oil, **Simmondsia Chinensis Seed Oil, *Parfum (Fragrance), Pinus Cembra Leaf/Twig Oil, Hydrolyzed Gardenia Florida Extract, Maltodextrin, Piper Nigrum Fruit Oil, Rosmarinus Officinalis Leaf Oil, Juniperus Communis Fruit Oil, Tocopherol, Gardenia Jasminoides Fruit Extract, Helianthus Annuus Seed Oil, *Limonene, *Linalool, *aus natürlichen Duftstoffen, **aus kontrolliert biologischem Anbau.', 'skin_type': 'normale Haut', 'product_property': 'pflegend|reinigend', 'Inhalt': '60 g', 'scope_of_application': 'Baden', 'Produkttyp': 'Badetabletten'}"||||||||||||||0|0|2879014_1.png|https://static.mueller.de/pdzoom/4015953683510.webp||||||||||||||||||||||Accentra GmbH & Co. KG||||||||||60 g|Maris Sal, **Calendula Officinalis Flower, Melissa Officinalis Leaf Powder, Castanea Sativa Flower, **Carthamus Tinctorius Seed Oil, **Simmondsia Chinensis Seed Oil, *Parfum (Fragrance), Pinus Cembra Leaf/Twig Oil, Hydrolyzed Gardenia Florida Extract, Maltodextrin, Piper Nigrum Fruit Oil, Rosmarinus Officinalis Leaf Oil, Juniperus Communis Fruit Oil, Tocopherol, Gardenia Jasminoides Fruit Extract, Helianthus Annuus Seed Oil, *Limonene, *Linalool, *aus natürlichen Duftstoffen, **aus kontrolliert biologischem Anbau.||False||2879014P|||||||||1
2772392|mueller||||||||2024-10-28|tonies - Hörfigur für die Toniebox: Lieblings-Kinderlieder: Schlaflieder 2|TONIES||1|Stk.|Home|Spielwaren|Hörspiele & Musik|Kinder-Audiogeräte|tonies - Hörfigur für die Toniebox: Lieblings-Kinderlieder: Schlaflieder 2|||16,99 €|16,99 €||||||||||||||EUR|Home> Spielwaren> Hörspiele & Musik> Kinder-Audiogeräte> tonies - Hörfigur für die Toniebox: Lieblings-Kinderlieder: Schlaflieder 2|https://www.mueller.at/p/tonies-hoerfigur-fuer-die-toniebox-lieblings-kinderlieder-schlaflieder-2-2772392/|1 Stk.|"Ausführliche Info  Hörfigur für die Toniebox:
Tonies sind Hörfiguren für die Toniebox. Sie machen Hören anfassbar, denn mit ihnen bedient man die Toniebox. Man kann sie aber auch sammeln und mit ihnen spielen. Um der Musik zu lauschen, stellt man die Hörfigur einfach auf die Toniebox.
Für schöne Träume von der Wiege bis zur Schultüte! Nach dem erfolgreichen Vorgänger gibt es jetzt eine neue abwechslungsreiche Sammlung der bekanntesten und wichtigsten Lieder zum Einschlafen.
Titelliste 
1. Sandmann, lieber Sandmann
2. Abend wird es wieder
3. Wie man schlafen geht
4. Schlaflied
5. Das Einschlaflied
6. Schlaft alle
7. Hundemüde
8. Der Abendstern
9. Hier im Mondenscheine
10. Sieh nur die Sterne
11. Schlaf, Kindchen, balde
12. Der Wächter tutet in sein Horn
13. Träumer
14. Komm Schlaf, komm Traum
15. Dein kleines Leben
16. Wann die Kinder schlafen ein
17. Vöglein fliegt dem Nestchen zu
18. Puppenwiegenlied
19. Suse, liebe Suse
20. Stille, stille (kein Geräusch gemacht)
21. Mariä Wiegenlied
22. Großvaters Heia-Lied
23. Twinkle, Twinkle Little Star (instrumental)"||||||||3 Jahre||||||||||||||Non-Organic||||"{'particularities': 'Magnethaftend, handbemalt, integrierter NFC-Chip,', 'target_group': 'Kindergartenkinder|Grundschüler', 'Artikelnummer des Herstellers': '10001259', 'license': 'Lieblings-Kinderlieder', 'Altersempfehlung ab': '3 Jahre', 'Inhalt': '1 Stk.', 'Produkttyp': 'CD Player & sonstige Audiogeräte'}"||||||||||||||4.0|2|2772392_1.png|https://static.mueller.de/7044680533-PV-0/pdzoom/tonies-hoerfigur-fuer-die-toniebox-lieblings-kinderlieder-schlaflieder-2.webp|2772392_2.png|https://static.mueller.de/7044680533-PB-1/pdzoom/tonies-hoerfigur-fuer-die-toniebox-lieblings-kinderlieder-schlaflieder-2.webp|2772392_3.png|https://static.mueller.de/7044680533-PB-2/pdzoom/tonies-hoerfigur-fuer-die-toniebox-lieblings-kinderlieder-schlaflieder-2.webp|2772392_4.png|https://static.mueller.de/7044680533-PB-3/pdzoom/tonies-hoerfigur-fuer-die-toniebox-lieblings-kinderlieder-schlaflieder-2.webp||||||||||||||||10001259||||||||||1 Stk.|||True||2772392P|||||||||10
2772394|mueller||||||||2024-10-28|Pattex Kleben statt Bohren Klebeband 19mm x 1,5m|PATTEX||1.5|m|Home|Schreibwaren|Bastelbedarf|Kleber|Pattex Kleben statt Bohren Klebeband 19mm x 1,5m|||7,29 €|7,29 €|||||||||||4,86 € / 1 m|||EUR|Home> Schreibwaren> Bastelbedarf> Kleber> Pattex Kleben statt Bohren Klebeband 19mm x 1,5m|https://www.mueller.at/p/pattex-kleben-statt-bohren-klebeband-19mm-x-1-5m-2772394/|1.5 m|"Starkes, doppelseitiges Klebeband für Befestigungen ohne zu bohren!
Das Klebeband von Pattex ist ein besonders starkes beidseitiges Klebeband, mit dem Gegenstände schnell und einfach befestigt werden können – ganz ohne Bohren, Schrauben, Dübel oder Lärm! Beispielsweise kann das Doppelklebeband verwendet werden, um Hinweisschilder, Küchentafeln, Wandbilder oder Utensilien zu befestigen. Vielseitig einsetzbar können die Klebestreifen sowohl innen als auch außen zum Einsatz kommen, da sie wasserresistent und extrem witterungsbeständig sind – für langlebige Ergebnisse. Dabei haftet der Montagekleber auf vielen Materialien* wie Metall, Holz, Stein, Kunststoff oder auch Spiegeln**. Eine Rolle des widerstandsfähigen Klebebands trägt dabei bis zu 120kg Gewicht.
Alle Vorteile:

Extra starkes, doppelseitiges Klebeband
Für Befestigungen innen und außen
Haftet auf vielen Materialien*
Wasserresistent und witterungsbeständig
Trägt insgesamt bis zu 120kg

Inhalt: 1x1,5m Rolle, Rot
Der Untergrund muss trocken, sauber und fettfrei sein. Oberflächen am besten mit Aceton, Alkohol oder Reinigungsbenzin vorreinigen. Das Montageband auf den Gegenstand kleben und gut andrücken, Schutzfolie abziehen. Anschließend das Klebeobjekt auf der gewünschten Oberfläche fest andrücken. Nach dem Andrücken kann das Klebeobjekt nicht mehr korrigiert werden. Nach ca. 24 Stunden wird die maximale Klebkraft erreicht.
*Nicht geeignet auf Silikon oder gewachsten und geölten Oberflächen, PTFE, Tapeten oder Altanstrichen, Lehmputzen, unbefestigten Oberflächen o.Ä., auf PE und PP prüfen."||||||||||||||||||||||Non-Organic||||{'scope_of_delivery': '1x1,5m Rolle', 'manufacturer': 'Henkel AG & Co. KGaA', 'Herstelleradresse': 'Henkelstr. 67, 40191 Düsseldorf', 'Inhalt': '1.5 m', 'Produkttyp': 'Kleber'}||||||||||||||0|0|2772394_1.png|https://static.mueller.de/pdzoom/4015000401883_01.webp|2772394_2.png|https://static.mueller.de/pdzoom/4015000401883_02.webp|2772394_3.png|https://static.mueller.de/7021040698-PB-2/pdzoom/pattex-kleben-statt-bohren-klebeband-19mm-x-1-5m.webp|2772394_4.png|https://static.mueller.de/7021040698-PB-4/pdzoom/pattex-kleben-statt-bohren-klebeband-19mm-x-1-5m.webp|2772394_5.png|https://static.mueller.de/7021040698-PB-5/pdzoom/pattex-kleben-statt-bohren-klebeband-19mm-x-1-5m.webp|2772394_6.png|https://static.mueller.de/pdzoom/4015000401883_03.webp||||||||||||Henkel AG & Co. KGaA||||||||||1.5 m|||False||2772394P|||||||||1
2879016|mueller||||||||2024-10-28|sensena NATURKOSMETIK Aromabadekissen Faszien & Muskeln|SENSENA NATURKOSMETIK||60|g|Home|Parfümerie|Pflege|Körperpflege|Baden|sensena NATURKOSMETIK Aromabadekissen Faszien & Muskeln||2,99 €|2,99 €|||||||||||49,83 € / 1 kg|||EUR|Home> Parfümerie> Pflege> Körperpflege> Baden> sensena NATURKOSMETIK Aromabadekissen Faszien & Muskeln|https://www.mueller.at/p/sensena-naturkosmetik-aromabadekissen-faszien-muskeln-IPN2879016/|60 g|Wenn das warme Wasser den Körper umhüllt, die Nase in duftende Aromen abtaucht und der Stress langsam abgespült wird, dann setzt eine wahre Tiefenerholung ein. Gut, wenn dann der Badezusatz nicht nur gut duftet, sondern auch die Haut mit absolut natürlichen Inhaltstoffen verwöhnt, die je nach Ingredienz eine ganz besondere Wirkung entfaltet. Gut duften können viele Badekosmetika, die Aromabadekissen von sensena können jedoch viel mehr: Das Geheimnis liegt im hautfreundlichen Vlies, in dem die naturbelassenen und getrockneten Tee-, Blüten- und Pflanzenschnitte fest verschlossen sind. Das ist wie ein Bad in reiner Natur, ohne dass Sie sich die Kräuter, Rosen oder andere Blüten nach dem Bad vom Körper pflücken müssen.||Trocken lagern.||||||||||||||||||||Non-Organic||||"{'Lagerhinweis': 'Trocken lagern.', 'target_group': 'Damen|Herren|Unisex', 'manufacturer': 'Accentra GmbH & Co. KG', 'Herstelleradresse': 'Rudolf-Diesel-Straße 7, 91572 Bechhofen, Deutschland', 'Kontaktmöglichkeit': 'info@accentra.de', 'Anwendungshinweis': 'Das Aromabadekissen in das wohltemperierte Badewasser Ihres Vollbades geben. Durch leichtes Drücken des Aromabadekissens unterstützen Sie die Entfaltung der ätherischen Öle. Badetemperatur: 35 - 38° C Badedauer: 15 - 20 Minuten', 'package_contents': 'Maris Sal, **Calendula Officinalis Flower, Sodium Carbonate, Melissa Officinalis Leaf Powder, Sodium Bicarbonate, **Carthamus Tinctorius Seed Oil, Castanea Sativa Flower, Cannabis Sativa Leaf, Hydrolyzed Gardenia Florida Extract, Rosmarinus Officinalis Leaf Oil, Eucalyptus Globulus Leaf Oil, **Simmondsia Chinensis Seed Oil, Maltodextrin, Piper Nigrum Fruit Oil, Tocopherol, Helianthus Annuus Seed Oil, Cannabis Sativa Seed Oil, * Limonene, *aus natürlichen ätherischen Ölen, **aus kontrolliert biologischem Anbau.', 'skin_type': 'normale Haut', 'product_property': 'pflegend|reinigend', 'Inhalt': '60 g', 'scope_of_application': 'Baden', 'Produkttyp': 'Badetabletten'}"||||||||||||||0|0|2879016_1.png|https://static.mueller.de/pdzoom/4015953683527.webp||||||||||||||||||||||Accentra GmbH & Co. KG||||||||||60 g|Maris Sal, **Calendula Officinalis Flower, Sodium Carbonate, Melissa Officinalis Leaf Powder, Sodium Bicarbonate, **Carthamus Tinctorius Seed Oil, Castanea Sativa Flower, Cannabis Sativa Leaf, Hydrolyzed Gardenia Florida Extract, Rosmarinus Officinalis Leaf Oil, Eucalyptus Globulus Leaf Oil, **Simmondsia Chinensis Seed Oil, Maltodextrin, Piper Nigrum Fruit Oil, Tocopherol, Helianthus Annuus Seed Oil, Cannabis Sativa Seed Oil, * Limonene, *aus natürlichen ätherischen Ölen, **aus kontrolliert biologischem Anbau.||False||2879016P|||||||||1
2772385|mueller||||||||2024-10-28|Maxsport Protein Bar Nuss Kokos Mandel|MAX SPORT||40|g|Home|Drogerie|Lebensmittel|Nahrung|Sportlernahrung|Maxsport Protein Bar Nuss Kokos Mandel||1,79 €|1,79 €|||||||||||44,75 € / 1 kg|||EUR|Home> Drogerie> Lebensmittel> Nahrung> Sportlernahrung> Maxsport Protein Bar Nuss Kokos Mandel|https://www.mueller.at/p/maxsport-protein-bar-nuss-kokos-mandel-2772385/|40 g|Max Life Nuts Protein Bar ist eine hervorragende Nussmischung, die nach einer 100% pflanzlichen Rezeptur und ohne Palmöl zubereitet wird. Für Veganer geeignet, von Natur aus glutenfrei, mit sorgfältig ausgewählten Zutaten, die dir Energie geben. Probieren Sie die knusprigen Nuss-Proteinriegel in zwei Geschmacksrichtungen – Schokolade und Kokosnuss mit Mandeln. Eingetaucht in verführerische dunkle Schokolade mit bis zu 25 % Protein. Der hohe Ballaststoffgehalt macht unsere Nussgüte zu einem idealen Partner für Reisen und Beruf. Gönnen Sie sich Erdnuss- und Mandelprotein, wo immer Sie sind!||kühler, trockener Ort, 10-25° C|||Slowakei||||||{'Nährwerte je': '100g', 'Brennwert': '2138 kj / 512 kcal', 'Fett in g': '27', '- davon gesättigte Fettsäuren in g': '7.4', 'Kohlenhydrate in g': '40', '- davon Zucker in g': '24', 'Eiweiß in g': '25', 'Salz in g': '0.61'}|||||||||||Non-Organic||||"{'Lagerhinweis': 'kühler, trockener Ort, 10-25° C', 'manufacturer': 'Max Sport s.r.o.,', 'Herstelleradresse': 'Max Sport s.r.o., Office: Mlynské Luhy 76,  821 05 Bratislava, Slovakia', 'Kontaktmöglichkeit': 'sales@maxsport.sk', 'Herkunftsland': 'Slowakei', 'Inhalt': '40 g', 'Eigenschaften': 'Laktosefrei|Glutenfrei|Vegan', 'Zutaten': 'Glukosesirup, ERDNÜSSE 27,1%, SOJACrispies 16,4% (SOJAPROTEIN\nIsolat, Tapiokastärke, Salz), Zartbitterschokolade 12% (Zucker, Kakaomasse, Kakaobutter, Emulgator:\nSonnenblumenlecithin, natürliches Vanillearoma), MANDELN 8,2%, Kokos 4,1%, Rapsöl, SOJA\nProteinisolat, Emulgator: Sonnenblumenlecithin, Aroma. Kann Milch und andere Nüsse enthalten.', 'Produkttyp': 'Energie-Riegel', 'warning_notice': 'Die angegebene empfohlene tägliche Verzehrsmenge darf nicht überschritten werden. Nahrungsergänzungsmittel sollten nicht als Ersatz für eine ausgewogene und abwechslungsreiche Ernährung dienen. Achten Sie auf eine gesunde Lebensweise. Außerhalb der Reichweite von kleinen Kindern aufbewahren.'}"||||||||||||||0|0|2772385_1.png|https://static.mueller.de/7021030695-PV-0/pdzoom/maxsport-protein-bar-nuss-kokos-mandel.webp||||||||||||||||||||||Max Sport s.r.o.,||||||||||40 g|||True||2772385P|||||||||10
2772386|mueller||||||||2024-10-28|Maxsport Protein Bar Nuss Schokolade|MAX SPORT||40|g|Home|Drogerie|Lebensmittel|Nahrung|Sportlernahrung|Maxsport Protein Bar Nuss Schokolade||1,79 €|1,79 €|||||||||||44,75 € / 1 kg|||EUR|Home> Drogerie> Lebensmittel> Nahrung> Sportlernahrung> Maxsport Protein Bar Nuss Schokolade|https://www.mueller.at/p/maxsport-protein-bar-nuss-schokolade-2772386/|40 g|Max Life Nuts Protein Bar ist eine hervorragende Nussmischung, die nach einer 100% pflanzlichen Rezeptur und ohne Palmöl zubereitet wird. Für Veganer geeignet, von Natur aus glutenfrei, mit sorgfältig ausgewählten Zutaten, die dir Energie geben. Probieren Sie die knusprigen Nuss-Proteinriegel in zwei Geschmacksrichtungen – Schokolade und Kokosnuss mit Mandeln. Eingetaucht in verführerische dunkle Schokolade mit bis zu 25 % Protein. Der hohe Ballaststoffgehalt macht unsere Nussgüte zu einem idealen Partner für Reisen und Beruf. Gönnen Sie sich Erdnuss- und Mandelprotein, wo immer Sie sind!||kühler, trockener Ort, 10-25° C|||Slowakei||||||{'Nährwerte je': '100g', 'Brennwert': '2093 kj / 501 kcal', 'Fett in g': '26', '- davon gesättigte Fettsäuren in g': '5.5', 'Kohlenhydrate in g': '40', '- davon Zucker in g': '25', 'Eiweiß in g': '25', 'Salz in g': '0.99'}|||||||||||Non-Organic||||"{'Lagerhinweis': 'kühler, trockener Ort, 10-25° C', 'manufacturer': 'Max Sport s.r.o.,', 'Herstelleradresse': 'Max Sport s.r.o., Office: Mlynské Luhy 76,  821 05 Bratislava, Slovakia', 'Kontaktmöglichkeit': 'sales@maxsport.sk', 'Herkunftsland': 'Slowakei', 'Inhalt': '40 g', 'Eigenschaften': 'Laktosefrei|Glutenfrei|Vegan', 'Zutaten': 'Glukosesirup, ERDNÜSSE 26,3%, Soja Crispies 15,5% (SOJAproteinisolat,\nTapiokastärke, Salz), Zartbitterschokolade 11% (Zucker, Kakaomasse, Kakaobutter, Emulgator: Sonnenblume\nLecithin, natürliches Vanillearoma), MANDELN 10%, dunkle Schokoladenstücke 4% (Zucker, Kakaomasse,\nEmulgator: Sonnenblumenlecithin, natürliches Aroma), SOJAproteinisolat, Rapsöl, fettarmer Kakao\nPulver, Salz, Emulgator: Sonnenblumenlecithin, Aromen. Kann Milch und andere Nüsse enthalten.', 'Produkttyp': 'Energie-Riegel', 'warning_notice': 'Die angegebene empfohlene tägliche Verzehrsmenge darf nicht überschritten werden. Nahrungsergänzungsmittel sollten nicht als Ersatz für eine ausgewogene und abwechslungsreiche Ernährung dienen. Achten Sie auf eine gesunde Lebensweise. Außerhalb der Reichweite von kleinen Kindern aufbewahren.'}"||||||||||||||0|0|2772386_1.png|https://static.mueller.de/7021031518-PV-0/pdzoom/maxsport-protein-bar-nuss-schokolade.webp||||||||||||||||||||||Max Sport s.r.o.,||||||||||40 g|||True||2772386P|||||||||10
2772387|mueller||||||||2024-10-28|tonies - Hörfigur für die Toniebox: Disney: Die Eiskönigin 2|TONIES||1|Stk.|Home|Spielwaren|Hörspiele & Musik|Kinder-Audiogeräte|tonies - Hörfigur für die Toniebox: Disney: Die Eiskönigin 2|||16,99 €|16,99 €||||||||||||||EUR|Home> Spielwaren> Hörspiele & Musik> Kinder-Audiogeräte> tonies - Hörfigur für die Toniebox: Disney: Die Eiskönigin 2|https://www.mueller.at/p/tonies-hoerfigur-fuer-die-toniebox-disney-die-eiskoenigin-2-2772387/|1 Stk.|"Hörfigur für die Toniebox:
Warum hat eigentlich nur Elsa diese magischen Kräfte? Woher kommt diese Stimme, die nur Elsa hören kann und die sie zu rufen scheint? Und was hat es mit diesem verzauberten Wald auf sich? Gemeinsam mit Anna, Kristoff, Rentier Sven und dem lustigen Schneemann Olaf macht sich Elsa auf den Weg, um Antworten zu finden. Und der führt sie bis zu einem Ort, an dem noch nie zuvor jemand war. Glaubte Elsa bisher, ihre Kräfte wären zu stark, hofft sie nun, dass sie stark genug sind. Doch zum Glück ist Anna ja immer an ihrer Seite!
Hörfigur für die Toniebox:
Tonies sind Hörfiguren für die Toniebox. Sie machen Hören anfassbar, denn mit ihnen bedient man die Toniebox. Man kann sie aber auch sammeln und mit ihnen spielen. Um der Musik zu lauschen, stellt man die Hörfigur einfach auf die Toniebox.
Warum hat eigentlich nur Elsa diese magischen Kräfte? Woher kommt diese Stimme, die nur Elsa hören kann und die sie zu rufen scheint? Und was hat es mit diesem verzauberten Wald auf sich? Gemeinsam mit Anna, Kristoff, Rentier Sven und dem lustigen Schneemann Olaf macht sich Elsa auf den Weg, um Antworten zu finden. Und der führt sie bis zu einem Ort, an dem noch nie zuvor jemand war. Glaubte Elsa bisher, ihre Kräfte wären zu stark, hofft sie nun, dass sie stark genug sind. Doch zum Glück ist Anna ja immer an ihrer Seite!"||||||||4 Jahre||||||||||||||Non-Organic||||"{'particularities': 'Magnethaftend, handbemalt, integrierter NFC-Chip,', 'target_group': 'Kindergartenkinder|Grundschüler', 'Artikelnummer des Herstellers': '10000671', 'license': 'Disney', 'Altersempfehlung ab': '4 Jahre', 'Inhalt': '1 Stk.', 'Produkttyp': 'CD Player & sonstige Audiogeräte'}"||||||||||||||4.875|8|2772387_1.png|https://static.mueller.de/7044680529-PV-0/pdzoom/tonies-hoerfigur-fuer-die-toniebox-disney-die-eiskoenigin-2.webp|2772387_2.png|https://static.mueller.de/7044680529-PB-1/pdzoom/tonies-hoerfigur-fuer-die-toniebox-disney-die-eiskoenigin-2.webp|2772387_3.png|https://static.mueller.de/7044680529-PB-2/pdzoom/tonies-hoerfigur-fuer-die-toniebox-disney-die-eiskoenigin-2.webp|2772387_4.png|https://static.mueller.de/7044680529-PB-3/pdzoom/tonies-hoerfigur-fuer-die-toniebox-disney-die-eiskoenigin-2.webp||||||||||||||||10000671||||||||||1 Stk.|||True||2772387P|||||||||10
2772388|mueller||||||||2024-10-28|tonies - Hörfigur für die Toniebox: Disney: Coco|TONIES||1|Stk.|Home|Spielwaren|Hörspiele & Musik|Kinder-Audiogeräte|tonies - Hörfigur für die Toniebox: Disney: Coco|||16,99 €|16,99 €||||||||||||||EUR|Home> Spielwaren> Hörspiele & Musik> Kinder-Audiogeräte> tonies - Hörfigur für die Toniebox: Disney: Coco|https://www.mueller.at/p/tonies-hoerfigur-fuer-die-toniebox-disney-coco-2772388/|1 Stk.|"Hörfigur für die Toniebox:
Tonies sind Hörfiguren für die Toniebox. Sie machen Hören anfassbar, denn mit ihnen bedient man die Toniebox. Man kann sie aber auch sammeln und mit ihnen spielen. Um der Musik zu lauschen, stellt man die Hörfigur einfach auf die Toniebox.
In Miguels Familie erinnert sich nur noch die Uroma Coco an ihren Papá, einen bekannten Musiker, der seine Familie angeblich wegen der Musik verlassen hat. Miguel schwärmt für Musik und verehrt den bekannten Musiker Ernesto de la Cruz. Zufällig entdeckt er auf einem alten Familienfoto die berühmte Gitarre dieses Künstlers und ist begeistert. Am Día de los Muertos, dem Tag der Toten, überschlagen sich die Ereignisse: Miguel stiehlt diese Gitarre aus einem Mausoleum. Als er sie spielen will, geschieht etwas Seltsames: Miguel kann auf dem Friedhof die Toten sehen, und die Lebenden laufen durch ihn hindurch, als wäre er Luft. Zusammen mit seinen verstorbenen Verwandten macht sich Miguel auf den Weg in das fantastische Land der Toten, um herauszufinden, wie er ins Leben zurückkehren kann. Dabei lernt der Junge das liebenswerte Skelett Héctor kennen, deckt ein gut gehütetes Geheimnis auf, muss gegen einen gefährlichen Gegner kämpfen und erkennt, dass die Dinge manchmal anders sind, als sie scheinen. Aber die Zeit drängt: Nur bis Sonnenaufgang kann Miguel das Land der Toten wieder verlassen ...
01 – 07 Coco"||||||||6 Jahre||||||||||||||Non-Organic||||{'particularities': 'Magnethaftend, handbemalt, integrierter NFC-Chip,', 'target_group': 'Grundschüler', 'Artikelnummer des Herstellers': '10000672', 'license': 'Disney', 'Altersempfehlung ab': '6 Jahre', 'Inhalt': '1 Stk.', 'Produkttyp': 'CD Player & sonstige Audiogeräte'}||||||||||||||5.0|1|2772388_1.png|https://static.mueller.de/7044680530-PV-0/pdzoom/tonies-hoerfigur-fuer-die-toniebox-disney-coco.webp|2772388_2.png|https://static.mueller.de/7044680530-PB-1/pdzoom/tonies-hoerfigur-fuer-die-toniebox-disney-coco.webp|2772388_3.png|https://static.mueller.de/7044680530-PB-2/pdzoom/tonies-hoerfigur-fuer-die-toniebox-disney-coco.webp|2772388_4.png|https://static.mueller.de/7044680530-PB-3/pdzoom/tonies-hoerfigur-fuer-die-toniebox-disney-coco.webp||||||||||||||||10000672||||||||||1 Stk.|||False||2772388P|||||||||1
2772389|mueller||||||||2024-10-28|tonies - Hörfigur für die Toniebox: Pixi Wissen: Planeten und Sterne|TONIES||1|Stk.|Home|Spielwaren|Hörspiele & Musik|Kinder-Audiogeräte|tonies - Hörfigur für die Toniebox: Pixi Wissen: Planeten und Sterne|||16,99 €|16,99 €||||||||||||||EUR|Home> Spielwaren> Hörspiele & Musik> Kinder-Audiogeräte> tonies - Hörfigur für die Toniebox: Pixi Wissen: Planeten und Sterne|https://www.mueller.at/p/tonies-hoerfigur-fuer-die-toniebox-pixi-wissen-planeten-und-sterne-2772389/|1 Stk.|"Ausführliche Info  Hörfigur für die Toniebox:
Tonies sind Hörfiguren für die Toniebox. Sie machen Hören anfassbar, denn mit ihnen bedient man die Toniebox. Man kann sie aber auch sammeln und mit ihnen spielen. Um der Musik zu lauschen, stellt man die Hörfigur einfach auf die Toniebox.
Pixi Wissen-Hörspiele erklären Wissen einfach und gut und bringen spannende Sachthemen auf den Punkt.
Wie weit ist es bis zur Sonne? Was sind Sternschnuppen?
Und wie viele Monde hat der Jupiter? Gehe mit Pixi auf eine spannende Reise in ein Planetarium und erfahre alles, was du schon immer über das Weltall wissen wolltest.
Titelliste 
1 Was leuchtet am Himmel?
2 Unsere Nachbarplaneten
3 Die Sonne
4 Forscher des Weltraums
5 Was sagen uns die Sterne?
6 Der Große Wagen am Himmel
7 Die Milchstraße
8 Was ist ein Mond?
9 Die Erde im Weltall
10 Und da draußen?"||||||||6 Jahre||||||||||||||Non-Organic||||{'particularities': 'Magnethaftend, handbemalt, integrierter NFC-Chip,', 'target_group': 'Grundschüler', 'Artikelnummer des Herstellers': '10000369', 'license': 'Pixi Wissen', 'Altersempfehlung ab': '6 Jahre', 'Inhalt': '1 Stk.', 'Produkttyp': 'CD Player & sonstige Audiogeräte'}||||||||||||||0|0|2772389_1.png|https://static.mueller.de/7044680531-PV-0/pdzoom/tonies-hoerfigur-fuer-die-toniebox-pixi-wissen-planeten-und-sterne.webp|2772389_2.png|https://static.mueller.de/7044680531-PB-1/pdzoom/tonies-hoerfigur-fuer-die-toniebox-pixi-wissen-planeten-und-sterne.webp|2772389_3.png|https://static.mueller.de/7044680531-PB-2/pdzoom/tonies-hoerfigur-fuer-die-toniebox-pixi-wissen-planeten-und-sterne.webp|2772389_4.png|https://static.mueller.de/7044680531-PB-3/pdzoom/tonies-hoerfigur-fuer-die-toniebox-pixi-wissen-planeten-und-sterne.webp||||||||||||||||10000369||||||||||1 Stk.|||True||2772389P|||||||||6
2458499|mueller||||||||2024-10-28|Auf Spurensuche(Die Schnitzeljagd-Falle/Die rätzel|||1|Stk.|Home|Multi-Media|Musik|Hörspiele|Auf Spurensuche(Die Schnitzeljagd-Falle/Die rätzel|||7,00 €|7,00 €||||||||||||||EUR|Home> Multi-Media> Musik> Hörspiele> Auf Spurensuche(Die Schnitzeljagd-Falle/Die rätzel|https://www.mueller.at/p/auf-spurensuche-die-schnitzeljagd-falle-die-raetzel-2458499/|1 Stk.|||||||||||||||||||||||Non-Organic||||{'medium': 'CD', 'Künstler': 'Bibi & Tina', 'Inhalt': '1 Stk.', 'Anzahl Medien im Artikel': '2', 'genre': 'Hörspiel (Kinder)', 'Label': 'Kiddinx'}||||||||||||||0|0|2458499_1.png|https://static.mueller.de/pdzoom/phononet_4001504125967_pv_4001504125967-0600px-001.webp||||||||||||||||||||||||||||||||1 Stk.|||True||2458499P|||||||||1
2772380|mueller||||||||2024-10-28|Kattovit Katzennassfutter Feline Diet Niere/Renal mit Ente|KATTOVIT||85|g|Home|Tiershop|Tiernahrung|Katze|Nassfutter|Kattovit Katzennassfutter Feline Diet Niere/Renal mit Ente||0,79 €|0,79 €|||||||||||9,29 € / 1 kg|||EUR|Home> Tiershop> Tiernahrung> Katze> Nassfutter> Kattovit Katzennassfutter Feline Diet Niere/Renal mit Ente|https://www.mueller.at/p/kattovit-katzennassfutter-feline-diet-niere-renal-mit-ente-2772380/|85 g|Kattovit Feline Diet Niere / Renal - Niereninsuffizienz (K-Rezeptur) 85g-Pouch. Zur Unterstützung der Nierenfunktion bei chronischer Niereninsuffizienz und zur Verringerung von Oxalsteinbildung. Kattovit Feline Diet - Niere/Renal wurde speziell entwickelt, um die Katzen mit einem reduzierten Eiweißgehalt zu versorgen, durch die Verwendung von hochwertigem Protein in einer leicht verdaulichen Zusammensetzung. Hohe Eiweißgehalte können sich schädigend auf die Nieren auswirken. Entscheidend ist dabei der Proteingehalt bezogen auf die Energiemenge. Bei Kattovit Niere/Renal wird, im Gegensatz zu herkömmlichem Futter, nur etwa die Hälfte der Energie durch Eiweiß erbracht. Die Anreicherung mit Kaliumcitrat (harnalkalisierend) sorgt für einen weniger sauren Urin (neutral) und kann somit der Oxalat-Kristallbildung vorbeugen (Oxalatprophylaxe). Die Gehalte an Phosphor und Natrium sind reduziert.|||||||||Geflügel|||||||||||||Non-Organic||||{'Futtermittelart': 'Alleinfutter', 'manufacturer': 'Finnern GmbH & Co. KG', 'Herstelleradresse': 'Bahnhofstraße 11, 27283 Verden', 'Kontaktmöglichkeit': 'info@finnern.de', 'Zulassungsnummer': 'DENI361850', 'Geeignet für Lebensphase': 'Adult', 'Geschmacksrichtung': 'Geflügel', 'special_feed': 'Nierenschwäche', 'packaging_type': 'Beutel', 'Inhalt': '85 g', 'Eigenschaften': 'Ohne Zuckerzusatz', 'Fütterungsempfehlung': 'Es wird empfohlen vor der Verfütterung oder Verlängerung der Fütterungsdauer den Rat eines Tierarztes einzuholen. Empfohlene Dauer der Fütterung: Zunächst bis zu 6 Monate. Frisches Wasser zur freien Verfügung sollte immer bereitstehen. Gewicht der Katze 3kg: ca. 2-3 Frischebeutel pro Tag, 5kg: ca. 3-4 Frischebeutel pro Tag. Die Futtermenge kann je nach Alter, Aktivität und Rasse variieren.', 'Analytische Bestandteile': 'Rohprotein 6%, Fettgehalt 5,5%, Feuchtegehalt 80%, Rohfaser 1%, Rohasche 1,8%, Calcium 0,18%, Phosphor 0,12%, Kalium 0,25%, Natrium 0,15%, Magnesium 0,02%, Chloride 0,1%, Schwefel 0,13%, Hydroxyprolin 0,1%, Vitamin D gesamt 200 I.E./kg.', 'Zusammensetzung (Futter)': 'Fleisch und tierische Nebenerzeugnisse (u.a. 6% Ente), Getreide, pflanzliche Nebenerzeugnisse, Öle und Fette, Mineralstoffe (0,2% Kaliumcitrat). Proteinquellen: 7% Huhn, 12% Leber, 4% Geflügelleber, 6% Ente, 0,8% Reis (gekocht).', 'Zusatzstoffe (Futter)': 'Ernährungsphysiologische Zusatzstoffe/kg: Vitamin A: 1.040 I.E., Vitamin D3: 125 I.E., Vitamin E (als all-rac-alpha-Tocopherylacetat): 20mg, Eisen (als Eisen-(II)-Sulfat, Monohydrat): 40mg, Zink (als Zinkoxid): 28mg, Kupfer (als Kupfer-(II)-Sulfat, Pentahydrat): 1,2mg, Mangan (als Mangan-(II)-Sulfat): 1mg, Jod (als Kaliumjodid, wasserfrei): 0,6mg, Taurin: 720mg.', 'Produkttyp': 'Nassfutter', 'Tiertyp': 'Katze'}||||Es wird empfohlen vor der Verfütterung oder Verlängerung der Fütterungsdauer den Rat eines Tierarztes einzuholen. Empfohlene Dauer der Fütterung: Zunächst bis zu 6 Monate. Frisches Wasser zur freien Verfügung sollte immer bereitstehen. Gewicht der Katze 3kg: ca. 2-3 Frischebeutel pro Tag, 5kg: ca. 3-4 Frischebeutel pro Tag. Die Futtermenge kann je nach Alter, Aktivität und Rasse variieren.|||||||Geflügel|||0|0|2772380_1.png|https://static.mueller.de/pdzoom/4000158772244_3544706.webp||||||||||||||||||||||Finnern GmbH & Co. KG||||||||||85 g|||False||2772380P|||||Adult||||1
2772378|mueller||||||||2024-10-28|Käfer Englischer Apfelsaft naturtrüb|KÄFER||0.75|l|Home|Drogerie|Lebensmittel|Getränke|Säfte, Smoothies & Schorlen|Käfer Englischer Apfelsaft naturtrüb||5,95 €|5,95 €|||||||||||7,93 € / 1 l|||EUR|Home> Drogerie> Lebensmittel> Getränke> Säfte, Smoothies & Schorlen> Käfer Englischer Apfelsaft naturtrüb|https://www.mueller.at/p/kaefer-englischer-apfelsaft-naturtrueb-2772378/|0.75 l|Der naturtrübe Käfer-Apfelsaft ist ein Klassiker in unserem Sortiment. Beim Genuss der frisch gepressten, handverlesenen englischen Äpfel offenbart sich ein intensives und aromatisches Geschmackserlebnis.|||||England|||||||||||||||||Non-Organic||||{'manufacturer': 'Stoke Farm Orchards', 'Herstelleradresse': 'IP14 SNA Suffolk', 'Herkunftsland': 'England', 'Inhalt': '0.75 l', 'Zutaten': 'Apfelsaft, Antioxidationsmittel, Vitamin C', 'Produkttyp': 'Säfte'}||||||||||||||0|0|2772378_1.png|https://static.mueller.de/7021025761-PV-0/pdzoom/kaefer-englischer-apfelsaft-naturtrueb.webp||||||||||||||||||||||Stoke Farm Orchards||||||||||0.75 l|||True||2772378P|||||||||7
310510|mueller||||||||2024-10-28|The Ballads|||1|Stk.|Home|Multi-Media|Musik|Rock|The Ballads|||5,99 €|5,99 €||||||||||||||EUR|Home> Multi-Media> Musik> Rock> The Ballads|https://www.mueller.at/p/the-ballads-310510/|1 Stk.|||||||||||||||||||||||Non-Organic||||{'medium': 'CD', 'Künstler': 'Doro', 'Inhalt': '1 Stk.', 'Anzahl Medien im Artikel': '1', 'genre': 'Rock international', 'Label': 'Mercury'}||||||||||||||0|0|310510_1.png|https://static.mueller.de/pdzoom/phononet_0042284639323_pv_0042284639323-0600px-001.webp||||||||||||||||||||||||||||||||1 Stk.|||True||310510P|||||||||5
2786947|mueller||||||||2024-10-28|alessandro Striplac French Stempel|ALESSANDRO||1|Stk.|Home|Parfümerie|Accessoires|Hand- & Fußpflege|Manikür- & Lackierhilfen|alessandro Striplac French Stempel||3,95 €|3,95 €||||||||||||||EUR|Home> Parfümerie> Accessoires> Hand- & Fußpflege> Manikür- & Lackierhilfen> alessandro Striplac French Stempel|https://www.mueller.at/p/alessandro-striplac-french-stempel-2786947/|1 Stk.|Der alessandro International Striplac French Stamper hilft einen perfekten French Look auf den Nägel zu kreiren, ohne großen Aufwand. Ob French Nails oder Nail Art Trends, im Handumdrehen werden mit dem multifunktionalen Silikon-Stempel Striplac Nägel in ein Kunstwerk verwandelt.||||||||||||||||||||||Non-Organic||||{'manufacturer': 'Alessandro International GmbH', 'Herstelleradresse': 'Erkrather Straße 228a, 40233 Düsseldorf', 'Materialdetails': 'Stempel aus Silikon.', 'Material': 'Kunststoff', 'Anwendungshinweis': '1. Die Striplac-Farbe wie gewohnt auftragen aushärten und Schwitzschicht entfernen 2. Die gewünschte Striplac Farbe auf den Stamper auftragen, Nagelspitze eindrücken und langsam herausziehen 3. Die Nägel mit dem Top Coat versiegeln und wie gewohnt aushärten\n4. Zum Schluss die Schwitzschicht mit dem Reinigungspad entfernen.', 'Inhalt': '1 Stk.', 'Produkttyp': 'Manikür- & Lackierhilfen'}||||||||Stempel aus Silikon.||||||0|0|2786947_1.png|https://static.mueller.de/7276850490-PV-0/pdzoom/alessandro-striplac-french-stempel.webp||||||||||||||||||||||Alessandro International GmbH||||||||||1 Stk.|||True||2786947P|||||||||3
2786948|mueller||||||||2024-10-28|Meine Rezepte - lila|-||1|Stk.|Home|Bücher|Kochen & Backen|Meine Rezepte - lila||||9,95 €|9,95 €||||||||||||||EUR|Home> Bücher> Kochen & Backen> Meine Rezepte - lila|https://www.mueller.at/p/meine-rezepte-lila-2786948/|1 Stk.|"Endlich hat die Zettelwirtschaft ein Ende!
Meine liebsten Rezepte dekorativ an einem Ehrenplatz in der Küche und damit immer gleich zur Hand.
Die liebevolle Gestaltung und die Zitate verführen zum Eintragen oder Einkleben der besten Rezepte. Das Inhaltsverzeichnis und das Lesebändchen helfen, die Rezepte schnell wiederzufinden.Attraktiv gestaltetes Rezept-Einschreibebuch, mit dem Sie Ihre eigene Rezeptsammlung ständig erweitern können. Ob Zeitschriftenausschnitt, Internetausdruck oder handgeschrieben, hier finden alle Ihre Lieblingsrezepte Platz.Maße: H 29 cm / B 22 cmHalbleinenband."||||||||||||||||||||||Non-Organic||||{'genre': 'Kochen & Backen', 'language': 'deutsch', 'publisher': 'EDITION XXL GmbH', 'Einband': 'Hardcover', 'Inhalt': '1 Stk.', 'ISBN Ausgangsbuch': '9783897360310', 'Produkttyp': 'Kochen & Backen', 'page_number': '96'}||||||||||||||0|0|2786948_1.png|https://static.mueller.de/7080270366-PV-0/pdzoom/meine-rezepte-lila.webp||||||||||||||||||||||||||||||||1 Stk.|||True||2786948P|||||||||7
2458435|mueller||||||||2024-10-28|Folge 127:Bibi zieht aus|||1|Stk.|Home|Multi-Media|Musik|Hörspiele|Folge 127:Bibi zieht aus|||7,99 €|7,99 €||||||||||||||EUR|Home> Multi-Media> Musik> Hörspiele> Folge 127:Bibi zieht aus|https://www.mueller.at/p/folge-127-bibi-zieht-aus-2458435/|1 Stk.|||||||||||||||||||||||Non-Organic||||{'medium': 'CD', 'Künstler': 'Bibi Blocksberg', 'Inhalt': '1 Stk.', 'Anzahl Medien im Artikel': '1', 'genre': 'Hörspiel (Kinder)', 'Label': 'Kiddinx'}||||||||||||||0|0|2458435_1.png|https://static.mueller.de/pdzoom/phononet_4001504256272_pv_4001504256272-0600px-001.webp||||||||||||||||||||||||||||||||1 Stk.|||True||2458435P|||||||||5
2458467|mueller||||||||2024-10-28|Bibi auf dem Reiterhof (Teil 1 und 2)|||1|Stk.|Home|Multi-Media|Musik|Hörspiele|Bibi auf dem Reiterhof (Teil 1 und 2)|||7,00 €|7,00 €||||||||||||||EUR|Home> Multi-Media> Musik> Hörspiele> Bibi auf dem Reiterhof (Teil 1 und 2)|https://www.mueller.at/p/bibi-auf-dem-reiterhof-teil-1-und-2-2458467/|1 Stk.|||||||||||||||||||||||Non-Organic||||{'medium': 'CD', 'Künstler': 'Bibi Blocksberg', 'Inhalt': '1 Stk.', 'Anzahl Medien im Artikel': '2', 'genre': 'Hörspiel (Kinder)', 'Label': 'Kiddinx'}||||||||||||||0|0|2458467_1.png|https://static.mueller.de/pdzoom/phononet_4001504125950_pv_4001504125950-0600px-001.webp||||||||||||||||||||||||||||||||1 Stk.|||True||2458467P|||||||||5
192938|mueller||||||||2024-10-28|rayher MERINO-KAMMZUG,SUPERFEIN 19MIC 5X10G BRAUN-TÖNE 5365400|||50|g|Home|Spielwaren|Kreativ & Basteln|Bastelsets|rayher MERINO-KAMMZUG,SUPERFEIN 19MIC 5X10G BRAUN-TÖNE 5365400|||6,59 €|6,59 €|||||||||||131,80 € / 1 kg|||EUR|Home> Spielwaren> Kreativ & Basteln> Bastelsets> rayher MERINO-KAMMZUG,SUPERFEIN 19MIC 5X10G BRAUN-TÖNE 5365400|https://www.mueller.at/p/rayher-merino-kammzug-superfein-19mic-5x10g-braun-toene-5365400-192938/|50 g|"Von beige, über goldbraun, bis dunkelbraun – bei diesen Farben hat der Novemberblues keine Chance!
Merino-Wolle empfiehlt sich vor allem zum Filzen mit der Nunotechnik (japanisch „nuno“ = Gewebe): Zunächst filzt du geformte Wollfetzen auf einem Seidenschal (53800102) durch kreisförmiges Reiben trocken an. Anschließend filzt du dann mithilfe des Mega-Filzers (5364000) feucht weiter. Nun kannst du deinen fertigen Schal noch mit Perlen oder Pailletten deiner Wahl verschönern und dein Accessoire für die nächste Party ist fertig! Die feine Merino-Wolle ist, im Vergleich zu anderer Wolle, ganz besonders weich, kratzt weniger und wärmt gleichzeitig. Quasi ein Allrounder!
Textilinformationen
100% Wolle"||||||||14 Jahre||||||||||||||Non-Organic||||"{'target_group': 'Jugendliche|Erwachsene', 'manufacturer': 'Rayher Hobby GmbH', 'Herstelleradresse': 'Fockestr. 15 ,88471 Laupheim', 'Artikelnummer des Herstellers': '5365400', 'license': 'Rayher Filz', 'Altersempfehlung ab': '14 Jahre', 'Inhalt': '50 g', 'Produkttyp': 'Sonstiges Bastelzubehör'}"||||||||||||||0|0|192938_1.png|https://static.mueller.de/6704354244-PV-0/pdzoom/rayher-merino-kammzug-superfein-19mic-5x10g-braun-toene-5365400.webp|192938_2.png|https://static.mueller.de/6704354244-PB-1/pdzoom/rayher-merino-kammzug-superfein-19mic-5x10g-braun-toene-5365400.webp||||||||||||||||||||Rayher Hobby GmbH||||||||||50 g|||True||192938P|||||||||7
153380|mueller||||||||2024-10-28|Märklin 24903 Start up - C-Gleis Ergänzungspackung C 3|MÄRKLIN||1|Stk.|Home|Spielwaren|Modellbau & Modelleisenbahn|Modelleisenbahn|Starterpackungen|Märklin 24903 Start up - C-Gleis Ergänzungspackung C 3||99,99 €|99,99 €|99,99 €|89,99 €||||10%|Sie sparen 10%|||||||EUR|Home> Spielwaren> Modellbau & Modelleisenbahn> Modelleisenbahn> Starterpackungen> Märklin 24903 Start up - C-Gleis Ergänzungspackung C 3|https://www.mueller.at/p/maerklin-24903-start-up-c-gleis-ergaenzungspackung-c-3-153380/|1 Stk.|C-Gleis Ergänzungspackung C 3Zur Erweiterung der C-Gleis-Startpackungen um ein Ausweichgleis mit Bogenweichen.Inhalt: 7 gerade Gleise 241887 gerade Gleise 241722 gebogene Gleise 241301 Bogenweiche 246711 Bogenweiche 24672Anschlussmaterial und Aufbauanleitung.||||||||6 Jahre||||||||||||||Non-Organic||||"{'Strom System Modellbahn': 'AC - Wechselstrom', 'Spur Modelleisenbahn': 'H0 - 1:87', 'target_group': 'Grundschüler|Erwachsene|Jugendliche', 'Kontaktmöglichkeit': 'Gebr. Märklin & Cie. GmbH', 'Artikelnummer des Herstellers': '24903', 'license': 'Märklin - Spur H0 - Gleismaterial - C-Gleis', 'Altersempfehlung ab': '6 Jahre', 'Altersempfehlung bis': '99 Jahre', 'Materialdetails': 'Kunststoff', 'Inhalt': '1 Stk.', 'Produkttyp': 'Ergänzungspackung', 'verschluckbare Magnete': 'Nein'}"||||||||Kunststoff||||||5.0|1|153380_1.png|https://static.mueller.de/62365489-PB-0/pdzoom/maerklin-24903-start-up-c-gleis-ergaenzungspackung-c-3.webp||||||||||||||||||||||24903||||||||||1 Stk.|||False||153380P|||||||||1
153381|mueller||||||||2024-10-28|Märklin 24904 Start up - C-Gleis Ergänzungspackung C 4|MÄRKLIN||1|Stk.|Home|Spielwaren|Modellbau & Modelleisenbahn|Modelleisenbahn|Starterpackungen|Märklin 24904 Start up - C-Gleis Ergänzungspackung C 4||119,99 €|119,99 €|119,99 €|95,00 €||||21%|Sie sparen 21%|||||||EUR|Home> Spielwaren> Modellbau & Modelleisenbahn> Modelleisenbahn> Starterpackungen> Märklin 24904 Start up - C-Gleis Ergänzungspackung C 4|https://www.mueller.at/p/maerklin-24904-start-up-c-gleis-ergaenzungspackung-c-4-153381/|1 Stk.|C-Gleis Ergänzungspackung C 4Zur Erweiterung der C-Gleis-Startpackungen um ein Ausweichgleis mit Bogenweichen. Zusammen mit der Ergänzungspackung C3 203 ergibt sich eine Parallelstrecke.Inhalt: 4 gerade Gleise 241884 gerade Gleise 241722 gerade Gleise 240772 gebogene Gleise 241306 gebogene Gleise 242301 Bogenweiche 246711 Bogenweiche 24672Anschlussmaterial und Aufbauanleitung.||||||||6 Jahre||||||||||||||Non-Organic||||"{'Strom System Modellbahn': 'AC - Wechselstrom', 'Spur Modelleisenbahn': 'H0 - 1:87', 'target_group': 'Grundschüler|Erwachsene|Jugendliche', 'Kontaktmöglichkeit': 'Gebr. Märklin & Cie. GmbH', 'Artikelnummer des Herstellers': '24904', 'license': 'Märklin - Spur H0 - Zubehör - C-Gleis', 'Altersempfehlung ab': '6 Jahre', 'Altersempfehlung bis': '99 Jahre', 'Materialdetails': 'Kunststoff', 'Inhalt': '1 Stk.', 'Produkttyp': 'Ergänzungspackung', 'verschluckbare Magnete': 'Nein'}"||||||||Kunststoff||||||0|0|153381_1.png|https://static.mueller.de/62366903-PV-0/pdzoom/maerklin-24904-start-up-c-gleis-ergaenzungspackung-c-4.webp|153381_2.png|https://static.mueller.de/62366903-PB-1/pdzoom/maerklin-24904-start-up-c-gleis-ergaenzungspackung-c-4.webp||||||||||||||||||||24904||||||||||1 Stk.|||True||153381P|||||||||10
2169502|mueller||||||||2024-10-28|sigikid - Schmetterling orange Red Star|SIGIKID||1|Stk.|Home|Spielwaren|Baby & Kleinkind|Babyspielzeug|Spielzeug mit Rassel|sigikid - Schmetterling orange Red Star||6,95 €|6,95 €|6,95 €|5,99 €||||14%|Sie sparen 14%|||||||EUR|Home> Spielwaren> Baby & Kleinkind> Babyspielzeug> Spielzeug mit Rassel> sigikid - Schmetterling orange Red Star|https://www.mueller.at/p/sigikid-schmetterling-orange-red-star-2169502/|1 Stk.|Schmetterling orange Red StarKleiner Knisterfreund mit Spaßgarantie. Der Knister-Schmetterling in orange ist ein toller Babygreifling für die ganz Kleinen. Mit 9 cm Größe und dem weichen Material liegt er gut und weich in der Hand. In den Flügeln ist Knisterfolie eingenäht, die beim Spielen lustig raschelt.Material außen: 100% Polyester, Material innen: 100% Polyester||||||||0 Monate||||||||||||||Non-Organic||||"{'target_group': 'Baby & Kleinkind', 'manufacturer': 'Sigikid / H. Scharrer & Koch GmbH & Co.KG', 'Herstelleradresse': 'Am Wolfsgarten 8 95511 Mistelbach', 'Kontaktmöglichkeit': 'https://sigikid.de/', 'Artikelnummer des Herstellers': '41181', 'Altersempfehlung ab': '0 Monate', 'Altersempfehlung bis': '1 Jahre', 'Materialdetails': 'Baumwolle', 'Inhalt': '1 Stk.', 'Produkttyp': 'Rasseln | Greiflinge'}"||||||||Baumwolle||||||0|0|2169502_1.png|https://static.mueller.de/5780516535-PV-0/pdzoom/sigikid-schmetterling-orange-red-star.webp|2169502_2.png|https://static.mueller.de/5780516535-PB-1/pdzoom/sigikid-schmetterling-orange-red-star.webp|2169502_3.png|https://static.mueller.de/5780516535-PB-2/pdzoom/sigikid-schmetterling-orange-red-star.webp||||||||||||||||||Sigikid / H. Scharrer & Koch GmbH & Co.KG||||||||||1 Stk.|||True||2169502P|||||||||10
153382|mueller||||||||2024-10-28|Märklin 24905 Start up - C-Gleis Ergänzungspackung C 5|MÄRKLIN||1|Stk.|Home|Spielwaren|Modellbau & Modelleisenbahn|Modelleisenbahn|Starterpackungen|Märklin 24905 Start up - C-Gleis Ergänzungspackung C 5||184,99 €|184,99 €|184,99 €|165,00 €||||11%|Sie sparen 11%|||||||EUR|Home> Spielwaren> Modellbau & Modelleisenbahn> Modelleisenbahn> Starterpackungen> Märklin 24905 Start up - C-Gleis Ergänzungspackung C 5|https://www.mueller.at/p/maerklin-24905-start-up-c-gleis-ergaenzungspackung-c-5-153382/|1 Stk.|C-Gleis Ergänzungspackung C 5Zur Erweiterung der C-Gleis-Startpackungen um Abstell- und Rangiergleise.Inhalt: 7 gerade Gleise 241887 gerade Gleise 241722 gerade Gleise 240941 gebogenes Gleis 242241 Weiche 246111 Weiche 246121 Doppelkreuzungsweiche 246204 Gleisenden mit Prellböcken 277Anschlussmaterial und Aufbauanleitung||||||||6 Jahre||||||||||||||Non-Organic||||"{'Strom System Modellbahn': 'AC - Wechselstrom', 'Spur Modelleisenbahn': 'H0 - 1:87', 'target_group': 'Grundschüler|Erwachsene|Jugendliche', 'Kontaktmöglichkeit': 'Gebr. Märklin & Cie. GmbH', 'Artikelnummer des Herstellers': '24905', 'license': 'Märklin - Spur H0 - Gleismaterial - C-Gleis', 'Altersempfehlung ab': '6 Jahre', 'Altersempfehlung bis': '99 Jahre', 'Materialdetails': 'Kunststoff', 'Inhalt': '1 Stk.', 'Produkttyp': 'Ergänzungspackung', 'verschluckbare Magnete': 'Nein'}"||||||||Kunststoff||||||5.0|1|153382_1.png|https://static.mueller.de/pdzoom/153382_aa.webp|153382_2.png|https://static.mueller.de/62366909-PB-1/pdzoom/maerklin-24905-start-up-c-gleis-ergaenzungspackung-c-5.webp|153382_3.png|https://static.mueller.de/62366909-PB-0/pdzoom/maerklin-24905-start-up-c-gleis-ergaenzungspackung-c-5.webp|153382_4.png|https://static.mueller.de/pdzoom/153382_dd.webp||||||||||||||||24905||||||||||1 Stk.|||True||153382P|||||||||1
2169503|mueller||||||||2024-10-28|sigikid - Rassel Schaf, Red Stars|SIGIKID||1|Stk.|Home|Spielwaren|Baby & Kleinkind|Babyspielzeug|Spielzeug mit Rassel|sigikid - Rassel Schaf, Red Stars||8,95 €|8,95 €|8,95 €|7,99 €||||11%|Sie sparen 11%|||||||EUR|Home> Spielwaren> Baby & Kleinkind> Babyspielzeug> Spielzeug mit Rassel> sigikid - Rassel Schaf, Red Stars|https://www.mueller.at/p/sigikid-rassel-schaf-red-stars-2169503/|1 Stk.|"Erster Spielspaß für kleine Tierfreunde. Der süße Babygreifling Bär eignet sich prima für die ersten Greifversuche ab dem 3. Monat. Dank der tollen Form, liegt er gut und weich in Hand. Wird das kleine Stofftier bewegt, ertönt ein lustiges Rasselgeräusch. Obermaterial: Polyester Füllmaterial: Polyesterwatte Größe: 13 x 5 x 5 cm

Obermaterial: Microfaserplüsch
Weich gefüllt mit Polyesterwatte
Gesticktes Gesicht
"||||||||0 Monate||||||||||||||Non-Organic||||"{'target_group': 'Säuglinge', 'manufacturer': 'Sigikid / H. Scharrer & Koch GmbH & Co.KG', 'Herstelleradresse': 'Am Wolfsgarten 8 95511 Mistelbach', 'Kontaktmöglichkeit': 'https://sigikid.de/', 'Artikelnummer des Herstellers': '41189', 'Altersempfehlung ab': '0 Monate', 'Altersempfehlung bis': '12 Monate', 'Inhalt': '1 Stk.', 'Produkttyp': 'Rasseln | Greiflinge'}"||||||||||||||0|0|2169503_1.png|https://static.mueller.de/5820404125-PB-1/pdzoom/sigikid-rassel-schaf-red-stars.webp||||||||||||||||||||||Sigikid / H. Scharrer & Koch GmbH & Co.KG||||||||||1 Stk.|||True||2169503P|||||||||10
2904497|mueller||||||||2024-10-28|moses. - Pocket Quiz junior - Verrückte Tiere|MOSES||1|Stk.|Home|Spielwaren|Spiele & Puzzles|Spiele|Kinderspiele|moses. - Pocket Quiz junior - Verrückte Tiere||6,20 €|6,20 €||||||||||||||EUR|Home> Spielwaren> Spiele & Puzzles> Spiele> Kinderspiele> moses. - Pocket Quiz junior - Verrückte Tiere|https://www.mueller.at/p/moses-pocket-quiz-junior-verrueckte-tiere-IPN2904497/|1 Stk.|"Jetzt gibt es unseren Klassiker auch endlich für die junge Generation! Das Pocket Quiz Junior bietet spannende Inhalte für Kinder, mit denen sich jede Wartezeit perfekt überbrücken lässt. Ellenlange, langweilige Autofahrten? Warten an der Bushaltestelle nach der Schule? Die Kinderquizze sorgen dank interessanter Themen, kniffligen Fragen und modernem Design für die nötige Ablenkung und lassen die Zeit wie im Flug vergehen. Jedes Quiz besteht aus 50 Karten, pickepackevoll mit abwechslungsreichen, kniffligen Quizfragen, Rätseln, Knobeleien und Denksportaufgaben. Dank der attraktiven Geschenkverpackung im Mitnahmeformat ist das Pocket Quiz Junior das perfekte Mitbringsel zum Geburtstag auch für zwischendurch. Zu kompaktem Wissen für unterwegs kann doch niemand nein sagen.

So wird’s gespielt:
Feste Spielregeln gibt es keine. Man kann die Fragen alleine beantworten und die Lösung auf der Rückseite der Karte kontrollieren. Oder man spielt im Team und stellt sich die Fragen gegenseitig.

Pocket Quiz Junior „Verrückte Tiere“
Welchem Tier wächst eine Angel aus dem Kopf? Welches verständigt sich durch Pupsen? Und woran kann man einem Huhn ansehen, ob es braune oder weiße Eier legt? In diesem Quiz warten 100 Fragen und Fakten rund um erstaunliche Tiere darauf, beantwortet und entdeckt zu werden. Schmunzeln und Staunen garantiert!

Autorin: Anke Küpper

+ 50 Karten in einer Schachtel"||||||||8 Jahre||||||||||||||Non-Organic||||"{'target_group': 'Grundschüler|Jugendliche', 'Artikelnummer des Herstellers': '052570', 'Altersempfehlung ab': '8 Jahre', 'Inhalt': '1 Stk.', 'Produkttyp': 'Quiz'}"||||||||||||||0|0|2904497_1.png|https://static.mueller.de/pdzoom/9783964552570.webp|2904497_2.png|https://static.mueller.de/pdzoom/9783964552570_3.webp|2904497_3.png|https://static.mueller.de/pdzoom/9783964552570_2.webp||||||||||||||||||052570||||||||||1 Stk.|||True||2904497P|||||||||5
2904499|mueller||||||||2024-10-28|moses. - Upwärts! Würfelspiel|MOSES||1|Stk.|Home|Spielwaren|Spiele & Puzzles|Spiele|Kinderspiele|moses. - Upwärts! Würfelspiel||12,95 €|12,95 €|12,95 €|9,99 €||||23%|Sie sparen 23%|||||||EUR|Home> Spielwaren> Spiele & Puzzles> Spiele> Kinderspiele> moses. - Upwärts! Würfelspiel|https://www.mueller.at/p/moses-upwaerts-wuerfelspiel-IPN2904499/|1 Stk.|"Wer kann am pfiffigsten Zahlen stapeln?

Beim vielseitigen Würfelspiel Upwärts fallen die Zahlen ins Raster! Und wenn etwas nicht passt, können die Zahlen geschickt addiert oder gespeichert werden. Die verschiedenen Wertungsvarianten fordern immer wieder heraus und die Effekte des optionalen Ereigniswürfels sorgen für noch mehr Spannung. Wer stapelt und punktet am cleversten? Ein Muss für den nächsten Spieleabend!

So wird’s gespielt:
- Wer an der Reihe ist, wirft die 3 Zahlenwürfel.
- Das Ergebnis tragen nun alle Spieler*innen auf ihrem Blatt ein. Die Zahlen werden dazu von oben in die Spalten „fallen“ gelassen.
- Der Clou: Die Zahlen können dabei beliebig addiert oder gespeichert werden.
- Ist ein Blatt voll, geht es an die Punkte! Diese gibt es je nach Variante für Zeilen, Schlangen oder Bausteine gleicher Zahlen.
- Mit den Effekten des optionalen Ereigniswürfels
bietet jede Partie noch mehr Spielspaß!

Inhalt:
- 3 Zahlenwürfel
- 1 Ereigniswürfel
- 1 Block (100 Blatt)
- 1 Spielanleitung
Spieldauer: ca. 20 Min"||||||||8 Jahre||||||||||||||Non-Organic||||"{'target_group': 'Grundschüler|Jugendliche', 'Artikelnummer des Herstellers': '090148', 'Altersempfehlung ab': '8 Jahre', 'Inhalt': '1 Stk.', 'Spieleranzahl': '2-6', 'Produkttyp': 'Würfelspiele'}"||||||||||||||0|0|2904499_1.png|https://static.mueller.de/pdzoom/4033477901484.webp|2904499_2.png|https://static.mueller.de/pdzoom/4033477901484_2.webp||||||||||||||||||||090148||||||||||1 Stk.|||False||2904499P|||||||||1
310500|mueller||||||||2024-10-28|Holy Diver (Remastered)|||1|Stk.|Home|Multi-Media|Musik|Rock|Holy Diver (Remastered)|||5,99 €|5,99 €||||||||||||||EUR|Home> Multi-Media> Musik> Rock> Holy Diver (Remastered)|https://www.mueller.at/p/holy-diver-remastered-310500/|1 Stk.|||||||||||||||||||||||Non-Organic||||{'medium': 'CD', 'Künstler': 'Dio', 'Inhalt': '1 Stk.', 'Anzahl Medien im Artikel': '1', 'genre': 'Rock international', 'Label': 'Mercury'}||||||||||||||0|0|310500_1.png|https://static.mueller.de/pdzoom/phononet_0602498309940_pv_0602498309940-0600px-001.webp||||||||||||||||||||||||||||||||1 Stk.|||True||310500P|||||||||5
192940|mueller||||||||2024-10-28|rayher MERINO-KAMMZUG,SUPERFEIN 19MIC 5X10G ROT-TÖNE 5365200|||50|g|Home|Spielwaren|Kreativ & Basteln|Bastelsets|rayher MERINO-KAMMZUG,SUPERFEIN 19MIC 5X10G ROT-TÖNE 5365200|||6,59 €|6,59 €|||||||||||131,80 € / 1 kg|||EUR|Home> Spielwaren> Kreativ & Basteln> Bastelsets> rayher MERINO-KAMMZUG,SUPERFEIN 19MIC 5X10G ROT-TÖNE 5365200|https://www.mueller.at/p/rayher-merino-kammzug-superfein-19mic-5x10g-rot-toene-5365200-192940/|50 g|"Bei diesen leuchtenden Farben wird einem doch warm ums Herz! So gelb, wie die Sonne, so orange, wie eine Mandarine und so rot, wie eine Blutorange - einfach erfrischend!
Merino-Wolle empfiehlt sich vor allem zum Filzen mit der Nunotechnik (japanisch „nuno“ = Gewebe): Zunächst filzt du geformte Wollfetzen auf einem Seidenschal (53800102) durch kreisförmiges Reiben trocken an. Anschließend filzt du dann mithilfe des Mega-Filzers (5364000) feucht weiter. Nun kannst du deinen fertigen Schal noch mit Perlen oder Pailletten deiner Wahl verschönern und dein Accessoire für die nächste Party ist fertig! Die feine Merino-Wolle ist, im Vergleich zu anderer Wolle, ganz besonders weich, kratzt weniger und wärmt gleichzeitig. Quasi ein Allrounder!
Textilinformationen:
100% Wolle"||||||||14 Jahre||||||||||||||Non-Organic||||"{'target_group': 'Jugendliche|Erwachsene', 'manufacturer': 'Rayher Hobby GmbH', 'Herstelleradresse': 'Fockestr. 15 ,88471 Laupheim', 'Artikelnummer des Herstellers': '5365200', 'license': 'Rayher Filz', 'Altersempfehlung ab': '14 Jahre', 'Inhalt': '50 g', 'Produkttyp': 'Sonstiges Bastelzubehör'}"||||||||||||||0|0|192940_1.png|https://static.mueller.de/6704354245-PV-0/pdzoom/rayher-merino-kammzug-superfein-19mic-5x10g-rot-toene-5365200.webp||||||||||||||||||||||Rayher Hobby GmbH||||||||||50 g|||True||192940P|||||||||10
192941|mueller||||||||2024-10-28|rayher MERINO-KAMMZUG,SUPERFEIN 19MIC 5X10G PINK-TÖNE 5365000|||50|g|Home|Spielwaren|Kreativ & Basteln|Bastelsets|rayher MERINO-KAMMZUG,SUPERFEIN 19MIC 5X10G PINK-TÖNE 5365000|||6,59 €|6,59 €|||||||||||131,80 € / 1 kg|||EUR|Home> Spielwaren> Kreativ & Basteln> Bastelsets> rayher MERINO-KAMMZUG,SUPERFEIN 19MIC 5X10G PINK-TÖNE 5365000|https://www.mueller.at/p/rayher-merino-kammzug-superfein-19mic-5x10g-pink-toene-5365000-192941/|50 g|"Nicht nur was für kleine Mädchen: zartes rosé und knalliges rosa sind ein echter Eyecatcher!
Merino-Wolle empfiehlt sich vor allem zum Filzen mit der Nunotechnik (japanisch „nuno“ = Gewebe): Zunächst filzt du geformte Wollfetzen auf einem Seidenschal durch kreisförmiges Reiben trocken an. Anschließend filzt du dann mithilfe des Mega-Filzers feucht weiter. Nun kannst du deinen fertigen Schal noch mit Perlen oder Pailletten deiner Wahl verschönern und dein Accessoire für die nächste Party ist fertig! Die feine Merino-Wolle ist, im Vergleich zu anderer Wolle, ganz besonders weich, kratzt weniger und wärmt gleichzeitig. Quasi ein Allrounder!
Textilinformationen
100% Wolle"||||||||14 Jahre||||||||||||||Non-Organic||||"{'target_group': 'Jugendliche|Erwachsene', 'manufacturer': 'Rayher Hobby GmbH', 'Herstelleradresse': 'Fockestr. 15 ,88471 Laupheim', 'Artikelnummer des Herstellers': '5365000', 'license': 'Rayher Filz', 'Altersempfehlung ab': '14 Jahre', 'Inhalt': '50 g', 'Produkttyp': 'Sonstiges Bastelzubehör'}"||||||||||||||0|0|192941_1.png|https://static.mueller.de/6704354246-PV-0/pdzoom/rayher-merino-kammzug-superfein-19mic-5x10g-pink-toene-5365000.webp||||||||||||||||||||||Rayher Hobby GmbH||||||||||50 g|||True||192941P|||||||||10
192942|mueller||||||||2024-10-28|rayher MERINO-KAMMZUG,SUPERFEIN 19MIC 5X10G BLAU-TÖNE 5365100|||50|g|Home|Spielwaren|Kreativ & Basteln|Bastelsets|rayher MERINO-KAMMZUG,SUPERFEIN 19MIC 5X10G BLAU-TÖNE 5365100|||6,59 €|6,59 €|||||||||||131,80 € / 1 kg|||EUR|Home> Spielwaren> Kreativ & Basteln> Bastelsets> rayher MERINO-KAMMZUG,SUPERFEIN 19MIC 5X10G BLAU-TÖNE 5365100|https://www.mueller.at/p/rayher-merino-kammzug-superfein-19mic-5x10g-blau-toene-5365100-192942/|50 g|"So schön blau, wie das Meer in all seinen vielen verschiedenen Abstufungen!
Merino-Wolle empfiehlt sich vor allem zum Filzen mit der Nunotechnik (japanisch „nuno“ = Gewebe): Zunächst filzt du geformte Wollfetzen auf einem Seidenschal (53800102) durch kreisförmiges Reiben trocken an. Anschließend filzt du dann mithilfe des Mega-Filzers (5364000) feucht weiter. Nun kannst du deinen fertigen Schal noch mit Perlen oder Pailletten deiner Wahl verschönern und dein Accessoire für die nächste Party ist fertig! Die feine Merino-Wolle ist, im Vergleich zu anderer Wolle, ganz besonders weich, kratzt weniger und wärmt gleichzeitig. Quasi ein Allrounder!
Textilinformationen:
100% Wolle"||||||||14 Jahre||||||||||||||Non-Organic||||"{'target_group': 'Jugendliche|Erwachsene', 'manufacturer': 'Rayher Hobby GmbH', 'Herstelleradresse': 'Fockestr. 15 ,88471 Laupheim', 'Artikelnummer des Herstellers': '5365100', 'license': 'Rayher Filz', 'Altersempfehlung ab': '14 Jahre', 'Inhalt': '50 g', 'Produkttyp': 'Sonstiges Bastelzubehör'}"||||||||||||||0|0|192942_1.png|https://static.mueller.de/6704354247-PV-0/pdzoom/rayher-merino-kammzug-superfein-19mic-5x10g-blau-toene-5365100.webp|192942_2.png|https://static.mueller.de/6704354247-PB-1/pdzoom/rayher-merino-kammzug-superfein-19mic-5x10g-blau-toene-5365100.webp||||||||||||||||||||Rayher Hobby GmbH||||||||||50 g|||True||192942P|||||||||10
192943|mueller||||||||2024-10-28|rayher MERINO-KAMMZUG,SUPERFEIN 19MIC 5X10G GRUEN-TÖNE 5365300|||50|g|Home|Spielwaren|Kreativ & Basteln|Bastelsets|rayher MERINO-KAMMZUG,SUPERFEIN 19MIC 5X10G GRUEN-TÖNE 5365300|||6,59 €|6,59 €|||||||||||131,80 € / 1 kg|||EUR|Home> Spielwaren> Kreativ & Basteln> Bastelsets> rayher MERINO-KAMMZUG,SUPERFEIN 19MIC 5X10G GRUEN-TÖNE 5365300|https://www.mueller.at/p/rayher-merino-kammzug-superfein-19mic-5x10g-gruen-toene-5365300-192943/|50 g|"Von petrol bis hellgrün ist hier alles dabei!
Merino-Wolle empfiehlt sich vor allem zum Filzen mit der Nunotechnik (japanisch „nuno“ = Gewebe): Zunächst filzt du geformte Wollfetzen auf einem Seidenschal (53800102) durch kreisförmiges Reiben trocken an. Anschließend filzt du dann mithilfe des Mega-Filzers (5364000) feucht weiter. Nun kannst du deinen fertigen Schal noch mit Perlen oder Pailletten deiner Wahl verschönern und dein Accessoire für die nächste Party ist fertig! Die feine Merino-Wolle ist, im Vergleich zu anderer Wolle, ganz besonders weich, kratzt weniger und wärmt gleichzeitig. Quasi ein Allrounder!
Textilinformationen:
100% Wolle"||||||||14 Jahre||||||||||||||Non-Organic||||"{'target_group': 'Jugendliche|Erwachsene', 'manufacturer': 'Rayher Hobby GmbH', 'Herstelleradresse': 'Fockestr. 15 ,88471 Laupheim', 'Artikelnummer des Herstellers': '5365300', 'license': 'Rayher Filz', 'Altersempfehlung ab': '14 Jahre', 'Inhalt': '50 g', 'Produkttyp': 'Sonstiges Bastelzubehör'}"||||||||||||||0|0|192943_1.png|https://static.mueller.de/6704354248-PV-0/pdzoom/rayher-merino-kammzug-superfein-19mic-5x10g-gruen-toene-5365300.webp|192943_2.png|https://static.mueller.de/6704354248-PB-1/pdzoom/rayher-merino-kammzug-superfein-19mic-5x10g-gruen-toene-5365300.webp||||||||||||||||||||Rayher Hobby GmbH||||||||||50 g|||True||192943P|||||||||10
192944|mueller||||||||2024-10-28|rayher MERINO-KAMMZUG,SUPERFEIN 19MIC 5X10G SCHWARZ-WEISS-GRAU-TÖNE 5364900|||50|g|Home|Spielwaren|Kreativ & Basteln|Bastelsets|rayher MERINO-KAMMZUG,SUPERFEIN 19MIC 5X10G SCHWARZ-WEISS-GRAU-TÖNE 5364900|||6,59 €|6,59 €|||||||||||131,80 € / 1 kg|||EUR|Home> Spielwaren> Kreativ & Basteln> Bastelsets> rayher MERINO-KAMMZUG,SUPERFEIN 19MIC 5X10G SCHWARZ-WEISS-GRAU-TÖNE 5364900|https://www.mueller.at/p/rayher-merino-kammzug-superfein-19mic-5x10g-schwarz-weiss-grau-toene-5364900-192944/|50 g|"Wie aus einem Film der 60er Jahre entsprungen: klassisch schwarz-weiß - mit dieser Farbwahl kann nichts schiefgehen!
Merino-Wolle empfiehlt sich vor allem zum Filzen mit der Nunotechnik (japanisch „nuno“ = Gewebe): Zunächst filzt du geformte Wollfetzen auf einem Seidenschal durch kreisförmiges Reiben trocken an. Anschließend filzt du dann mithilfe des Mega-Filzers feucht weiter. Nun kannst du deinen fertigen Schal noch mit Perlen oder Pailletten deiner Wahl verschönern und dein Accessoire für die nächste Party ist fertig! Die feine Merino-Wolle ist, im Vergleich zu anderer Wolle, ganz besonders weich, kratzt weniger und wärmt gleichzeitig. Quasi ein Allrounder!
Textilinformationen
100% Wolle"||||||||14 Jahre||||||||||||||Non-Organic||||"{'target_group': 'Jugendliche|Erwachsene', 'manufacturer': 'Rayher Hobby GmbH', 'Herstelleradresse': 'Fockestr. 15 ,88471 Laupheim', 'Artikelnummer des Herstellers': '5364900', 'license': 'Rayher Filz', 'Altersempfehlung ab': '14 Jahre', 'Inhalt': '50 g', 'Produkttyp': 'Sonstiges Bastelzubehör'}"||||||||||||||0|0|192944_1.png|https://static.mueller.de/6704354249-PV-0/pdzoom/rayher-merino-kammzug-superfein-19mic-5x10g-schwarz-weiss-grau-toene-5364900.webp|192944_2.png|https://static.mueller.de/6704354249-PB-1/pdzoom/rayher-merino-kammzug-superfein-19mic-5x10g-schwarz-weiss-grau-toene-5364900.webp||||||||||||||||||||Rayher Hobby GmbH||||||||||50 g|||True||192944P|||||||||10
2233572|mueller||||||||2024-10-28|Sehnsucht|||1|Stk.|Home|Multi-Media|Musik|Rock|Sehnsucht|||37,99 €|37,99 €||||||||||||||EUR|Home> Multi-Media> Musik> Rock> Sehnsucht|https://www.mueller.at/p/sehnsucht-2233572/|1 Stk.|||||||||||||||||||||||Non-Organic||||{'medium': 'LP (analog)', 'Künstler': 'Rammstein', 'Inhalt': '1 Stk.', 'Anzahl Medien im Artikel': '2', 'genre': 'Rock deutschsprachig', 'Label': 'Vertigo Be'}||||||||||||||0|0|2233572_1.png|https://static.mueller.de/pdzoom/phononet_0602527296661_pv_0602527296661-0600px-001.webp||||||||||||||||||||||||||||||||1 Stk.|||True||2233572P|||||||||5
2233574|mueller||||||||2024-10-28|Mutter|||1|Stk.|Home|Multi-Media|Musik|Rock|Mutter|||37,99 €|37,99 €||||||||||||||EUR|Home> Multi-Media> Musik> Rock> Mutter|https://www.mueller.at/p/mutter-2233574/|1 Stk.|||||||||||||||||||||||Non-Organic||||{'medium': 'LP (analog)', 'Künstler': 'Rammstein', 'Inhalt': '1 Stk.', 'Anzahl Medien im Artikel': '2', 'genre': 'Rock deutschsprachig', 'Label': 'Vertigo Be'}||||||||||||||0|0|2233574_1.png|https://static.mueller.de/pdzoom/phononet_0602527296692_pv_0602527296692-0600px-001.webp||||||||||||||||||||||||||||||||1 Stk.|||True||2233574P|||||||||5
2811902|mueller||||||||2024-10-28|mentadent Zahnpasta Absolute Frische & Schutz|MENTADENT||75|ml|Home|Drogerie|Pflege|Mund- & Zahnpflege|Zahncreme|mentadent Zahnpasta Absolute Frische & Schutz||2,25 €|2,25 €|||||||||||30,00 € / 1 l|||EUR|Home> Drogerie> Pflege> Mund- & Zahnpflege> Zahncreme> mentadent Zahnpasta Absolute Frische & Schutz|https://www.mueller.at/p/mentadent-zahnpasta-absolute-frische-schutz-2811902/|75 ml|mentadent  Zahnpasta Absolute Frische & Schutz bietet 18h antibakteriellen Schutz für den ganzen Mund. Die Formel der mentadent Absolute Frische & Schutz hilft, die Bakterien im ganzen Mund zu bekämpfen*, für eine langanhaltende Frische und gestärktes Zahnfleisch. Mit 18h Anti-Plaque Effekt. Die Zahnpasta für den täglichen Gebrauch mit 1450 ppm Fluorid enthält Zinkcitrat. Die Wirksamkeit ist klinisch getestet. Zink ist ein antibakterieller Wirksoff natürlichen Ursprungs, der am Zahnfleischrand absorbiert und allmählich in den ganzen Mund abgegeben wird, wodurch Bakterien gehemmt werden. * Klinische in-vivo-Studie zur Reduzierung von Bakterien an Zähnen, Zahnfleisch, Wangen und Zunge nach 14- und 28-tägiger Anwendung des Produktes.||||||||||||||||||||||Non-Organic||||"{'target_group': 'Damen|Kinder|Unisex|Herren', 'manufacturer': 'Unilever AT', 'Herstelleradresse': 'Stella-Klein-Löw-Weg 13, 1023 Wien', 'Kontaktmöglichkeit': 'Unilever.Oesterreich@unilever.com', 'Anwendungshinweis': 'Für Kinder bis 6 Jahre: Nur erbsengrosse Menge Zahnpasta benutzen. Zur Vermeidung übermäßigen Verschluckens Zähneputzen nur unter Aufsicht. Bei zusätzlicher Aufnahme von Fluorid den Zahnarzt oder Arzt befragen. Der Tipp von mentadent: Zahnbürsten sollten alle 3 Monate gewechselt werden – 2 x im Jahr zum Zahnarzt gehen nicht vergessen!', 'package_contents': 'Aqua, Hydrogenated Starch Hydrolysate, Hydrated Silica, Zinc Citrate, Sodium Lauryl Sulfate, Aroma, Cellulose Gum, Sodium Fluoride, Sodium Saccharin, CI 42051, CI 74160.', 'product_property': 'schützend|erfrischend|entzündungshemmend|reinigend', 'Inhalt': '75 ml', 'scope_of_application': 'Mundhygiene', 'Produkttyp': 'Zahncreme'}"||||||||||||||0|0|2811902_1.png|https://static.mueller.de/7118749370-PV-0/pdzoom/mentadent-zahnpasta-absolute-frische-schutz.webp||||||||||||||||||||||Unilever AT||||||||||75 ml|Aqua, Hydrogenated Starch Hydrolysate, Hydrated Silica, Zinc Citrate, Sodium Lauryl Sulfate, Aroma, Cellulose Gum, Sodium Fluoride, Sodium Saccharin, CI 42051, CI 74160.||True||2811902P||||Für Kinder bis 6 Jahre: Nur erbsengrosse Menge Zahnpasta benutzen. Zur Vermeidung übermäßigen Verschluckens Zähneputzen nur unter Aufsicht. Bei zusätzlicher Aufnahme von Fluorid den Zahnarzt oder Arzt befragen.|||||10
2233577|mueller||||||||2024-10-28|Reise,Reise|||1|Stk.|Home|Multi-Media|Musik|Rock|Reise,Reise|||37,99 €|37,99 €||||||||||||||EUR|Home> Multi-Media> Musik> Rock> Reise,Reise|https://www.mueller.at/p/reise-reise-2233577/|1 Stk.|||||||||||||||||||||||Non-Organic||||{'medium': 'LP (analog)', 'Künstler': 'Rammstein', 'Inhalt': '1 Stk.', 'Anzahl Medien im Artikel': '2', 'genre': 'Rock deutschsprachig', 'Label': 'Vertigo Be'}||||||||||||||0|0|2233577_1.png|https://static.mueller.de/pdzoom/phononet_0602527296722_pv_0602527296722-0600px-001.webp||||||||||||||||||||||||||||||||1 Stk.|||False||2233577P|||||||||1
2811903|mueller||||||||2024-10-28|mentadent Zahnpasta Sensitive & Zahnfleischschutz|MENTADENT||75|ml|Home|Drogerie|Pflege|Mund- & Zahnpflege|Zahncreme|mentadent Zahnpasta Sensitive & Zahnfleischschutz||2,25 €|2,25 €|||||||||||30,00 € / 1 l|||EUR|Home> Drogerie> Pflege> Mund- & Zahnpflege> Zahncreme> mentadent Zahnpasta Sensitive & Zahnfleischschutz|https://www.mueller.at/p/mentadent-zahnpasta-sensitive-zahnfleischschutz-2811903/|75 ml|mentadent  Sensitive & Zahnfleischschutz ist eine Zahnpasta mit milder Formel und bietet 18h antibaktereiellen Schutz für den ganzen Mund. Die milde Formel von mentadent Sensitive & Zahnfleischschutz hilft, die Bakterien im ganzen Mund zu bekämpfen, stärkt das Zahnfleisch und hilft so, gelegentliche Zahnfleischentzündungen zu reduzieren. Mit 18h Anti-Plaque Effekt. Die Zahnpasta für den täglichen Gebrauch  mit 1450 ppm Fluorid enthält Zinkcitrat und beruhigt rasch empfindliche Zähne. Zink ist ein antibakterieller Wirksoff natürlichen Ursprungs, der am Zahnfleischrand absorbiert und allmählich in den ganzen Mund abgegeben wird, wodurch Bakterien gehemmt werden. * Klinische in-vivo-Studie zur Reduzierung von Bakterien an Zähnen, Zahnfleisch, Wangen und Zunge nach 14- und 28-tägiger Anwendung des Produktes.||||||||||||||||||||||Non-Organic||||"{'target_group': 'Damen|Kinder|Unisex|Herren', 'manufacturer': 'Unilever AT', 'Herstelleradresse': 'Stella-Klein-Löw-Weg 13, 1023 Wien', 'Kontaktmöglichkeit': 'Unilever.Oesterreich@unilever.com', 'Anwendungshinweis': 'Für Kinder bis 6 Jahre: Nur erbsengrosse Menge Zahnpasta benutzen. Zur Vermeidung übermäßigen Verschluckens Zähneputzen nur unter Aufsicht. Bei zusätzlicher Aufnahme von Fluorid den Zahnarzt oder Arzt befragen. Der Tipp von mentadent: Zahnbürsten sollten alle 3 Monate gewechselt werden – 2 x im Jahr zum Zahnarzt gehen nicht vergessen!', 'package_contents': 'Aqua, Hydrogenated Starch Hydrolysate , Hydrated Silica , Potassium Citrate , Zinc Citrate , Sodium Lauryl Sulfate, Aroma, Cellulose Gum , Sodium Fluoride , Sodium Saccharin , Limonene , CI 73360.', 'product_property': 'schützend|beruhigend|erfrischend|entzündungshemmend|reinigend|reizlindernd', 'Inhalt': '75 ml', 'scope_of_application': 'Mundhygiene', 'Produkttyp': 'Zahncreme'}"||||||||||||||5.0|1|2811903_1.png|https://static.mueller.de/7118751468-PV-0/pdzoom/mentadent-zahnpasta-sensitive-zahnfleischschutz.webp||||||||||||||||||||||Unilever AT||||||||||75 ml|Aqua, Hydrogenated Starch Hydrolysate , Hydrated Silica , Potassium Citrate , Zinc Citrate , Sodium Lauryl Sulfate, Aroma, Cellulose Gum , Sodium Fluoride , Sodium Saccharin , Limonene , CI 73360.||True||2811903P||||Für Kinder bis 6 Jahre: Nur erbsengrosse Menge Zahnpasta benutzen. Zur Vermeidung übermäßigen Verschluckens Zähneputzen nur unter Aufsicht. Bei zusätzlicher Aufnahme von Fluorid den Zahnarzt oder Arzt befragen.|||||10
770808|mueller||||||||2024-10-28|Viessmann 6866 - Kabelring 0,14 mm², grün, 10 m|VIESSMANN||10|m|Home|Spielwaren|Modellbau & Modelleisenbahn|Modelleisenbahn|Zubehör|Viessmann 6866 - Kabelring 0,14 mm², grün, 10 m||6,19 €|6,19 €|||||||||||0,62 € / 1 m|||EUR|Home> Spielwaren> Modellbau & Modelleisenbahn> Modelleisenbahn> Zubehör> Viessmann 6866 - Kabelring 0,14 mm², grün, 10 m|https://www.mueller.at/p/viessmann-6866-kabelring-0-14-mm-gruen-10-m-770808/|10 m|Hochwertige Litze für verlustarme Stromführung und Signalübertragung.||||||||14 Jahre||||||||||||||Non-Organic||||"{'target_group': 'Erwachsene|Jugendliche', 'Artikelnummer des Herstellers': '6866', 'license': 'Viessmann Zubehör', 'Altersempfehlung ab': '14 Jahre', 'Altersempfehlung bis': '99 Jahre', 'Materialdetails': 'Kunststoff (Hauptsächlich)', 'Material': 'Kunststoff (Hauptsächlich)', 'Inhalt': '10 m', 'Produkttyp': 'Elektrisches Zubehör'}"||||||||Kunststoff (Hauptsächlich)||||||0|0|770808_1.png|https://static.mueller.de/6516992791-PV-0/pdzoom/viessmann-6866-kabelring-0-14-mm-gruen-10-m.webp||||||||||||||||||||||6866||||||||||10 m|||True||770808P|||||||||9
2811906|mueller||||||||2024-10-28|mentadent Zahnpasta Brillant Weiss & Starke Zähne|MENTADENT||75|ml|Home|Drogerie|Pflege|Mund- & Zahnpflege|Zahncreme|mentadent Zahnpasta Brillant Weiss & Starke Zähne||2,25 €|2,25 €|||||||||||30,00 € / 1 l|||EUR|Home> Drogerie> Pflege> Mund- & Zahnpflege> Zahncreme> mentadent Zahnpasta Brillant Weiss & Starke Zähne|https://www.mueller.at/p/mentadent-zahnpasta-brillant-weiss-starke-zaehne-2811906/|75 ml|"mentadent  Zahnpasta Brillant Weiss & Starke Zähne bietet 18h antibakteriellen Schutz für den ganzen Mund. Die milde Formel der mentadent Brillant Weiss & Starke Zähne hilft, die Bakterien im ganzen Mund zu bekämpfen*, um Verfärbungen und Erosion des Zahnschmelzes zu verhindern. Sie stärkt das Zahnfleisch und bringt sanft das natürliche Weiss der Zähne zurück . Mit 18h Anti-Plaque Effekt. Die Zahnpasta für den täglichen Gebrauch mit 1450 ppm Fluorid enthält Zinkcitrat und beruhigt rasch empfindliche Zähne. Die Wirksamkeit ist klinisch getestet. Zink ist ein antibakterieller Wirksoff natürlichen Ursprungs, der am Zahnfleischrand absorbiert und allmählich in den ganzen Mund abgegeben wird, wodurch Bakterien gehemmt werden.
*Klinische in-vivo-Studie zur Reduzierung von Bakterien an Zähnen, Zahnfleisch, Wangen und Zunge nach 14- und 28-tägiger Anwendung des Produktes."||||||||||||||||||||||Non-Organic||||"{'target_group': 'Damen|Kinder|Unisex|Herren', 'manufacturer': 'Unilever AT', 'Herstelleradresse': 'Stella-Klein-Löw-Weg 13, 1023 Wien', 'Kontaktmöglichkeit': 'Unilever.Oesterreich@unilever.com', 'Anwendungshinweis': 'Für Kinder bis 6 Jahre: Nur erbsengrosse Menge Zahnpasta benutzen. Zur Vermeidung übermäßigen Verschluckens Zähneputzen nur unter Aufsicht. Bei zusätzlicher Aufnahme von Fluorid den Zahnarzt oder Arzt befragen. Der Tipp von mentadent: - Zahnbürsten sollten alle 3 Monate gewechselt werden - 2x im Jahr zum Zahnarzt gehen nicht vergessen!', 'package_contents': 'Aqua, Hydrogenated Starch Hydrolysate , Hydrated Silica , Zinc Citrate , Kaolin , Sodium Lauryl Sulfate , Aroma, Cellulose Gum , Sodium Fluoride , Sodium Saccharin , CI 74160.', 'product_property': 'schützend|erfrischend|entzündungshemmend|reinigend', 'Inhalt': '75 ml', 'scope_of_application': 'Mundhygiene', 'Produkttyp': 'Zahncreme'}"||||||||||||||0|0|2811906_1.png|https://static.mueller.de/7118752851-PV-0/pdzoom/mentadent-zahnpasta-brillant-weiss-starke-zaehne.webp||||||||||||||||||||||Unilever AT||||||||||75 ml|Aqua, Hydrogenated Starch Hydrolysate , Hydrated Silica , Zinc Citrate , Kaolin , Sodium Lauryl Sulfate , Aroma, Cellulose Gum , Sodium Fluoride , Sodium Saccharin , CI 74160.||True||2811906P||||Das Resultat kann von der ursprünglichen Farbe der Zähne abhängen. Das Produkt kann Flecken auf einigen Textilien hinterlassen. Für Kinder bis 6 Jahre: Nur erbsengroße Menge Zahnpasta benutzen. Zur Vermeidung übermäßigen Verschluckens Zähneputzen nur unter Aufsicht. Bei zusätzlicher Aufnahme von Fluorid den Zahnarzt oder Arzt befragen.|||||10
770809|mueller||||||||2024-10-28|Viessmann 6868 - Kabelring 0,14 mm², grau, 10 m|VIESSMANN||10|m|Home|Spielwaren|Modellbau & Modelleisenbahn|Modelleisenbahn|Zubehör|Viessmann 6868 - Kabelring 0,14 mm², grau, 10 m||6,19 €|6,19 €|||||||||||0,62 € / 1 m|||EUR|Home> Spielwaren> Modellbau & Modelleisenbahn> Modelleisenbahn> Zubehör> Viessmann 6868 - Kabelring 0,14 mm², grau, 10 m|https://www.mueller.at/p/viessmann-6868-kabelring-0-14-mm-grau-10-m-770809/|10 m|Hochwertige Litze für verlustarme Stromführung und Signalübertragung.||||||||14 Jahre||||||||||||||Non-Organic||||"{'target_group': 'Erwachsene|Jugendliche', 'Artikelnummer des Herstellers': '6868', 'license': 'Viessmann Zubehör', 'Altersempfehlung ab': '14 Jahre', 'Altersempfehlung bis': '99 Jahre', 'Materialdetails': 'Kunststoff (Hauptsächlich)', 'Material': 'Kunststoff (Hauptsächlich)', 'Inhalt': '10 m', 'Produkttyp': 'Elektrisches Zubehör'}"||||||||Kunststoff (Hauptsächlich)||||||0|0|770809_1.png|https://static.mueller.de/6516992792-PV-0/pdzoom/viessmann-6868-kabelring-0-14-mm-grau-10-m.webp||||||||||||||||||||||6868||||||||||10 m|||True||770809P|||||||||6
22634|mueller||||||||2024-10-28|Nightmare on Elm Street - Collection [7 DVDs]|||1|Stk.|Home|Multi-Media|Filme & TV|Horror|Nightmare on Elm Street - Collection  [7 DVDs]|||22,99 €|22,99 €||||||||||||||EUR|Home> Multi-Media> Filme & TV> Horror> Nightmare on Elm Street - Collection  [7 DVDs]|https://www.mueller.at/p/nightmare-on-elm-street-collection-7-dvds-22634/|1 Stk.|"Seit zwei Generationen nunmehr lehrt Freddy Krüger uns das Fürchten. In dieser Collection sind erstmals alle sieben Filme in der Box enthalten!

""Nightmare on Elm Street 1 - Mörderische Träume""
Dem Grauen kann niemand entkommen. Zunächst erscheint er Nancy nur im Traum: Ein Monster mit Fingernägeln aus blankem Stahl und Mordlust in den wahnsinnigen Augen. Aber der Mann aus den immer wiederkehrenden Alpträumen überschreitet plötzlich die Grenze der Dimensionen. Niemand kann verhindern, daß er Nancys beste Freundin bestialisch ermordet. Doch sein Blutdurst ist noch lange nicht gestillt. Mit letzter Kraft versucht Nancy die schwarze Macht dieses Wesens zu brechen...
Laufzeit: 87 Minuten
Produktionsjahr: 1984
Regie: Wes Craven
Darsteller: Johnny Depp, John Saxon, Ronee Blakley, Robert Englund;

""Nightmare on Elm Street 2 - Die Rache""
Fünf Jahre danach: Der 17jährige Jesse und seine Eltern sind die neuen Mieter in der Elmstreet. Schon bald plagen Jesse schreckliche Alpträume. Er beginnt zu verstehen. Als erster. Als einziger. Freddy ist zurückgekehrt. Freddy lebt - in ihm. Und nur durch ihn kann der Mann mit der Stahlklaue wieder töten...
Laufzeit: 82 Minuten
Produktionsjahr: 1985
Regie: Jack Sholder
Darsteller: Robert Englund, Kim Myers, Mark Patton;

""Nightmare on Elm Street 3 - Freddy Krueger lebt""
Nancy Thompson hat vor sechs Jahren ihre ""Mörderischen Träume"" überlebt. Sie arbeitet inzwischen als Psychiaterin. Im Sanatorium holt Freddy sie jedoch ein:
Die sechs Kinder jener Männer, die einst Freddy gelyncht haben, werden als schlafgestörte Psychofälle eingeliefert. Nancy weiß, daß die Schulmedizin bei Freddy versagen muß. Durch Kollektivhypnose gelingt es, alle Alpträume zu vereinen und Freddy im Schlaf gegenüberzutreten. Doch das Klingenmonster hat noch viele gezinkte Trümpfe im Ärmel.
Laufzeit: 92 Minuten
Produktionsjahr: 1987
Regie: Chuck Russell
Darsteller: Patricia Arquette, Larry Fishburne, Robert Englund;

""Nightmare on Elm Street 4""
Freddy, der untote Kindermörder aus der Elm Street, sinnt auf Rache. Wieder schickt er harmlosen Teenagern Alpträume, aus denen sie nicht mehr erwachen. Und Freddy's Rache geht zu Herzen: bei Kincaid bohrt er seine Hand nämlich mittendurch. Joey ertrinkt in seinem Wasserbett und Sheila hat einen tödlichen Asthmaanfall - so scheint es. In Wirklichkeit saugt Freddy ihr sogar den letzten Atem von den Lippen. Nur Alice, die mehr in ihrer Traumwelt als in der Wirklichkeit lebt, hat eine Chance, den Killer unschädlich zu machen. Gegen ihre positiven, übersinnlichen Kräfte scheint Freddy machtlos. Zunächst jedenfalls....
Laufzeit: 89 Minuten
Produktionsjahr: 1988
Regie: Renny Harlin
Darsteller: Annette Benson, Robert Englund;

""Nightmare on Elm Street 5 - Das Trauma""
Freddy Krüger, die Monsterfratze mit der Krallenklaue, hat gute Chancen, in die Welt der Lebenden zurückzukehren: Alice erwartet ein Baby. Über die Träume dieses unschuldigen Opfers verwandelt Freddy das Leben von Alice und ihren Freunden in todbringende Alpträume...
Laufzeit: 85 Minuten
Produktionsjahr: 1989
Regie: Stephen Hopkins
Darsteller: Robert Englund, Danny Hassel, Kelly Jo Minter;

""Nightmare on Elm Street 6 - Freddys Finale""
Jahre gingen ins Land, es herrschte Ruhe und Frieden in Springwood. Freddy Krueger ist tot ... denkste! Völlig falsch. Das narbengesichtige Schlapphut-Monster mit seinen Rasiermesserklauen beschert erneut ""Mörderische Träume"".
Immer wieder erwacht die gutaussehende Kinderpsychologin Maggie aus demselben Alptraum, dessen Bedeutung sie nicht versteht. Erst als sie im Heim für schwererziehbare Jugendliche auf John trifft, den letzten Überlebenden der Elm Street, kommt sie Stück für Stück näher an die erschreckende Wahrheit heran; Freddy hatte nicht nur einen Sohn, er hatte auch eine Tochter. Maggie wagt, was Generationen von Teenagern nicht geschafft haben, Freddy für immer ins Jenseits zu befördern.
Laufzeit: 86 Minuten
Produktionsjahr: 1991
Regie: Rachel Talalay
Darsteller: Lisa Zane, Alice Cooper, Roseanne Barr, Robert Englund;

""Nightmare on Elm Street 7 - Freddy's New Nightmare""
Seit Wochen wird die junge Schauspielerin Heather, Star des Kult-Horrorschockers ""Nightmare - Mörderische Träume"", von Alpträumen geplagt, die sie kaum schlafen lassen. Als sie auch noch ein verrückter Fan mit anonymen Anrufen terrorisiert in denen er Freddy Krueger imitiert, bekommt sie Angst. Eines Tages erhält sie das Angebot, in der neuen ""Nightmare-Produktion"" die Hauptrolle zu spielen. Heather weiß nicht wie sie sich entscheiden soll, denn ihr kleiner Sohn Dylon beginnt sich im selben Maß auf unheimliche Weise zu verändern, wie ihre Alpträume zunehmen. Nachdem sie gerade von einem tödlichen Unfall bei Dreharbeiten geträumt hat, kommt ihr Mann Chase bei einem mysteriösen Autounfall ums Leben. Als Heeather seinen Leichnam identifiziert, bemerkt sie vier tiefe Schnitte auf seiner Brust, die Freddys rasiermesserscharfe Klaue hinterläßt, wenn sie tötet...
Laufzeit: 108 Minuten
Produktionsjahr: 1994
Regie: Wes Craven
Darsteller: Robert Englund, Mike Hughes, John Saxon;"||||||||||||||||||||||Non-Organic||||{'medium': 'DVD', 'Untertitel': 'Englisch', 'manufacturer': 'Ledick Filmhandel GmbH', 'Bildformat': '16:9', 'Zusatzinfos / Bonusmaterial beim Film dabei': 'Audiokommentar zu Teil 1 und Teil 7;\nDokumentationen und Trailer auf jeder DVD;\nMusikvideos;', 'Inhalt': '1 Stk.', 'Laufzeit in min (gesamt)': '629', 'Produktionsland': 'USA', 'Schauspieler': 'Robert Englund', 'Special Edition': 'Nein', 'Tonformat-Sprache': 'Englisch,Deutsch', 'Untertitel für Gehörlose': 'Deutsch', 'Hauptgenre': 'Horror'}||||||||||||||5.0|2|22634_1.png|https://static.mueller.de/videojakob_7321924999373_pv_170145/pdzoom/nightmare-on-elm-street-collection-7-dvds.webp|22634_2.png|https://static.mueller.de/pdzoom/videojakob_7321924999373_pr_170145-back.webp||||||||||||||||||||Ledick Filmhandel GmbH||||||||||1 Stk.|||False||22634P|||||||||1
770800|mueller||||||||2024-10-28|Viessmann 6861 - Kabelring 0,14 mm², blau, 10 m|VIESSMANN||10|m|Home|Spielwaren|Modellbau & Modelleisenbahn|Modelleisenbahn|Zubehör|Viessmann 6861 - Kabelring 0,14 mm², blau, 10 m||6,19 €|6,19 €|||||||||||0,62 € / 1 m|||EUR|Home> Spielwaren> Modellbau & Modelleisenbahn> Modelleisenbahn> Zubehör> Viessmann 6861 - Kabelring 0,14 mm², blau, 10 m|https://www.mueller.at/p/viessmann-6861-kabelring-0-14-mm-blau-10-m-770800/|10 m|Hochwertige Litze für verlustarme Stromführung und Signalübertragung.||||||||14 Jahre||||||||||||||Non-Organic||||"{'target_group': 'Erwachsene|Jugendliche', 'Artikelnummer des Herstellers': '6861', 'license': 'Viessmann Zubehör', 'Altersempfehlung ab': '14 Jahre', 'Altersempfehlung bis': '99 Jahre', 'Materialdetails': 'Kunststoff (Hauptsächlich)', 'Material': 'Kunststoff (Hauptsächlich)', 'Inhalt': '10 m', 'Produkttyp': 'Elektrisches Zubehör'}"||||||||Kunststoff (Hauptsächlich)||||||0|0|770800_1.png|https://static.mueller.de/6516512006-PV-0/pdzoom/viessmann-6861-kabelring-0-14-mm-blau-10-m.webp||||||||||||||||||||||6861||||||||||10 m|||True||770800P|||||||||5
770801|mueller||||||||2024-10-28|Viessmann 6862 - Kabelring 0,14 mm², weiß, 10 m|VIESSMANN||10|m|Home|Spielwaren|Modellbau & Modelleisenbahn|Modelleisenbahn|Zubehör|Viessmann 6862 - Kabelring 0,14 mm², weiß, 10 m||6,19 €|6,19 €|||||||||||0,62 € / 1 m|||EUR|Home> Spielwaren> Modellbau & Modelleisenbahn> Modelleisenbahn> Zubehör> Viessmann 6862 - Kabelring 0,14 mm², weiß, 10 m|https://www.mueller.at/p/viessmann-6862-kabelring-0-14-mm-weiss-10-m-770801/|10 m|Hochwertige Litze für verlustarme Stromführung und Signalübertragung.||||||||14 Jahre||||||||||||||Non-Organic||||"{'target_group': 'Erwachsene|Jugendliche', 'Artikelnummer des Herstellers': '6862', 'license': 'Viessmann Zubehör', 'Altersempfehlung ab': '14 Jahre', 'Altersempfehlung bis': '99 Jahre', 'Materialdetails': 'Kunststoff (Hauptsächlich)', 'Material': 'Kunststoff (Hauptsächlich)', 'Inhalt': '10 m', 'Produkttyp': 'Elektrisches Zubehör'}"||||||||Kunststoff (Hauptsächlich)||||||0|0|770801_1.png|https://static.mueller.de/6516512007-PV-0/pdzoom/viessmann-6862-kabelring-0-14-mm-weiss-10-m.webp||||||||||||||||||||||6862||||||||||10 m|||True||770801P|||||||||8
770804|mueller||||||||2024-10-28|Viessmann 6863 - Kabelring 0,14 mm², rot, 10 m|VIESSMANN||10|m|Home|Spielwaren|Modellbau & Modelleisenbahn|Modelleisenbahn|Zubehör|Viessmann 6863 - Kabelring 0,14 mm², rot, 10 m||6,19 €|6,19 €|||||||||||0,62 € / 1 m|||EUR|Home> Spielwaren> Modellbau & Modelleisenbahn> Modelleisenbahn> Zubehör> Viessmann 6863 - Kabelring 0,14 mm², rot, 10 m|https://www.mueller.at/p/viessmann-6863-kabelring-0-14-mm-rot-10-m-770804/|10 m|Hochwertige Litze für verlustarme Stromführung und Signalübertragung.||||||||14 Jahre||||||||||||||Non-Organic||||"{'target_group': 'Erwachsene|Jugendliche', 'Artikelnummer des Herstellers': '6863', 'license': 'Viessmann Zubehör', 'Altersempfehlung ab': '14 Jahre', 'Altersempfehlung bis': '99 Jahre', 'Materialdetails': 'Kunststoff (Hauptsächlich)', 'Material': 'Kunststoff (Hauptsächlich)', 'Inhalt': '10 m', 'Produkttyp': 'Elektrisches Zubehör'}"||||||||Kunststoff (Hauptsächlich)||||||0|0|770804_1.png|https://static.mueller.de/6516512008-PV-0/pdzoom/viessmann-6863-kabelring-0-14-mm-rot-10-m.webp||||||||||||||||||||||6863||||||||||10 m|||True||770804P|||||||||10
2522745|mueller||||||||2024-10-28|Goki Kassenrolle für Kaufmannsladenkasse (51575 + 51733) 51533|GOKI||1|Stk.|Home|Spielwaren|Küchen & Kaufläden|Kaufläden & Zubehör|Goki Kassenrolle für Kaufmannsladenkasse (51575 + 51733)  51533|||0,50 €|0,50 €||||||||||||||EUR|Home> Spielwaren> Küchen & Kaufläden> Kaufläden & Zubehör> Goki Kassenrolle für Kaufmannsladenkasse (51575 + 51733)  51533|https://www.mueller.at/p/goki-kassenrolle-fuer-kaufmannsladenkasse-51575-51733-51533-2522745/|1 Stk.|#N/A||||||||0 Jahre||||||||||||||Non-Organic||||"{'target_group': 'Säuglinge|Kleinkinder', 'Artikelnummer des Herstellers': '51533', 'license': 'goki goki', 'Altersempfehlung ab': '0 Jahre', 'Inhalt': '1 Stk.', 'Produkttyp': 'Kassen und Spielgeld'}"||||||||||||||0|0|2522745_1.png|https://static.mueller.de/6918053907-PV-0/pdzoom/goki-kassenrolle-fuer-kaufmannsladenkasse-51575-51733-51533.webp||||||||||||||||||||||51533||||||||||1 Stk.|||False||2522745P|||||||||1
770805|mueller||||||||2024-10-28|Viessmann 6864 - Kabelring 0,14 mm², gelb, 10 m|VIESSMANN||10|m|Home|Spielwaren|Modellbau & Modelleisenbahn|Modelleisenbahn|Zubehör|Viessmann 6864 - Kabelring 0,14 mm², gelb, 10 m||6,19 €|6,19 €|||||||||||0,62 € / 1 m|||EUR|Home> Spielwaren> Modellbau & Modelleisenbahn> Modelleisenbahn> Zubehör> Viessmann 6864 - Kabelring 0,14 mm², gelb, 10 m|https://www.mueller.at/p/viessmann-6864-kabelring-0-14-mm-gelb-10-m-770805/|10 m|Hochwertige Litze für verlustarme Stromführung und Signalübertragung.||||||||14 Jahre||||||||||||||Non-Organic||||"{'target_group': 'Erwachsene|Jugendliche', 'Artikelnummer des Herstellers': '6864', 'license': 'Viessmann Zubehör', 'Altersempfehlung ab': '14 Jahre', 'Altersempfehlung bis': '99 Jahre', 'Materialdetails': 'Kunststoff (Hauptsächlich)', 'Material': 'Kunststoff (Hauptsächlich)', 'Inhalt': '10 m', 'Produkttyp': 'Elektrisches Zubehör'}"||||||||Kunststoff (Hauptsächlich)||||||0|0|770805_1.png|https://static.mueller.de/6516512009-PV-0/pdzoom/viessmann-6864-kabelring-0-14-mm-gelb-10-m.webp||||||||||||||||||||||6864||||||||||10 m|||True||770805P|||||||||10
770806|mueller||||||||2024-10-28|Viessmann 6865 - Kabelring 0,14 mm², braun, 10 m|VIESSMANN||10|m|Home|Spielwaren|Modellbau & Modelleisenbahn|Modelleisenbahn|Zubehör|Viessmann 6865 - Kabelring 0,14 mm², braun, 10 m||6,19 €|6,19 €|||||||||||0,62 € / 1 m|||EUR|Home> Spielwaren> Modellbau & Modelleisenbahn> Modelleisenbahn> Zubehör> Viessmann 6865 - Kabelring 0,14 mm², braun, 10 m|https://www.mueller.at/p/viessmann-6865-kabelring-0-14-mm-braun-10-m-770806/|10 m|Hochwertige Litze für verlustarme Stromführung und Signalübertragung.||||||||14 Jahre||||||||||||||Non-Organic||||"{'target_group': 'Erwachsene|Jugendliche', 'Artikelnummer des Herstellers': '6865', 'license': 'Viessmann Zubehör', 'Altersempfehlung ab': '14 Jahre', 'Altersempfehlung bis': '99 Jahre', 'Materialdetails': 'Kunststoff (Hauptsächlich)', 'Material': 'Kunststoff (Hauptsächlich)', 'Inhalt': '10 m', 'Produkttyp': 'Elektrisches Zubehör'}"||||||||Kunststoff (Hauptsächlich)||||||0|0|770806_1.png|https://static.mueller.de/6516992790-PV-0/pdzoom/viessmann-6865-kabelring-0-14-mm-braun-10-m.webp||||||||||||||||||||||6865||||||||||10 m|||True||770806P|||||||||10
2983180|mueller||||||||2024-10-28|MAYBELLINE NEW YORK Eyeliner Lasting Drama|MAYBELLINE NEW YORK||3|g|Home|Parfümerie|Make-up|Augen|Kajalstifte & Eyeliner|MAYBELLINE NEW YORK Eyeliner Lasting Drama||4,99 €|4,99 €||||||||||||||EUR|Home> Parfümerie> Make-up> Augen> Kajalstifte & Eyeliner> MAYBELLINE NEW YORK Eyeliner Lasting Drama|https://www.mueller.at/p/maybelline-new-york-eyeliner-lasting-drama-IPN2983186/|3 g|Der Lasting Drama Automatic Liner von Maybelline New York ist der optimale Liner für dramatische Eye Looks mit nur einem Strich. Durch seine leicht gleitende Spitze lässt er sich präzise auftragen und kreiert auch unterwegs einfach Liner Looks. Durch die 36 Stunden Formel hält der Liner den ganzen Tag, ohne zu verschmieren! Die hochpigmentierte Formel sorgt für ultra-intensive, langanhaltende Liner-Looks. Der Liner gleitet extrem geschmeidig über die Haut, ist hochpigmentiert und absolut wasser- und wischfest. Der intensive Eye Look mit bis zu 36 Stunden Halt! Der Kajal Liner liegt optimal in der Hand während die leicht gleitende Spitze ein präzises Auftragen erlaubtDie cremige Textur liefert bis zu 36 Stunden intensiv cremige PigmenteDank der geschmeidigen Gel-Textur des Eyeliners entsteht ein gleichmäßiger, deckender FarbauftragPräzise wie ein Stift und cremig wie ein KajalIntensive Farben für intensive Liner-Looks: wischfest, wasserfest und langanhaltend||||||||||||||||||||||Non-Organic||||"{'Effekt': 'langanhaltend', 'Wasserfest': 'Ja', 'consistency': 'Fluid', 'target_group': 'Damen', 'manufacturer': ""L'Oréal Deutschland GmbH"", 'Herstelleradresse': 'TSA 75000 93684 ST OUEN CEDEX FR', 'Anwendungshinweis': 'Für den optimalen Liner Look wird mit dem Lasting Drama Automatic Liner Pencil ein Lidstrich gezogen. Die Breite kann nach Belieben gewählt werden: ein dünner Lidstrich für einen dezenteren, und ein breiterer Lidstrich für einen dramatischeren Look. Pro-Tipp: Für einen besonders ausdruckvollen Look kann der Liner auch am unteren Wimpernkranz aufgetragen und mit einem Pinsel verblendet werden.', 'package_contents': 'DIMETHICONE • TRIMETHYLSILOXYSILICATE • POLYETHYLENE • ACRYLATES/STEARYL ACRYLATE/DIMETHICONE METHACRYLATE COPOLYMER • SILICA • OZOKERITE • SYNTHETIC FLUORPHLOGOPITE • CELLULOSE • DISTEARDIMONIUM HECTORITE • POLYISOBUTENE • RAYON • PROPYLENE CARBONATE • GLYCERIN • PULLULAN • PENTAERYTHRITYL TETRA-DI-T-BUTYL HYDROXYHYDROCINNAMATE • KAOLIN • UREA • TIN OXIDE • POLYGLYCERYL-3 POLYDIMETHYLSILOXYETHYL DIMETHICONE ● [+/- MAY CONTAIN: CI 77491, CI 77492, CI 77499 / IRON OXIDES • CI 77891 / TITANIUM DIOXIDE • MICA • CI 77510 / FERRIC AMMONIUM FERROCYANIDE • CI 77742 / MANGANESE VIOLET • CI 42090 / BLUE 1 LAKE • CI 77266 [NANO] / BLACK 2 • CI 77510 / FERRIC FERROCYANIDE • CI 77000 / ALUMINUM POWDER]. (F.I.L. Z70038779/2).', 'Farbnummer': '10', 'Farbe': 'Black', 'Deckkraft': 'hoch', 'skin_type': 'reife Haut', 'Inhalt': '3 g', 'scope_of_application': 'Augen', 'Batterien erforderlich': 'Nein', 'Produkttyp': 'Eyeliner'}"||||||Black||||||||5.0|1|2983180_1.png|https://static.mueller.de/markant_03600531684914_pv_4322945/pdzoom/maybelline-new-york-eyeliner-lasting-drama.webp|2983180_2.png|https://static.mueller.de/markant_03600531684914_pd_4317238/pdzoom/maybelline-new-york-eyeliner-lasting-drama.webp|2983180_3.png|https://static.mueller.de/markant_03600531684914_pd_4322530/pdzoom/maybelline-new-york-eyeliner-lasting-drama.webp|2983180_4.png|https://static.mueller.de/markant_03600531684914_pd_4322579/pdzoom/maybelline-new-york-eyeliner-lasting-drama.webp|2983180_5.png|https://static.mueller.de/markant_03600531684914_pd_4322580/pdzoom/maybelline-new-york-eyeliner-lasting-drama.webp|2983180_6.png|https://static.mueller.de/markant_03600531684914_pd_4322578/pdzoom/maybelline-new-york-eyeliner-lasting-drama.webp||||||||||||L'Oréal Deutschland GmbH||||||||||3 g|DIMETHICONE • TRIMETHYLSILOXYSILICATE • POLYETHYLENE • ACRYLATES/STEARYL ACRYLATE/DIMETHICONE METHACRYLATE COPOLYMER • SILICA • OZOKERITE • SYNTHETIC FLUORPHLOGOPITE • CELLULOSE • DISTEARDIMONIUM HECTORITE • POLYISOBUTENE • RAYON • PROPYLENE CARBONATE • GLYCERIN • PULLULAN • PENTAERYTHRITYL TETRA-DI-T-BUTYL HYDROXYHYDROCINNAMATE • KAOLIN • UREA • TIN OXIDE • POLYGLYCERYL-3 POLYDIMETHYLSILOXYETHYL DIMETHICONE ● [+/- MAY CONTAIN: CI 77491, CI 77492, CI 77499 / IRON OXIDES • CI 77891 / TITANIUM DIOXIDE • MICA • CI 77510 / FERRIC AMMONIUM FERROCYANIDE • CI 77742 / MANGANESE VIOLET • CI 42090 / BLUE 1 LAKE • CI 77266 [NANO] / BLACK 2 • CI 77510 / FERRIC FERROCYANIDE • CI 77000 / ALUMINUM POWDER]. (F.I.L. Z70038779/2).||True||2983180P|||||||||10
2233570|mueller||||||||2024-10-28|Herzeleid|||1|Stk.|Home|Multi-Media|Musik|Rock|Herzeleid|||37,99 €|37,99 €||||||||||||||EUR|Home> Multi-Media> Musik> Rock> Herzeleid|https://www.mueller.at/p/herzeleid-2233570/|1 Stk.|||||||||||||||||||||||Non-Organic||||{'medium': 'LP (analog)', 'Künstler': 'Rammstein', 'Inhalt': '1 Stk.', 'Anzahl Medien im Artikel': '2', 'genre': 'Rock deutschsprachig', 'Label': 'Vertigo Be'}||||||||||||||0|0|2233570_1.png|https://static.mueller.de/pdzoom/phononet_0602527296630_pv_0602527296630-0600px-001.webp||||||||||||||||||||||||||||||||1 Stk.|||False||2233570P|||||||||1
22646|mueller||||||||2024-10-28|LEITZ Jurismappe A4 lila|LEITZ||1|Stk.|Home|Schreibwaren|Büro|Ordner & Mappen|Mappen|LEITZ Jurismappe A4 lila||2,09 €|2,09 €||||||||||||||EUR|Home> Schreibwaren> Büro> Ordner & Mappen> Mappen> LEITZ Jurismappe A4 lila|https://www.mueller.at/p/leitz-jurismappe-a4-lila-22646/|1 Stk.|"Jurismappe in bunten Farben für die tägliche Ablage von Unterlagen. Schnelle und einfache Lösung zur Ablage und zum Transport von Dokumenten im Büro oder unterwegs. Mit seitlichen Schutzklappen für eine sichere Aufbewahrung des Inhalts.3 vollflächig verklebte Klappen am Rückdeckel für einen sicheren Halt der Unterlagen
Falzungen an den Klappen für eine individuelle Einstellung auf die Inahltsmenge
Mit Beschriftungslinien auf dem Vorderdeckel
Hochwertiger, stabiler Karton für eine lange Lebensdauer
Für Format A4
Für bis zu 250 Blatt (80 g/m²)
Hergestellt aus 100% Recycling Pendarec Karton (430 g/m²), Blauer Engel"||||||||||||||||||||||Non-Organic||||{'scope_of_delivery': '1 Stück', 'Inhalt': '1 Stk.', 'Produkttyp': 'Mappen'}||||||||||||||0|0|22646_1.png|https://static.mueller.de/6486200477-PV-0/pdzoom/leitz-jurismappe-a4-lila.webp||||||||||||||||||||||||||||||||1 Stk.|||True||22646P|||||||||35
2865921|mueller||||||||2024-10-28|BARFUSS Zirbelkiefer Aktiv Gel|BARFUSS||150|ml|Home|Drogerie|Pflege|Körperpflege|Hand- & Fußpflege|Fußpflege|BARFUSS Zirbelkiefer Aktiv Gel|2,99 €|2,99 €|||||||||||19,93 € / 1 l|||EUR|Home> Drogerie> Pflege> Körperpflege> Hand- & Fußpflege> Fußpflege> BARFUSS Zirbelkiefer Aktiv Gel|https://www.mueller.at/p/barfuss-zirbelkiefer-aktiv-gel-IPN2865921/|150 ml|Das BARFUSS Zirbelkiefer Aktiv Gel für die Beine & Füße mit Zirbelkiefer- und Lavendelöl ist ein wohltuendes Massage- und Pflegemittel. Die kosmetische Pflege kühlt und entspannt nach körperlicher Anstrengung und Aktivität.||Nicht über 25°C lagern.||||||||||||||||||||Non-Organic||||"{'Lagerhinweis': 'Nicht über 25°C lagern.', 'target_group': 'Damen|Herren|Unisex', 'manufacturer': 'Heinrich Hagner GmBH & Co. KG', 'Herstelleradresse': 'Farinastraße 1-9, 72250 Freudenstadt', 'Kontaktmöglichkeit': 'www.mueller.eu', 'Anwendungshinweis': 'Mit leichtem Druck auf den betroffenen Stellen bis zur vollständigen Trocknung einmassieren. HINWEIS: Nicht bei Säuglingen oder Kleinkindern anwenden. Nicht in die Augen, auf Schleimhäute oder offene Wunden bringen. Keine Umschläge und Verbände anlegen. Von Kindern fernhalten. Enthält Alkohol.', 'package_contents': 'aqua, isopropyl alcohol, alcohol denat., hydroxypropyl guar, propylene glycol, allantoin, lavandula angustifolia oil, pinus cembra leaf/twig oil, citric acid, hydrated silica, linalool, limonene, geraniol.', 'skin_type': 'alle Hauttypen', 'Inhalt': '150 ml', 'scope_of_application': 'Fußpflege', 'Produkttyp': 'Creme'}"||||||||||||||0|0|2865921_1.png|https://static.mueller.de/pdzoom/2200286592116.webp||||||||||||||||||||||Heinrich Hagner GmBH & Co. KG||||||||||150 ml|aqua, isopropyl alcohol, alcohol denat., hydroxypropyl guar, propylene glycol, allantoin, lavandula angustifolia oil, pinus cembra leaf/twig oil, citric acid, hydrated silica, linalool, limonene, geraniol.||True||2865921P|||||||||10
114976|mueller||||||||2024-10-28|Physical Graffiti (2014 Reissue) DIGIPAK|||1|Stk.|Home|Multi-Media|Musik|Rock|Physical Graffiti (2014 Reissue) DIGIPAK|||17,99 €|17,99 €||||||||||||||EUR|Home> Multi-Media> Musik> Rock> Physical Graffiti (2014 Reissue) DIGIPAK|https://www.mueller.at/p/physical-graffiti-2014-reissue-digipak-114976/|1 Stk.|||||||||||||||||||||||Non-Organic||||{'medium': 'CD', 'Künstler': 'Led Zeppelin', 'Inhalt': '1 Stk.', 'Anzahl Medien im Artikel': '2', 'genre': 'Rock international', 'Label': 'Rhino'}||||||||||||||0|0|114976_1.png|https://static.mueller.de/pdzoom/phononet_0081227957957_pv_0081227957957-0600px-001.webp|114976_2.png|https://static.mueller.de/pdzoom/phononet_0081227957957_pr_0081227957957-0600px-002.webp|114976_3.png|https://static.mueller.de/446720218-PR-1/pdzoom/physical-graffiti-2014-reissue-digipak.webp||||||||||||||||||||||||||||1 Stk.|||True||114976P|||||||||3
2983199|mueller||||||||2024-10-28|DETHLEFSEN & BALK Tee-Bären®Pfirsich-Zitrone|DETHLEFSEN||125|g|Home|Drogerie|Lebensmittel|Tee & Kaffee|Tee|DETHLEFSEN & BALK Tee-Bären®Pfirsich-Zitrone||3,95 €|3,95 €|||||||||||31,60 € / 1 kg|||EUR|Home> Drogerie> Lebensmittel> Tee & Kaffee> Tee> DETHLEFSEN & BALK Tee-Bären®Pfirsich-Zitrone|https://www.mueller.at/p/dethlefsen-balk-tee-baeren-pfirsich-zitrone-IPN2983199/|125 g|Tee-Bären®Pfirsich-Zitrone||Kühl und trocken lagern|||Deutschland||||||{'Nährwerte je': '100g', 'Brennwert': '187,75 kj / 44,13 kcal', 'Fett in g': '0,06', '- davon gesättigte Fettsäuren in g': '0,04', 'Kohlenhydrate in g': '10,13', '- davon Zucker in g': '9', 'Eiweiß in g': '0,59', 'Salz in g': '0,01'}|||||||||||Non-Organic||||"{'Lagerhinweis': 'Kühl und trocken lagern', 'manufacturer': 'Dethlefsen & Balk GmbH', 'Herstelleradresse': 'Hermann-Wüsthof-Ring 16, DE21035 Hamburg', 'Kontaktmöglichkeit': 'office@db-hh.de', 'Herkunftsland': 'Deutschland', 'Inhalt': '125 g', 'Eigenschaften': 'Laktosefrei|Ohne Palmöl|Ohne Salz|Ohne Getreide', 'Zutaten': 'Zucker, Glukosesirup, Wasser, Gelatine, weißes Traubensaftkonzentrat, Säuerungsmittel: Citronensäure, Weißteeextrakt, Aromen, Pflanzenauszüge (Kurkuma), Überzugsmittel: Carnaubawachs; Fruchtkonzentrat, Apfelsaftkonzentrat, Aprikosensaftkonzentrat, Birnensaftkonzentrat.', 'Produkttyp': 'Früchtetee', 'Zubereitungshinweis': 'Zur Aufbereitung eines Heißgetränks 2-3 Tee-Bären® in einem Becher verrühren'}"||||||||||||||0|0|2983199_1.png|https://static.mueller.de/pdzoom/4009636413563.webp||||||||||||||||||||||Dethlefsen & Balk GmbH||||||||||125 g|||True||2983199P|||||||||10
2983191|mueller||||||||2024-10-28|HAMMERMÜHLE Bio Laugendauergebäck mit Paprika|HAMMERMÜHLE||45|g|Home|Naturshop|Lebensmittel|Salzige Snacks|HAMMERMÜHLE Bio Laugendauergebäck mit Paprika|||1,49 €|1,49 €|||||||||||33,11 € / 1 kg|||EUR|Home> Naturshop> Lebensmittel> Salzige Snacks> HAMMERMÜHLE Bio Laugendauergebäck mit Paprika|https://www.mueller.at/p/hammermuehle-bio-laugendauergebaeck-mit-paprika-IPN2983191/|45 g|Glutenfreie Salzstangen mit Paprika||Trocken und vor Wärme geschützt lagern.|||Ungarn||||||{'Nährwerte je': '100 g', 'Brennwert': '1844 kj / 440 kcal', 'Fett in g': '20', '- davon gesättigte Fettsäuren in g': '3,3', 'Kohlenhydrate in g': '62', '- davon Zucker in g': '7,8', 'Ballaststoffe in g': '2,4', 'Eiweiß in g': '1,8', 'Salz in g': '3,5'}|||||||||||Organic||||"{'Lagerhinweis': 'Trocken und vor Wärme geschützt lagern.', 'manufacturer': 'Hammermühle GmbH', 'Herstelleradresse': 'Hauptstraße 181, DE-67489 Kirrweiler / Pfalz', 'Kontaktmöglichkeit': 'post@hammermuehle.de', 'Herkunftsland': 'Ungarn', 'Öko-Kontrollstelle': 'HU-ÖKO-01', 'Inhalt': '45 g', 'Bio': 'Ja', 'Eigenschaften': 'Glutenfrei|Vegan', 'Zutaten': 'Stärke* (Mais*, Kartoffel*),\nWasser, Mehl* (Reis*, Mais*, Hirse*),\nSonnenblumenöl*, Reissirup*, Meersalz\n3,5 %, Rohrzucker*, Flohsamenschalen*,\nBambusfaser, gemahlene\nPaprika* 1,1 %, Tomatenpulver*, rotes\nZwiebelpulver*, gemahlener Pfeffer*,\nEmulgator: Lecithine*; Verdickungsmittel:\nXanthan; Trockenhefe,\nBacktriebmittel: Natriumcarbonate,\nAmmoniumcarbonate; Antioxidationsmittel:\nExtrakte aus Rosmarin*.\n*Zutaten aus kontrolliert\nbiologischem Anbau.', 'Produkttyp': 'Salzige Snacks'}"||||||||||||||0|0|2983191_1.png|https://static.mueller.de/pdzoom/4015537002836.webp||||||||||||||||||||||Hammermühle GmbH||||||||||45 g|||True||2983191P|||||||||10
2983194|mueller||||||||2024-10-28|HAMMERMÜHLE Bio Haferkekse mit Cranberrys|HAMMERMÜHLE||150|g|Home|Drogerie|Lebensmittel|Süßigkeiten|Gebäck|HAMMERMÜHLE Bio Haferkekse mit Cranberrys||2,99 €|2,99 €|||||||||||19,93 € / 1 kg|||EUR|Home> Drogerie> Lebensmittel> Süßigkeiten> Gebäck> HAMMERMÜHLE Bio Haferkekse mit Cranberrys|https://www.mueller.at/p/hammermuehle-bio-haferkekse-mit-cranberrys-IPN2983194/|150 g|Bio Cranberry Simply Seeds Kekse||Trocken und vor Wärme geschützt lagern.|||Polen|Enthalten Hafer Kann Spuren von SCHALENFRÜCHTEN enthalten.|||||{'Nährwerte je': '100 g', 'Brennwert': '1809 kj / 432 kcal', 'Fett in g': '17', '- davon gesättigte Fettsäuren in g': '1,8', 'Kohlenhydrate in g': '57', '- davon Zucker in g': '22', 'Ballaststoffe in g': '7,7', 'Eiweiß in g': '8,8', 'Salz in g': '0,81'}|||||||||||Organic||||"{'Lagerhinweis': 'Trocken und vor Wärme geschützt lagern.', 'manufacturer': 'Hammermühle GmbH', 'Herstelleradresse': 'DE-67489 Kirrweiler / Pfalz', 'Herkunftsland': 'Polen', 'Öko-Kontrollstelle': 'PL-EKO-12 EU-/Nicht-EULandwirtschaft', 'Allergenhinweis': 'Enthalten Hafer\nKann Spuren von SCHALENFRÜCHTEN enthalten.', 'Inhalt': '150 g', 'Bio': 'Ja', 'Eigenschaften': 'Glutenfrei|Vegan', 'Zutaten': 'HAFERFLOCKEN* glutenfrei² 54%, Rohrzucker*, getrocknete Cranberrys* 11% (Cranberrys*, Rohrzucker*, Sonnenblumenöl*), Rapsöl*, goldene Leinsamen* 8%, Himalayasalz, Backtriebmittel: Natriumhydrogencarbonat. \n* Zutaten aus ökol. Landwirtschaft.\nKann Spuren von SCHALENFRÜCHTEN enthalten.\n²Hinweis: Glutenfreier Hafer\nkann von Zöliakie betroffenen\nunterschiedlich toleriert werden.\nWir empfehlen einen kontrollierten Verzehr unter gleichzeitiger ärztlicher Betreuung.', 'Produkttyp': 'Gebäck'}"||||||||||||||0|0|2983194_1.png|https://static.mueller.de/pdzoom/4015537002737.webp||||||||||||||||||||||Hammermühle GmbH||||||||||150 g|||True||2983194P|||||||||5
2983196|mueller||||||||2024-10-28|HAMMERMÜHLE Bio Haferkekse mit Kokos und Mandeln|HAMMERMÜHLE||150|g|Home|Drogerie|Lebensmittel|Süßigkeiten|Gebäck|HAMMERMÜHLE Bio Haferkekse mit Kokos und Mandeln||2,99 €|2,99 €|||||||||||19,93 € / 1 kg|||EUR|Home> Drogerie> Lebensmittel> Süßigkeiten> Gebäck> HAMMERMÜHLE Bio Haferkekse mit Kokos und Mandeln|https://www.mueller.at/p/hammermuehle-bio-haferkekse-mit-kokos-und-mandeln-IPN2983196/|150 g|Bio Kokos-Mandel Simply Seeds Kekse, glutenfrei||Trocken und vor Wärme geschützt lagern.|||Polen|Hafer, Mandeln|||||{'Nährwerte je': '100 g', 'Brennwert': '1994 kj / 477 kcal', 'Fett in g': '25', '- davon gesättigte Fettsäuren in g': '7,3', 'Kohlenhydrate in g': '49', '- davon Zucker in g': '20', 'Ballaststoffe in g': '8,4', 'Eiweiß in g': '9,9', 'Salz in g': '0,74'}|||||||||||Organic||||"{'Lagerhinweis': 'Trocken und vor Wärme geschützt lagern.', 'manufacturer': 'Hammermühle GmbH', 'Herstelleradresse': 'DE-67489 Kirrweiler / Pfalz', 'Herkunftsland': 'Polen', 'Öko-Kontrollstelle': 'PL-EKO-12', 'Allergenhinweis': 'Hafer, Mandeln', 'Inhalt': '150 g', 'Bio': 'Ja', 'Eigenschaften': 'Glutenfrei|Vegan', 'Zutaten': 'HAFERFLOCKEN* glutenfrei² 48%, Rohrzucker*, Kokosraspeln* 10%, Rapsöl*, goldene Leinsamen* 8%, MANDELFLOCKEN* 5%, Himalayasalz, Backtriebmittel: Natriumhydrogencarbonat. \n*Zutaten aus ökol. Landwirtschaft\n² Hinweis: Glutenfreier Hafer\nkann von Zöliakie betroffenen\nunterschiedlich toleriert werden.\nWir empfehlen einen kontrollierten\nVerzehr unter gleichzeitiger\närztlicher Betreuung.', 'Produkttyp': 'Gebäck'}"||||||||||||||5.0|1|2983196_1.png|https://static.mueller.de/pdzoom/4015537002744.webp||||||||||||||||||||||Hammermühle GmbH||||||||||150 g|||True||2983196P|||||||||5
2983197|mueller||||||||2024-10-28|DETHLEFSEN & BALK Tee-Bären® Zimt-Orange|DETHLEFSEN||125|g|Home|Drogerie|Lebensmittel|Tee & Kaffee|Tee|DETHLEFSEN & BALK Tee-Bären® Zimt-Orange||3,95 €|3,95 €|||||||||||31,60 € / 1 kg|||EUR|Home> Drogerie> Lebensmittel> Tee & Kaffee> Tee> DETHLEFSEN & BALK Tee-Bären® Zimt-Orange|https://www.mueller.at/p/dethlefsen-balk-tee-baeren-zimt-orange-IPN2983197/|125 g|Tee-Bären® Zimt-Orange||Kühl und trocken lagern|||Deutschland||||||{'Nährwerte je': '100g', 'Brennwert': '187,5 kj / 44,13 kcal', 'Fett in g': '0,06', '- davon gesättigte Fettsäuren in g': '0,06', 'Kohlenhydrate in g': '10,13', '- davon Zucker in g': '8,88', 'Eiweiß in g': '0,59', 'Salz in g': '0,01'}|||||||||||Non-Organic||||"{'Lagerhinweis': 'Kühl und trocken lagern', 'manufacturer': 'Dethlefsen & Balk GmbH', 'Herstelleradresse': 'Hermann-Wüsthof-Ring 16, DE21035 Hamburg', 'Kontaktmöglichkeit': 'office@db-hh.de', 'Herkunftsland': 'Deutschland', 'Inhalt': '125 g', 'Eigenschaften': 'Laktosefrei|Ohne Palmöl|Ohne Salz|Ohne Getreide', 'Zutaten': 'Zucker, Glukosesirup, Gelatine, Wasser, weißes Traubensaftkonzentrat, Säuerungsmittel: Citronensäure, natürliche Aromen:, Weißteeextrakt, Pflanzenauszüge (roter Rettich, Saflor), Fruchtsüße aus Apfelsaftkonzentrat, Apfelsaftkonzentrat, Aprikosensaftkonzentrat, Birnensaftkonzentrat, Überzugsmittel: Carnaubawachs', 'Produkttyp': 'Früchtetee', 'Zubereitungshinweis': 'Zur Aufbereitung eines Heißgetränks 2-3 Tee-Bären® in einem Becher verrühren'}"||||||||||||||0|0|2983197_1.png|https://static.mueller.de/pdzoom/4009636413549.webp||||||||||||||||||||||Dethlefsen & Balk GmbH||||||||||125 g|||True||2983197P|||||||||10
2983198|mueller||||||||2024-10-28|DETHLEFSEN & BALK Tee-Bären®Holunder-Rhabarber|DETHLEFSEN||125|g|Home|Drogerie|Lebensmittel|Tee & Kaffee|Tee|DETHLEFSEN & BALK Tee-Bären®Holunder-Rhabarber||3,95 €|3,95 €|||||||||||31,60 € / 1 kg|||EUR|Home> Drogerie> Lebensmittel> Tee & Kaffee> Tee> DETHLEFSEN & BALK Tee-Bären®Holunder-Rhabarber|https://www.mueller.at/p/dethlefsen-balk-tee-baeren-holunder-rhabarber-IPN2983198/|125 g|Tee-Bären®Holunder-Rhabarber||Kühl und trocken lagern|||Deutschland||||||{'Nährwerte je': '100g', 'Brennwert': '188,38 kj / 44,38 kcal', 'Fett in g': '0,06', '- davon gesättigte Fettsäuren in g': '0,04', 'Kohlenhydrate in g': '10,25', '- davon Zucker in g': '9', 'Eiweiß in g': '0,6', 'Salz in g': '0,01'}|||||||||||Non-Organic||||"{'Lagerhinweis': 'Kühl und trocken lagern', 'manufacturer': 'Dethlefsen & Balk GmbH', 'Herstelleradresse': 'Hermann-Wüsthof-Ring 16, DE21035 Hamburg', 'Kontaktmöglichkeit': 'office@db-hh.de', 'Herkunftsland': 'Deutschland', 'Inhalt': '125 g', 'Eigenschaften': 'Laktosefrei|Ohne Palmöl|Ohne Salz|Ohne Getreide', 'Zutaten': 'Zucker, Glukosesirup, Gelatine, Wasser, weißes Traubensaftkonzentrat, Säuerungsmittel: Citronensäure, Aromen, Weißteeextrakt, färbende Pflanzenextrakte (Rettich, Süßkartoffel, Kirsche, Apfel), Fruchtsüße aus Apfelsaftkonzentrat, Apfelsaftkonzentrat, Aprikosensaftkonzentrat, Birnensaftkonzentrat, Überzugsmittel: Carnaubawachs', 'Produkttyp': 'Früchtetee', 'Zubereitungshinweis': 'Zur Aufbereitung eines Heißgetränks 2-3 Tee-Bären® in einem Becher verrühren'}"||||||||||||||0|0|2983198_1.png|https://static.mueller.de/pdzoom/4009636413556.webp||||||||||||||||||||||Dethlefsen & Balk GmbH||||||||||125 g|||False||2983198P|||||||||1
339002|mueller||||||||2024-10-28|nip® Mundpflege-Fingerling|NIP||1|Stk.|Home|Drogerie|Kind & Mama|Ausstattung & Zubehör|Gesundheit|nip® Mundpflege-Fingerling||2,99 €|2,99 €||||||||||||||EUR|Home> Drogerie> Kind & Mama> Ausstattung & Zubehör> Gesundheit> nip® Mundpflege-Fingerling|https://www.mueller.at/p/nip-mundpflege-fingerling-339002/|1 Stk.|"Mundpflege schon vor den ersten Zähnchen. Für eine sanfte Reinigung und Massage von Zahnfleisch, Zunge und ersten Zähnchen. Der nip® Mundpflege-Fingerling ist die sanfte Vorstufe zur Zahnbürste und ermöglicht ein spielerisches Heranführen an das Zähneputzen. Der Fingerling ist antibakteriell dank neuartiger Silberionen-Technologie. Eine weiche Microfaser bindet Bakterien und Keime und garantiert eine nachgewiesene Wirksamkeit ohne chemische Zusätze. Der Fingerling ist passend für alle Fingergrößen und ist geeignet für Babys von 0-12 Monaten. Der Mundpflege-Fingerling entspricht dem Ökotex Standard 100. Mit praktischer Aufhängeöse für eine
hygienische Aufbewahrung. Eignet sich auch für die Gelanwendung im Mundraum während der Zahnungsphase. Um eine gleichbleibende Markenqualität zu garantieren, ist der nip® Mundpflege-Fingerling wie fast alle Produkte der Marke nip® „ Made in Germany“. Von Hebammen empfohlen"||||||||||||||||||||||Non-Organic||||{'manufacturer': 'Nürnberg Gummi Babyartikel GmbH & Co. KG', 'Herstelleradresse': 'Breitenloher Weg 6, DE-91166 Georgensgmünd', 'Kontaktmöglichkeit': 'info@nip-babyartikel.de', 'Inhalt': '1 Stk.', 'Produkttyp': 'Spezialhelfer'}||||||||||||||0|0|339002_1.png|https://static.mueller.de/6808126108-PV-0/pdzoom/nip-mundpflege-fingerling.webp|339002_2.png|https://static.mueller.de/6808126108-PB-1/pdzoom/nip-mundpflege-fingerling.webp||||||||||||||||||||Nürnberg Gummi Babyartikel GmbH & Co. KG||||||||||1 Stk.|||True||339002P|||||||||10
2983166|mueller||||||||2024-10-28|ipuro Raumduft Classic Jardin|IPURO||240|ml|Home|Drogerie|Accessoires|Raumduft|ipuro Raumduft Classic Jardin|||24,99 €|24,99 €|||||||||||104,13 € / 1 l|||EUR|Home> Drogerie> Accessoires> Raumduft> ipuro Raumduft Classic Jardin|https://www.mueller.at/p/ipuro-raumduft-classic-jardin-IPN2983166/|240 ml|Mach dich auf zu einem verborgenen Garten, entdecke exotische Blüten und fruchtige Schätze.||||||||||||||||||||||Non-Organic||||"{'target_group': 'Herren|Unisex|Damen', 'manufacturer': 'Gries Deco Company GmbH', 'Herstelleradresse': 'Boschstrasse 7, DE-63843 Niedernberg', 'Kontaktmöglichkeit': 'info@ipuro.com', 'fragrance_note': 'fruchtig', 'top_note': 'Limone, türkische Rose', 'heart_note': 'Jasmin, Maiglöckchen, Pfingstrose', 'base_note': 'Weißer Moschus, Mauerpfeffer', 'package_contents': 'TETRAMETHYL ACETYLOCTAHYDRONAPHTHALENES, LINALYL ACETATE, d,l-LIMONENE,\nISOEUGENOL', 'Inhalt': '240 ml', 'fragrance_effect': 'köstlich', 'Produkttyp': 'Airsticks'}"||||||||||||||0|0|2983166_1.png|https://static.mueller.de/pdzoom/4051281819160_1.webp|2983166_2.png|https://static.mueller.de/pdzoom/4051281819160.webp||||||||||||||||||||Gries Deco Company GmbH||||||||||240 ml|"TETRAMETHYL ACETYLOCTAHYDRONAPHTHALENES, LINALYL ACETATE, d,l-LIMONENE,
ISOEUGENOL"||False||2983166P|||||||||1
2983167|mueller||||||||2024-10-28|Café Cult Drip Coffee Bag Sachet Vanilla Cream|CAFÉ CULT||10|g|Home|Drogerie|Lebensmittel|Tee & Kaffee|Kaffee|Café Cult Drip Coffee Bag Sachet Vanilla Cream||8,95 €|8,95 €|||||||||||895,00 € / 1 kg|||EUR|Home> Drogerie> Lebensmittel> Tee & Kaffee> Kaffee> Café Cult Drip Coffee Bag Sachet Vanilla Cream|https://www.mueller.at/p/cafe-cult-drip-coffee-bag-sachet-vanilla-cream-IPN2983167/|10 g|Kaffee Vanilla Cream aromatisiert||Kühl und trocken lagern|||Deutschland||||||{'Nährwerte je': '100ml', 'Brennwert': '35 kj / 8 kcal', 'Fett in g': '0', '- davon gesättigte Fettsäuren in g': '0', 'Kohlenhydrate in g': '0', '- davon Zucker in g': '0', 'Eiweiß in g': '0', 'Salz in g': '0'}|||||||||||Non-Organic||||"{'Lagerhinweis': 'Kühl und trocken lagern', 'manufacturer': 'Café Cult c/o Dethlefsen & Balk GmbH', 'Herstelleradresse': 'Hermann-Wüsthof-Ring 16, DE21035 Hamburg', 'Kontaktmöglichkeit': 'office@db-hh.de', 'Herkunftsland': 'Deutschland', 'Inhalt': '10 g', 'Eigenschaften': 'Glutenfrei|Laktosefrei|Ohne Zucker|Ohne Lezithin|Ohne Palmöl|Ohne Salz|Ohne Zuckerzusatz|Ohne Zusatz von Konservierungsstoffen|Ohne Getreide|Ohne Farbstoffe', 'Zutaten': 'Röstkaffee (100 % Arabica), Aroma', 'Produkttyp': 'Kaffee Kapseln & Pads', 'Zubereitungshinweis': '➊ Öffnen Sie den Beutel. ➋ Legen Sie den Beutel auf die Kaffeetasse. ➌ Bereiten Sie 200 ml heißes Wasser vor. Gießen Sie langsam eine ausreichende Menge ein, um den Kaffee zu tränken. 20 Sekunden ruhen lassen. ➍ Gießen Sie das restliche Wasser auf. Weitere 1-2 Minuten ruhenlassen, bevor der Beutel entfernt wird.'}"||||||||||||||0|0|2983167_1.png|https://static.mueller.de/pdzoom/4009636424880.webp|2983167_2.png|https://static.mueller.de/pdzoom/4009636424880_1.webp||||||||||||||||||||Café Cult c/o Dethlefsen & Balk GmbH||||||||||10 g|||True||2983167P|||||||||10
2983168|mueller||||||||2024-10-28|ipuro Raumduft Classic Vitalite|IPURO||240|ml|Home|Drogerie|Accessoires|Raumduft|ipuro Raumduft Classic Vitalite|||24,99 €|24,99 €|||||||||||104,13 € / 1 l|||EUR|Home> Drogerie> Accessoires> Raumduft> ipuro Raumduft Classic Vitalite|https://www.mueller.at/p/ipuro-raumduft-classic-vitalite-IPN2983168/|240 ml|Genieße die Komposition aus erfrischendem Rosmarin und spritzigem Ingwer, die deinem Zuhause neue Energie und eine Wellness Atmosphäre verleiht.||||||||||||||||||||||Non-Organic||||"{'target_group': 'Herren|Unisex|Damen', 'manufacturer': 'Gries Deco Company GmbH', 'Herstelleradresse': 'Boschstrasse 7, DE-63843 Niedernberg', 'Kontaktmöglichkeit': 'info@ipuro.com', 'fragrance_note': 'belebend', 'top_note': 'frisch, zitrisch, Orange, Rosmarin', 'heart_note': 'krautig, Ingwer, floral, Thymian, Cassis', 'base_note': 'Amber, Moos, Patchouli, Vanille, Zedernholz, Moschus, Guajakholz', 'package_contents': 'TETRAMETHYL ACETYLOCTAHYDRONAPHTHALENES, d,l-LIMONENE,\nLINALOOL, LINALYL ACETATE', 'Inhalt': '240 ml', 'fragrance_effect': 'natürlich', 'Produkttyp': 'Airsticks'}"||||||||||||||0|0|2983168_1.png|https://static.mueller.de/pdzoom/4051281819184_1.webp|2983168_2.png|https://static.mueller.de/pdzoom/4051281819184.webp||||||||||||||||||||Gries Deco Company GmbH||||||||||240 ml|"TETRAMETHYL ACETYLOCTAHYDRONAPHTHALENES, d,l-LIMONENE,
LINALOOL, LINALYL ACETATE"||False||2983168P|||||||||1
2983160|mueller||||||||2024-10-28|ipuro Raumduft Classic Noir|IPURO||240|ml|Home|Drogerie|Accessoires|Raumduft|ipuro Raumduft Classic Noir|||24,99 €|24,99 €|||||||||||104,13 € / 1 l|||EUR|Home> Drogerie> Accessoires> Raumduft> ipuro Raumduft Classic Noir|https://www.mueller.at/p/ipuro-raumduft-classic-noir-IPN2983160/|240 ml|Elegante Rose, geheimnisvolles Patschuli und cremiges Sandelholz treffen auf frischen Eukalyptus und süße Kokosnuss. Eine orientalische Komposition wie aus 1001 Nacht.||||||||||||||||||||||Non-Organic||||"{'target_group': 'Damen|Herren|Unisex', 'manufacturer': 'Gries Deco Company GmbH', 'Herstelleradresse': 'Boschstrasse 7, DE-63843 Niedernberg', 'Kontaktmöglichkeit': 'info@ipuro.com', 'fragrance_note': 'orientalisch', 'top_note': 'Eukalyptus, Kokosnuss, Zistrose', 'heart_note': 'Patschuli, Sandelholz', 'base_note': 'Amber', 'package_contents': 'LINALOOL, COUMARIN, LINALYL ACETATE, d,l-LIMONENE, AMYL CINNAMAL', 'Inhalt': '240 ml', 'fragrance_effect': 'elegant', 'Produkttyp': 'Airsticks'}"||||||||||||||0|0|2983160_1.png|https://static.mueller.de/pdzoom/4051281819122_1.webp|2983160_2.png|https://static.mueller.de/pdzoom/4051281819122.webp||||||||||||||||||||Gries Deco Company GmbH||||||||||240 ml|LINALOOL, COUMARIN, LINALYL ACETATE, d,l-LIMONENE, AMYL CINNAMAL||False||2983160P|||||||||1
2983161|mueller||||||||2024-10-28|Cha Cult Pyramidenbeutel im Sachet Früchteteemischung|CHA CULT||1|Stk.|Home|Drogerie|Lebensmittel|Tee & Kaffee|Tee|Cha Cult Pyramidenbeutel im Sachet Früchteteemischung||0,40 €|0,40 €||||||||||||||EUR|Home> Drogerie> Lebensmittel> Tee & Kaffee> Tee> Cha Cult Pyramidenbeutel im Sachet Früchteteemischung|https://www.mueller.at/p/cha-cult-pyramidenbeutel-im-sachet-fruechteteemischung-IPN2983161/|1 Stk.|Früchteteemischung Oma´s Garten Erdbeer-Note aromatisiert||Kühl und trocken lagern|||Deutschland||||||{'Nährwerte je': '100ml', 'Brennwert': '24 kj / 6 kcal', 'Fett in g': '0,1', '- davon gesättigte Fettsäuren in g': '<0,1', 'Kohlenhydrate in g': '0,8', '- davon Zucker in g': '0,7', 'Eiweiß in g': '0,2', 'Salz in g': '<0,01'}|||||||||||Non-Organic||||"{'Lagerhinweis': 'Kühl und trocken lagern', 'manufacturer': 'Cha Cult GmbH', 'Herstelleradresse': 'Rungedamm 37, DE-21035 Hamburg', 'Kontaktmöglichkeit': 'info@chacult.eu', 'Herkunftsland': 'Deutschland', 'Inhalt': '1 Stk.', 'Eigenschaften': 'Glutenfrei|Laktosefrei|Ohne Palmöl|Ohne Salz|Ohne Zuckerzusatz|Ohne Zusatz von Konservierungsstoffen', 'Zutaten': 'Fliederbeeren, Hibiskusblüten, Apfelstücke, schwarze Johannisbeeren, Aroma, gefr.-getr. Erdbeerstücke, gefr.-getr. Himbeerstücke, Walderdbeerblätter, Wichtig: Immer mit sprudelnd kochendem Wasser aufgießen, mindestens 5-10 Minuten ziehen lassen! Nur so erhalten Sie ein sicheres Lebensmittel', 'Produkttyp': 'Früchtetee', 'Zubereitungshinweis': '200ml sprudelnd kochendem Wasser aufgießen, mindestens 5-10 Minuten ziehen lassen.'}"||||||||||||||0|0|2983161_1.png|https://static.mueller.de/pdzoom/4009636305295.webp||||||||||||||||||||||Cha Cult GmbH||||||||||1 Stk.|||True||2983161P|||||||||10
2983162|mueller||||||||2024-10-28|Cha Cult Pyramidenbeutel im Sachet Früchteteemischung|CHA CULT||1|Stk.|Home|Drogerie|Lebensmittel|Tee & Kaffee|Tee|Cha Cult Pyramidenbeutel im Sachet Früchteteemischung||0,40 €|0,40 €||||||||||||||EUR|Home> Drogerie> Lebensmittel> Tee & Kaffee> Tee> Cha Cult Pyramidenbeutel im Sachet Früchteteemischung|https://www.mueller.at/p/cha-cult-pyramidenbeutel-im-sachet-fruechteteemischung-IPN2983162/|1 Stk.|Früchteteemischung Wolkenschieber Kirsch-Kiwi-Kokos-Note aromatisiert||Kühl und trocken lagern|||Deutschland||||||{'Nährwerte je': '100ml', 'Brennwert': '33 kj / 7 kcal', 'Fett in g': '0,2', '- davon gesättigte Fettsäuren in g': '0,1', 'Kohlenhydrate in g': '1,3', '- davon Zucker in g': '1,2', 'Eiweiß in g': '0,1', 'Salz in g': '<0,1'}|||||||||||Non-Organic||||"{'Lagerhinweis': 'Kühl und trocken lagern', 'manufacturer': 'Cha Cult GmbH', 'Herstelleradresse': 'Rungedamm 37, DE-21035 Hamburg', 'Kontaktmöglichkeit': 'info@chacult.eu', 'Herkunftsland': 'Deutschland', 'Inhalt': '1 Stk.', 'Eigenschaften': 'Glutenfrei|Laktosefrei|Ohne Zucker|Ohne Lezithin|Ohne Palmöl|Ohne Salz|Ohne Zuckerzusatz|Ohne Zusatz von Konservierungsstoffen|Ohne Getreide|Ohne Farbstoffe', 'Zutaten': 'Apfelstücke, Kokosraspel, gefr.-getr. Kiwistücke, gefr.-getr. Sauerkirschstücke, Aroma. Wichtig: Immer mit sprudelnd kochendem Wasser aufgießen, mindestens 5-10 Minuten ziehen lassen! Nur so erhalten Sie ein sicheres Lebensmittel', 'Produkttyp': 'Früchtetee', 'Zubereitungshinweis': '200ml sprudelnd kochendem Wasser aufgießen, mindestens 5-10 Minuten ziehen lassen.'}"||||||||||||||0|0|2983162_1.png|https://static.mueller.de/pdzoom/4009636337746.webp||||||||||||||||||||||Cha Cult GmbH||||||||||1 Stk.|||True||2983162P|||||||||10
2983163|mueller||||||||2024-10-28|Cha Cult Pyramidenbeutel im Sachet Rotbuschteemischung|CHA CULT||1|Stk.|Home|Drogerie|Lebensmittel|Tee & Kaffee|Tee|Cha Cult Pyramidenbeutel im Sachet Rotbuschteemischung||0,40 €|0,40 €||||||||||||||EUR|Home> Drogerie> Lebensmittel> Tee & Kaffee> Tee> Cha Cult Pyramidenbeutel im Sachet Rotbuschteemischung|https://www.mueller.at/p/cha-cult-pyramidenbeutel-im-sachet-rotbuschteemischung-IPN2983163/|1 Stk.|Rotbuschteemischung Süße Sünde Himbeer-Vanille-Note aromatisiert||Kühl und trocken lagern|||Deutschland||||||{'Nährwerte je': '100ml', 'Brennwert': '13 kj / 3 kcal', 'Fett in g': '<0,1', '- davon gesättigte Fettsäuren in g': '<0,1', 'Kohlenhydrate in g': '0,1', '- davon Zucker in g': '<0,1', 'Eiweiß in g': '0,1', 'Salz in g': '0,04'}|||||||||||Non-Organic||||"{'Lagerhinweis': 'Kühl und trocken lagern', 'manufacturer': 'Cha Cult GmbH', 'Herstelleradresse': 'Rungedamm 37, DE-21035 Hamburg', 'Kontaktmöglichkeit': 'info@chacult.eu', 'Herkunftsland': 'Deutschland', 'Inhalt': '1 Stk.', 'Eigenschaften': 'Glutenfrei|Laktosefrei|Ohne Lezithin|Ohne Palmöl|Ohne Salz|Ohne Zuckerzusatz|Ohne Zusatz von Konservierungsstoffen|Ohne Getreide|Ohne Farbstoffe', 'Zutaten': 'Rotbuschtee, Aroma, gefr.-getr. Himbeerstücke, Rosenblüten', 'Produkttyp': 'Früchtetee', 'Zubereitungshinweis': '200ml sprudelnd kochendem Wasser aufgießen, mindestens 8-10 Minuten ziehen lassen.'}"||||||||||||||0|0|2983163_1.png|https://static.mueller.de/pdzoom/4009636296081.webp||||||||||||||||||||||Cha Cult GmbH||||||||||1 Stk.|||True||2983163P|||||||||10
628218|mueller||||||||2024-10-28|OfficeLINE Prospekthülle A4 starke Folie|OFFICELINE||50|Stk.|Home|Schreibwaren|Büro|Ordner & Mappen|Zubehör|OfficeLINE Prospekthülle A4 starke Folie||4,79 €|4,79 €|||||||||||0,96 € / 10 Stk.|||EUR|Home> Schreibwaren> Büro> Ordner & Mappen> Zubehör> OfficeLINE Prospekthülle A4 starke Folie|https://www.mueller.at/p/officeline-prospekthuelle-a4-starke-folie-628218/|50 Stk.|Die glasklaren Premium-Prospekthüllen für DIN A4-Papier sind dokumentenecht und Dank der Lochrandverstärkung und der starken Folie ( ca. 0,08 mm) sehr strapazierfähig. Die Öffnung befindet sich oben. Die aus Polypropylen hergestellten Hüllen haben eine Eurolochung und sind somit für die Verwendung in allen gängigen Ordnern und Ringbüchern geeignet.||||||||||||||||||||||Non-Organic||||{'scope_of_delivery': '50 Stück', 'Farbe': 'glasklar', 'Inhalt': '50 Stk.', 'Produkttyp': 'Zubehör'}||||||glasklar||||||||0|0|628218_1.png|https://static.mueller.de/5741195085-PV-0/pdzoom/officeline-prospekthuelle-a4-starke-folie.webp||||||||||||||||||||||||||||||||50 Stk.|||True||628218P|||||||||10
2983164|mueller||||||||2024-10-28|ipuro Raumduft Classic Orchidee|IPURO||240|ml|Home|Drogerie|Accessoires|Raumduft|ipuro Raumduft Classic Orchidee|||24,99 €|24,99 €|||||||||||104,13 € / 1 l|||EUR|Home> Drogerie> Accessoires> Raumduft> ipuro Raumduft Classic Orchidee|https://www.mueller.at/p/ipuro-raumduft-classic-orchidee-IPN2983164/|240 ml|Fruchtige Noten aus sizilianischer Limone und saftigem Pfirsich umgarnen ein Bouquet aus pudrigem Veilchen und süßem Maiglöckchen. Eine moderne Reise durch die ländliche Idylle.||||||||||||||||||||||Non-Organic||||"{'target_group': 'Herren|Unisex|Damen', 'manufacturer': 'Gries Deco Company GmbH', 'Herstelleradresse': 'Boschstrasse 7, DE-63843 Niedernberg', 'Kontaktmöglichkeit': 'info@ipuro.com', 'fragrance_note': 'fruchtig', 'top_note': 'Limone aus Sizilien, grüne Noten, Pfirsich', 'heart_note': 'Alpenveilchen, Maiglöckchen, Rose', 'base_note': 'Patschuli aus Indonesien, Vanille aus Madagaskar, Moschus', 'package_contents': 'TETRAMETHYL ACETYLOCTAHYDRONAPHTHALENES, BENZYL\nSALICYLATE, LINALOOL, LIMONENE, METHYLENEDIOXYPHENYL\nMETHYLPROPANAL, LINALYL ACETATE, HYDROXYCITRONELLAL', 'Inhalt': '240 ml', 'fragrance_effect': 'frisch', 'Produkttyp': 'Airsticks'}"||||||||||||||0|0|2983164_1.png|https://static.mueller.de/pdzoom/4051281819146_1.webp|2983164_2.png|https://static.mueller.de/pdzoom/4051281819146.webp||||||||||||||||||||Gries Deco Company GmbH||||||||||240 ml|"TETRAMETHYL ACETYLOCTAHYDRONAPHTHALENES, BENZYL
SALICYLATE, LINALOOL, LIMONENE, METHYLENEDIOXYPHENYL
METHYLPROPANAL, LINALYL ACETATE, HYDROXYCITRONELLAL"||False||2983164P|||||||||1
2983165|mueller||||||||2024-10-28|Cha Cult Pyramidenbeutel im Sachet Pfefferminze|CHA CULT||1|Stk.|Home|Drogerie|Lebensmittel|Tee & Kaffee|Tee|Cha Cult Pyramidenbeutel im Sachet Pfefferminze||0,40 €|0,40 €||||||||||||||EUR|Home> Drogerie> Lebensmittel> Tee & Kaffee> Tee> Cha Cult Pyramidenbeutel im Sachet Pfefferminze|https://www.mueller.at/p/cha-cult-pyramidenbeutel-im-sachet-pfefferminze-IPN2983165/|1 Stk.|Pfefferminze ohne Zusatz von Aroma||Kühl und trocken lagern|||Deutschland||||||{'Nährwerte je': '100ml', 'Brennwert': '35 kj / 8 kcal', 'Fett in g': '0,1', '- davon gesättigte Fettsäuren in g': '<0,1', 'Kohlenhydrate in g': '0,9', '- davon Zucker in g': '0,9', 'Eiweiß in g': '0,7', 'Salz in g': '0,01'}|||||||||||Non-Organic||||"{'Lagerhinweis': 'Kühl und trocken lagern', 'manufacturer': 'Cha Cult GmbH', 'Herstelleradresse': 'Rungedamm 37, DE-21035 Hamburg', 'Kontaktmöglichkeit': 'info@chacult.eu', 'Herkunftsland': 'Deutschland', 'Inhalt': '1 Stk.', 'Eigenschaften': 'Glutenfrei|Laktosefrei|Ohne Lezithin|Ohne Palmöl|Ohne Salz|Ohne Zuckerzusatz|Ohne Zusatz von Konservierungsstoffen|Ohne Getreide|Ohne Farbstoffe|Vegan', 'Zutaten': 'Pfefferminze. Wichtig: Immer mit sprudelnd kochendem Wasser aufgießen, mindestens 5-10 Minuten ziehen lassen! Nur so erhalten Sie ein sicheres Lebensmittel', 'Produkttyp': 'Kräutertee', 'Zubereitungshinweis': '200ml sprudelnd kochendem Wasser aufgießen, mindestens 5-10 Minuten ziehen lassen.'}"||||||||||||||0|0|2983165_1.png|https://static.mueller.de/pdzoom/4009636295718.webp||||||||||||||||||||||Cha Cult GmbH||||||||||1 Stk.|||True||2983165P|||||||||10
2233584|mueller||||||||2024-10-28|Liebe Ist Für Alle Da|||1|Stk.|Home|Multi-Media|Musik|Rock|Liebe Ist Für Alle Da|||37,99 €|37,99 €||||||||||||||EUR|Home> Multi-Media> Musik> Rock> Liebe Ist Für Alle Da|https://www.mueller.at/p/liebe-ist-fuer-alle-da-2233584/|1 Stk.|||||||||||||||||||||||Non-Organic||||{'medium': 'LP (analog)', 'Künstler': 'Rammstein', 'Inhalt': '1 Stk.', 'Anzahl Medien im Artikel': '2', 'genre': 'Rock deutschsprachig', 'Label': 'Vertigo Be'}||||||||||||||0|0|2233584_1.png|https://static.mueller.de/pdzoom/phononet_0602567203087_pv_0602567203087-0600px-001.webp||||||||||||||||||||||||||||||||1 Stk.|||False||2233584P|||||||||1
22627|mueller||||||||2024-10-28|Frosch Citrus Flecken-Zwerg|FROSCH||75|ml|Home|Drogerie|Haushalt|Waschen|Vorbehandlung & Fleckenentfernung|Frosch Citrus Flecken-Zwerg||1,95 €|1,95 €|||||||||||26,00 € / 1 l|||EUR|Home> Drogerie> Haushalt> Waschen> Vorbehandlung & Fleckenentfernung> Frosch Citrus Flecken-Zwerg|https://www.mueller.at/p/frosch-citrus-flecken-zwerg-22627/|75 ml|Der Frosch Citrus Flecken-Zwerg ist ein kraftvoller Flecklöser zur schnellen und effektiven Wäsche-Vorbehandlung. Der farbschonende Fleck-Entferner ist für für Weiß- und Buntwäsche sowie für alle Textilarten außer Seide geeignet. Die leistungsstarke und vegane Rezeptur mit Citrat, dem Salz der Zitronensäure, entfernt zuverlässig fett- und pigmenthaltige Flecken wie z. B. Fett-,Öl-, Make-Up-, Erd-, Deo- und Schweiß-Flecken. kraftvoll gegen fett- und pigmenthaltige Flecken wie z.B. Öl-, Make-Up-, Erd-, Deo- und Schweiß-Flecken, für Bunt- & Weißwäsche aller Textilien, vegan||Außer Reichweite von Kindern aufbewahren.||||||||||||||||||||Non-Organic||||{'Lagerhinweis': 'Außer Reichweite von Kindern aufbewahren.', 'target_group': 'Unisex', 'manufacturer': 'Werner & Mertz GmbH', 'Herstelleradresse': 'Rheinallee 96, 55120 Mainz', 'Kontaktmöglichkeit': 'verbraucherberatung@werner-mertz.com', 'Anwendungshinweis': 'Vor der Wäsche auf den Fleck auftragen, bis zu 10 Minuten einwirken lassen und wie gewohnt in der Waschmaschine waschen. Textilien an unauffälliger Stelle auf Farbechtheit prüfen. Material- und Pflegehinweise der Hersteller beachten.', 'package_contents': '5–15% nichtionische Tenside, <5% anionische Tenside, Seife, Enzyme, Duftstoffe. Weiterer Inhaltsstoff: Citrat.', 'Inhalt': '75 ml', 'Produkttyp': 'Vorbehandlung & Fleckenentfernung'}||||||||||||||0|0|22627_1.png|https://static.mueller.de/markant_04001499923739_pv_4841096/pdzoom/frosch-citrus-flecken-zwerg.webp|22627_2.png|https://static.mueller.de/markant_04001499923739_pr_4936442/pdzoom/frosch-citrus-flecken-zwerg.webp|22627_3.png|https://static.mueller.de/markant_04001499923739_pd_4800393/pdzoom/frosch-citrus-flecken-zwerg.webp|22627_4.png|https://static.mueller.de/markant_04001499923739_pd_4800392/pdzoom/frosch-citrus-flecken-zwerg.webp||||||||||||||||Werner & Mertz GmbH||||||||||75 ml|5–15% nichtionische Tenside, <5% anionische Tenside, Seife, Enzyme, Duftstoffe. Weiterer Inhaltsstoff: Citrat.||True||22627P||||Außer Reichweite von Kindern aufbewahren.|||||10
22621|mueller||||||||2024-10-28|Kreuzer Tintenpatronen im Glas 100 Stück|||1|Stk.|Home|Schreibwaren|Schreibgeräte|Minen & Patronen|Kreuzer Tintenpatronen im Glas 100 Stück|||3,19 €|3,19 €||||||||||||||EUR|Home> Schreibwaren> Schreibgeräte> Minen & Patronen> Kreuzer Tintenpatronen im Glas 100 Stück|https://www.mueller.at/p/kreuzer-tintenpatronen-im-glas-100-stueck-22621/|1 Stk.|100  königsblaue Tintenpatronen im praktischen Vorratsglas.||||||||||||||||||||||Non-Organic||||{'Inhalt': '1 Stk.', 'Produkttyp': 'Patronen'}||||||||||||||3.0|2|22621_1.png|https://static.mueller.de/6122259028-PV-0/pdzoom/kreuzer-tintenpatronen-im-glas-100-stueck.webp||||||||||||||||||||||||||||||||1 Stk.|||True||22621P|||||||||10
2983177|mueller||||||||2024-10-28|DETHLEFSEN & BALK Tee-Bären® Ingwer-Zitrone|DETHLEFSEN||125|g|Home|Drogerie|Lebensmittel|Tee & Kaffee|Tee|DETHLEFSEN & BALK Tee-Bären® Ingwer-Zitrone||3,95 €|3,95 €|||||||||||31,60 € / 1 kg|||EUR|Home> Drogerie> Lebensmittel> Tee & Kaffee> Tee> DETHLEFSEN & BALK Tee-Bären® Ingwer-Zitrone|https://www.mueller.at/p/dethlefsen-balk-tee-baeren-ingwer-zitrone-IPN2983177/|125 g|Tee-Bären® Ingwer-Zitrone||Kühl und trocken lagern|||Deutschland||||||{'Nährwerte je': '100g', 'Brennwert': '187,88 kj / 44,25 kcal', 'Fett in g': '0,06', '- davon gesättigte Fettsäuren in g': '0,05', 'Kohlenhydrate in g': '10,13', '- davon Zucker in g': '9', 'Eiweiß in g': '0,6', 'Salz in g': '0,01'}|||||||||||Non-Organic||||"{'Lagerhinweis': 'Kühl und trocken lagern', 'manufacturer': 'Dethlefsen & Balk GmbH', 'Herstelleradresse': 'Hermann-Wüsthof-Ring 16, DE21035 Hamburg', 'Kontaktmöglichkeit': 'office@db-hh.de', 'Herkunftsland': 'Deutschland', 'Inhalt': '125 g', 'Eigenschaften': 'Laktosefrei|Ohne Palmöl|Ohne Salz|Ohne Getreide', 'Zutaten': 'Zucker, Glukosesirup, Gelatine, Wasser, weißes Traubensaftkonzentrat, Säuerungsmittel: Citronensäure, Aromen, Weißteeextrakt, Fruchtsüße aus Apfelsaftkonzentrat, Pflanzenauszüge (Färberdistel), Apfelsaftkonzentrat, Extrakt aus der Ingwerwurzel (0,1%), Birnensaftkonzentrat, Aprikosensaftkonzentrat, Überzugsmittel: Carnaubawachs, Ingwer-Öl', 'Produkttyp': 'Früchtetee', 'Zubereitungshinweis': 'Zur Aufbereitung eines Heißgetränks 2-3 Tee-Bären® in einem Becher verrühren'}"||||||||||||||0|0|2983177_1.png|https://static.mueller.de/pdzoom/4009636413525.webp||||||||||||||||||||||Dethlefsen & Balk GmbH||||||||||125 g|||False||2983177P|||||||||1
2983178|mueller||||||||2024-10-28|DETHLEFSEN & BALK Tee-Bären® Himbeer-Vanille|DETHLEFSEN||125|g|Home|Drogerie|Lebensmittel|Tee & Kaffee|Tee|DETHLEFSEN & BALK Tee-Bären® Himbeer-Vanille||3,95 €|3,95 €|||||||||||31,60 € / 1 kg|||EUR|Home> Drogerie> Lebensmittel> Tee & Kaffee> Tee> DETHLEFSEN & BALK Tee-Bären® Himbeer-Vanille|https://www.mueller.at/p/dethlefsen-balk-tee-baeren-himbeer-vanille-IPN2983178/|125 g|Tee-Bären® Himbeer-Vanille||Kühl und trocken lagern|||Deutschland||||||{'Nährwerte je': '100g', 'Brennwert': '188,13 kj / 44,25 kcal', 'Fett in g': '0,06', '- davon gesättigte Fettsäuren in g': '0,04', 'Kohlenhydrate in g': '10,25', '- davon Zucker in g': '9', 'Eiweiß in g': '0,59', 'Salz in g': '0,01'}|||||||||||Non-Organic||||"{'Lagerhinweis': 'Kühl und trocken lagern', 'manufacturer': 'Dethlefsen & Balk GmbH', 'Herstelleradresse': 'Hermann-Wüsthof-Ring 16, DE21035 Hamburg', 'Kontaktmöglichkeit': 'office@db-hh.de', 'Herkunftsland': 'Deutschland', 'Inhalt': '125 g', 'Eigenschaften': 'Laktosefrei|Ohne Palmöl|Ohne Salz|Ohne Getreide', 'Zutaten': 'Zucker, Glukosesirup, Wasser, Gelatine, weißes Traubensaftkonzentrat, Säuerungsmittel: Citronensäure, Pflanzenauszüge (Holunder), Aromen, Weißteeextrakt, Fruchtsüße aus Apfelsaftkonzentrat, Apfelsaftkonzentrat, Aprikosensaftkonzentrat, Birnensaftkonzentrat, Überzugsmittel: Carnaubawachs', 'Produkttyp': 'Früchtetee', 'Zubereitungshinweis': 'Zur Aufbereitung eines Heißgetränks 2-3 Tee-Bären® in einem Becher verrühren'}"||||||||||||||0|0|2983178_1.png|https://static.mueller.de/pdzoom/4009636413532.webp||||||||||||||||||||||Dethlefsen & Balk GmbH||||||||||125 g|||False||2983178P|||||||||1
628223|mueller||||||||2024-10-28|PURINA GOURMET Gold Raffiniertes Ragout mit Rind|PURINA GOURMET||85|g|Home|Tiershop|Tiernahrung|Katze|Nassfutter|PURINA GOURMET Gold Raffiniertes Ragout mit Rind||0,85 €|0,85 €|||||||||||10,00 € / 1 kg|||EUR|Home> Tiershop> Tiernahrung> Katze> Nassfutter> PURINA GOURMET Gold Raffiniertes Ragout mit Rind|https://www.mueller.at/p/purina-gourmet-gold-raffiniertes-ragout-mit-rind-628223/|85 g|GOURMET Gold - Raffiniertes Ragout ist eine Auswahl köstlicher Sorten, in denen qualitativ hochwertige Zutaten in einem Ragout vereint werden und für unvergessliche Genussmomente sorgen. Katzennassfutter ohne Zusatz künstlicher Farbstoffe, Konservierungsstoffe und AromenAlleinfuttermittel für ausgewachsene KatzenFein geschnetzelte Stückchen kombiniert mit einem Hauch von Sauce||Bitte kühl und trocken lagern. Mindestens haltbar bis Ende, Bezugsnummer der Partie und Registrierungs-Kenn-Nr.: siehe Dosenboden.|||||||Rind|||||||||||||Non-Organic||||"{'Lagerhinweis': 'Bitte kühl und trocken lagern. Mindestens haltbar bis Ende, Bezugsnummer der Partie und Registrierungs-Kenn-Nr.: siehe Dosenboden.', 'Futtermittelart': 'Alleinfutter', 'manufacturer': 'Nestlé Purina PetCare Deutschland GmbH', 'Herstelleradresse': 'D-53865 Euskirchen', 'Kontaktmöglichkeit': 'www.purina.de', 'Zulassungsnummer': '02 23 83 02', 'Tierart': 'Katze', 'Geschmacksrichtung': 'Rind', 'packaging_type': 'Dose', 'Inhalt': '85 g', 'Eigenschaften': 'Ohne Farbstoffe|Ohne Aromastoffe|Ohne Zusatz von Konservierungsstoffen', 'Fütterungsempfehlung': 'Fütterungsempfehlung: Füttern Sie Ihrer ausgewachsenen Katze (4kg) 2 bis 3 Dosen pro Tag, die auf mindestens 2 bis 3 Mahlzeiten verteilt werden sollten. Diese Richtwerte basieren auf mäβig aktiven Katzen bei normaler Umgebungstemperatur. Individuelle Bedürfnisse können variieren, sodass die Futtermenge entsprechend angepasst werden sollte, um ein schlankes, gesundes Körpergewicht Ihrer Katze zu erhalten. Bitte zimmerwarm servieren. Frisches, sauberes Trinkwasser sollte stets zur Verfügung stehen.', 'Analytische Bestandteile': 'Analytische Bestandteile: Feuchtigkeit: 74%, Protein: 17%, Fettgehalt: 4%, Rohasche: 2%, Rohfaser: 0,5%.', 'Zusammensetzung (Futter)': 'Zusammensetzung: Fleisch und tierische Nebenerzeugnisse (24%, davon 4% Rind), pflanzliche Eiweißextrakte, Fisch und Fischnebenerzeugnisse, pflanzliche Nebenerzeugnisse, Zucker, Mineralstoffe.', 'Zusatzstoffe (Futter)': 'Zusatzstoffe: Ernährungsphysiologische Zusatzstoffe: IE/kg: Vit A: 900; Vit D3: 137; mg/kg: Eisen-(II)-sulfat Monohydrat: (Fe: 10); Calciumjodat, wasserfrei: (I: 0,25); Kupfer-(II)-sulfat Pentahydrat: (Cu: 0,9); Mangansulfat Monohydrat: (Mn: 2,0); Zinksulfat Monohydrat: (Zn: 18,6); Taurin: 560. Aromastoffe.', 'Produkttyp': 'Nassfutter', 'Tiertyp': 'Katze'}"||||Fütterungsempfehlung: Füttern Sie Ihrer ausgewachsenen Katze (4kg) 2 bis 3 Dosen pro Tag, die auf mindestens 2 bis 3 Mahlzeiten verteilt werden sollten. Diese Richtwerte basieren auf mäβig aktiven Katzen bei normaler Umgebungstemperatur. Individuelle Bedürfnisse können variieren, sodass die Futtermenge entsprechend angepasst werden sollte, um ein schlankes, gesundes Körpergewicht Ihrer Katze zu erhalten. Bitte zimmerwarm servieren. Frisches, sauberes Trinkwasser sollte stets zur Verfügung stehen.|||||||Rind|||4.6629|175|628223_1.png|https://static.mueller.de/markant_07613035439665_pv_3204123/pdzoom/purina-gourmet-gold-raffiniertes-ragout-mit-rind.webp|628223_2.png|https://static.mueller.de/markant_07613035439665_pd_3204124/pdzoom/purina-gourmet-gold-raffiniertes-ragout-mit-rind.webp|628223_3.png|https://static.mueller.de/markant_07613035439665_pd_3456666/pdzoom/purina-gourmet-gold-raffiniertes-ragout-mit-rind.webp|628223_4.png|https://static.mueller.de/markant_07613035439665_pd_3549458/pdzoom/purina-gourmet-gold-raffiniertes-ragout-mit-rind.webp||||||||||||||||Nestlé Purina PetCare Deutschland GmbH||||||||||85 g|||True||628223P|||||||||6
628225|mueller||||||||2024-10-28|EBERHARD FABER Buntstift TRI Winner Karton-Etui|EBERHARD FABER||1|Stk.|Home|Schreibwaren|Bastelbedarf|Buntstifte|EBERHARD FABER  Buntstift TRI Winner Karton-Etui|||13,99 €|13,99 €||||||||||||||EUR|Home> Schreibwaren> Bastelbedarf> Buntstifte> EBERHARD FABER  Buntstift TRI Winner Karton-Etui|https://www.mueller.at/p/eberhard-faber-buntstift-tri-winner-karton-etui-628225/|1 Stk.|Die dicken, wasserfesten Tri Winner Buntstifte und der Tri Winner Schreiblernbleistift wurden speziell für Vorschulkinder und Schulanfänger entwickelt. Durch ihre ergonomische Dreikantform fördern sie den Dreifingergriff und ermöglichen ermüdungsfreies Malen und Schreiben. Die Tri Winner Serie ist sowohl für Rechts- als auch für Linkshänder geeignet.||||||||||||||||||||||Non-Organic||||{'scope_of_delivery': '16 TRI Winner Basisfarben,\n2 TRI Winner Sonderfarben gold und silber,\n4 TRI Winner Leuchtfarben und 2 TRI Winner Schreiblernbleistifte - weiß, kadmiumgelb, lasurorange, violett, geraniumrot hell, permanent karmin, magenta hell, beigerot, blauviolett, phthaloblau hell, helioblau rötlich, permanentgrün oliv, lichtgrün, van Dyck braun, caput mortuum, schwarz, gold, silber, neon-gelb, neon-orange, neon-pink, neon-grün + 2 Tri Winner Schreiblernbleistifte', 'manufacturer': 'Eberhard Faber Vertrieb GmbH', 'Herstelleradresse': 'Nürnberger Str. 2, 90546 Stein', 'Inhalt': '1 Stk.', 'Produkttyp': 'Buntstifte'}||||||||||||||5.0|2|628225_1.png|https://static.mueller.de/4087205184243-pv-1/pdzoom/eberhard-faber-buntstift-tri-winner-karton-etui.webp|628225_2.png|https://static.mueller.de/4087205184243-pd-4/pdzoom/eberhard-faber-buntstift-tri-winner-karton-etui.webp|628225_3.png|https://static.mueller.de/4087205184243-pd-6/pdzoom/eberhard-faber-buntstift-tri-winner-karton-etui.webp|628225_4.png|https://static.mueller.de/4087205184243-pd-5/pdzoom/eberhard-faber-buntstift-tri-winner-karton-etui.webp|628225_5.png|https://static.mueller.de/4087205184243-pd-3/pdzoom/eberhard-faber-buntstift-tri-winner-karton-etui.webp|628225_6.png|https://static.mueller.de/4087205184243-pd-2/pdzoom/eberhard-faber-buntstift-tri-winner-karton-etui.webp||||||||||||Eberhard Faber Vertrieb GmbH||||||||||1 Stk.|||True||628225P|||||||||1
628229|mueller||||||||2024-10-28|EBERHARD FABER Plastilin-Knete Winner|EBERHARD FABER||1|Stk.|Home|Schreibwaren|Bastelbedarf|Knete|EBERHARD FABER  Plastilin-Knete Winner|||5,49 €|5,49 €||||||||||||||EUR|Home> Schreibwaren> Bastelbedarf> Knete> EBERHARD FABER  Plastilin-Knete Winner|https://www.mueller.at/p/eberhard-faber-plastilin-knete-winner-628229/|1 Stk.|"Kneten für Fortgeschrittene: Mit Plastilinknete modellieren Kinder und Erwachsene Objekte, die ihre Form lange halten. Weil Plastilin eine geschmeidige Konsistenz hat, lassen sich unterschiedlich gefärbte Kneten auch mischen. Weiter verfeinern kann man die Knetergebnisse mit Modellierwerkzeugen und Ausstechformen. Basteln mit Plastilinknete macht Freude und ist gut für die Entwicklung: Weil es die Fantasie anregt und die Bewegungskoordination fördert. Die Knete bleibt immer weich und formbar.Bewährte Basisknete für Kinder.
Ideal für farbiges Modellieren.
Bleibt weich und formstabil.
Farben sind mischbar."||||||||||||||||||||||Non-Organic||||{'scope_of_delivery': 'Kunststoffbox mit 14 Stangen - In 7 Farben: weiß, kadmiumgelb, kadmiumorange, geraniumrot hell, phthaloblau hell, permanentgrün oliv, schwarz', 'manufacturer': 'Eberhard Faber Vertrieb GmbH', 'Herstelleradresse': 'Nürnberger Str. 2, 90546 Stein', 'Farbe': 'mehrfarbig', 'Inhalt': '1 Stk.', 'Produkttyp': 'Knete'}||||||mehrfarbig||||||||0|0|628229_1.png|https://static.mueller.de/pdzoom/4087205720106-pv.webp|628229_2.png|https://static.mueller.de/4087205720106-pd-2/pdzoom/eberhard-faber-plastilin-knete-winner.webp|628229_3.png|https://static.mueller.de/4087205720106-pd-1/pdzoom/eberhard-faber-plastilin-knete-winner.webp|628229_4.png|https://static.mueller.de/4087205720106-pd-3/pdzoom/eberhard-faber-plastilin-knete-winner.webp||||||||||||||||Eberhard Faber Vertrieb GmbH||||||||||1 Stk.|||True||628229P|||||||||10
2233581|mueller||||||||2024-10-28|Rosenrot|||1|Stk.|Home|Multi-Media|Musik|Rock|Rosenrot|||44,99 €|44,99 €||||||||||||||EUR|Home> Multi-Media> Musik> Rock> Rosenrot|https://www.mueller.at/p/rosenrot-2233581/|1 Stk.|||||||||||||||||||||||Non-Organic||||{'medium': 'LP (analog)', 'Künstler': 'Rammstein', 'Inhalt': '1 Stk.', 'Anzahl Medien im Artikel': '2', 'genre': 'Rock deutschsprachig', 'Label': 'Vertigo Be'}||||||||||||||0|0|2233581_1.png|https://static.mueller.de/pdzoom/phononet_0602527296753_pv_0602527296753-0600px-001.webp||||||||||||||||||||||||||||||||1 Stk.|||True||2233581P|||||||||5
378667|mueller||||||||2024-10-28|Märklin 36712 Start up - Hochgeschwindigkeitszug ICE 2. (402 DB)|MÄRKLIN||1|Stk.|Home|Spielwaren|Modellbau & Modelleisenbahn|Modelleisenbahn|Züge|Märklin 36712 Start up - Hochgeschwindigkeitszug ICE 2. (402 DB)||249,99 €|249,99 €|249,99 €|225,00 €||||10%|Sie sparen 10%|||||||EUR|Home> Spielwaren> Modellbau & Modelleisenbahn> Modelleisenbahn> Züge> Märklin 36712 Start up - Hochgeschwindigkeitszug ICE 2. (402 DB)|https://www.mueller.at/p/maerklin-36712-start-up-hochgeschwindigkeitszug-ice-2-402-db-378667/|1 Stk.|"Hochgeschwindigkeitszug ICE 2. (402 DB)Spur: H0  Epoche: V  
 
Vorbild: InterCity Express Baureihe 402 der Deutschen Bahn AG (DB AG). Vierteiliger Zug: Triebkopf, Großraumwagen 1. Klasse, Bord Restaurant und Steuerwagen 2. Klasse.
 
Modell: Triebkopf mit Digital-Decoder und seriell schaltbaren Geräuschfunktionen. Spezialmotor. 2 Achsen angetrieben, Haftreifen. Spitzensignal konventionell in Betrieb, digital am Triebkopf schaltbar (Steuerwagen immer an). Dachstromabnehmer mechanisch funktionsfähig. Zuglänge 102,7 cm."||||||||6 Jahre||||||||||||||Non-Organic||||"{'Bahnverwaltung Modelleisenbahn': 'DB AG - Deutsche Bahn seit 1.1.1994', 'target_group': 'Grundschüler|Erwachsene|Jugendliche', 'Artikelnummer des Herstellers': '36712', 'license': 'Märklin - Spur H0 - Lokomotiven - Triebwagen', 'Altersempfehlung ab': '6 Jahre', 'Altersempfehlung bis': '99 Jahre', 'Inhalt': '1 Stk.', 'Produkttyp': 'Züge und Zugpackungen', 'verschluckbare Magnete': 'Nein'}"||||||||||||||0|0|378667_1.png|https://static.mueller.de/323155359-PB-0/pdzoom/maerklin-36712-start-up-hochgeschwindigkeitszug-ice-2-402-db.webp||||||||||||||||||||||36712||||||||||1 Stk.|||False||378667P|||||||||1
628234|mueller||||||||2024-10-28|LAMY Feinminen M44 6 Stück|LAMY||1|Stk.|Home|Schreibwaren|Schreibgeräte|Bleistifte|LAMY Feinminen M44 6 Stück|||2,20 €|2,20 €||||||||||||||EUR|Home> Schreibwaren> Schreibgeräte> Bleistifte> LAMY Feinminen M44 6 Stück|https://www.mueller.at/p/lamy-feinminen-m44-6-stueck-628234/|1 Stk.|Die Bleistiftmine B mit einer Minenstärke von 1,4 mm eignet sich für den LAMY abc-Bleistift.||||||||||||||||||||||Non-Organic||||{'scope_of_delivery': '6 Feinminen', 'manufacturer': 'C. Josef Lamy GmbH', 'Herstelleradresse': 'Grenzhöfer Weg 32, 69123 Heidelberg', 'Kontaktmöglichkeit': 'info@lamy.de', 'Inhalt': '1 Stk.', 'Produkttyp': 'Bleistifte'}||||||||||||||0|0|628234_1.png|https://static.mueller.de/5870714671-PV-0/pdzoom/lamy-feinminen-m44-6-stueck.webp||||||||||||||||||||||C. Josef Lamy GmbH||||||||||1 Stk.|||True||628234P|||||||||10
100379|mueller||||||||2024-10-28|The Vampire Diaries - Staffel 3 [5 DVDs]|||1|Stk.|Home|Multi-Media|Filme & TV|Science Fiction & Fantasy|The Vampire Diaries - Staffel 3  [5 DVDs]|||12,99 €|12,99 €||||||||||||||EUR|Home> Multi-Media> Filme & TV> Science Fiction & Fantasy> The Vampire Diaries - Staffel 3  [5 DVDs]|https://www.mueller.at/p/the-vampire-diaries-staffel-3-5-dvds-100379/|1 Stk.|"Die düsteren, grüblerischen, von Blutdurst und Romantik geprägten „Vampire Diaries“ starteten als erfolgreiche Romanserie von L.J. Smith. Mittlerweile ist die Serie mit den attraktiven und sexy Jungstars auch im Zug der Vampirbegeisterung durch „Twilight“ ein enormer Fernsehhit. In Staffel neun dreht sich alles um Elenas 18. Geburtstag. Doch Elena will lieber den verschwundenen Stefan finden. Und dann ist da auch noch Urvampir Klaus, vor dem es Elena zu beschützen gilt.

Episoden:
Disc 1:
01 Geburtstag
02 Der Hybrid
03 Die dunklen Jahre
04 Stefans Geheimnis
05 Die Abrechnung

Disc 2:
06 Smells Like Teen Spirit
07 Geisterwelt
08 Die Ur-Familie
09 Die Homecoming-Party
10 Der neue Deal

Disc 3:
11 Der Bluff
12 Die Bande des Schmerzes
13 Der verschlossene Sarg
14 Gefährliche Liebschaften
15 All meine Kinder

Disc 4:
16 1912
17 Alter Ego
18 Tödliche Blutlinie
19 Ein Herz von Finsternis
20 Der Vampirjäger

Disc 5:
21 Vor Sonnenuntergang
22 Die Verstorbenen"||||||||||||||||||||||Non-Organic||||"{'medium': 'DVD', 'Untertitel': 'Griechisch,Polnisch,Portugiesisch,Türkisch', 'manufacturer': 'Warner Bros (Universal Pictures)', 'Bildformat': '16:9', 'Zusatzinfos / Bonusmaterial beim Film dabei': 'Stefans Abstieg in die Dunkelheit;\nDie Original-Vampire: Der Anfang;\nVerpatzte Szenen;\nNicht verwendete Szenen;', 'Inhalt': '1 Stk.', 'Laufzeit in min (gesamt)': '899', 'Produktionsjahr': '2011', 'Produktionsland': 'USA', 'Regisseur': 'Marcos Siega,John Behring', 'Schauspieler': 'Nina Dobrev,Paul Wesley,Ian Somerhalder,Steven R. McQueen,Katerina Graham,Sara Canning,Candice Accola,Zach Roerig,Kayla Ewell,Michael Trevino', 'Special Edition': 'Nein', 'Tonformat-Sprache': 'Deutsch,Polnisch,Englisch', 'Untertitel für Gehörlose': 'Deutsch,Englisch', 'packaging_type': 'Softbox', 'Hauptgenre': 'TV-Serie|Fantasy|Vampirfilm'}"||||||||||||||0|0|100379_1.png|https://static.mueller.de/videojakob_5051890203274_pv_409228/pdzoom/the-vampire-diaries-staffel-3-5-dvds.webp|100379_2.png|https://static.mueller.de/pdzoom/videojakob_5051890203274_pr_409228-back.webp|100379_3.png|https://static.mueller.de/videojakob_5051890203274_pd_66659903/pdzoom/the-vampire-diaries-staffel-3-5-dvds.webp|100379_4.png|https://static.mueller.de/videojakob_5051890203274_pd_66661419/pdzoom/the-vampire-diaries-staffel-3-5-dvds.webp|100379_5.png|https://static.mueller.de/videojakob_5051890203274_pd_66662684/pdzoom/the-vampire-diaries-staffel-3-5-dvds.webp|100379_6.png|https://static.mueller.de/videojakob_5051890203274_pd_66664263/pdzoom/the-vampire-diaries-staffel-3-5-dvds.webp||||||||||||Warner Bros (Universal Pictures)||||||||||1 Stk.|||True||100379P|||||||||5
2101701|mueller||||||||2024-10-28|The Flash - Die komplette 2. Staffel [6 DVDs]|||1|Stk.|Home|Multi-Media|Filme & TV|Action & Abenteuer|The Flash - Die komplette 2. Staffel  [6 DVDs]|||12,99 €|12,99 €||||||||||||||EUR|Home> Multi-Media> Filme & TV> Action & Abenteuer> The Flash - Die komplette 2. Staffel  [6 DVDs]|https://www.mueller.at/p/the-flash-die-komplette-2-staffel-6-dvds-2101701/|1 Stk.|"Letztes Jahr explodierte der S.T.A.R. Labs Teilchenbeschleuniger, wodurch ein Sturm dunkler Materie entstand, von dem Forensiker Barry Allen getroffen wurde. So erhielt er seine Supergeschwindigkeit und wurde zum schnellsten Mann der Welt. Aber Barry war nicht der Einzige, der in dieser Nacht Superfähigkeiten erhielt. Die dunkle Materie hat Metamenschen geschaffen, die die Stadt ins Chaos reißen. Mit dem S.T.A.R. Labs Team Caitlin Snow, Cisco Ramon und Dr. Harrison Wells schützt Barry die Central-City-Einwohner vor diesen Bedrohungen als Flash. Nach der Niederlage von Allens Erzfeind Eobard Thawne muss das Team Flash seine Aufmerksamkeit der Singularität zuwenden, die über Central City wirbelt und alles vernichtet. Mit dem Herzen eines Helden und der Fähigkeit, sich mit rasanter Geschwindigkeit zu bewegen, rast Barry in das Auge der Singularität. Aber kann er seine Stadt vor dem drohenden Untergang bewahren?


Episoden:
01 Der Retter von Central City
02 Zwei Welten
03 Familie der Schurken
04 Ein würdiger Nachfolger
05 Ein Licht in der Dunkelheit
06 Zoom
07 Grodds Rückkehr
08A Legenden der Gegenwart
08B Legenden der Vergangenheit
09 Trio Infernal
10 Die Macht der Langsamkeit
11 Gefahr aus der Zukunft
12 Rausch der Geschwindigkeit
13 Willkommen auf Erde-2
14 Flucht von Erde-2
15 King Shark
16 Überdosis
17 Zeitphantom
18 Zoom schlägt zurück
19 Held ohne Kräfte
20 Hologramm
21 In der Speed Force
22 Unbesiegbar
23 Rennen des Schicksals"||||||||||||||||||||||Non-Organic||||"{'medium': 'DVD', 'Untertitel': 'Französisch,Holländisch,Portugiesisch', 'manufacturer': 'Warner Bros (Universal Pictures)', 'Bildformat': '16:9', 'Zusatzinfos / Bonusmaterial beim Film dabei': 'Die vielen Gesichter von Zoom und die Reise von Kevin Smith; \nArrow Crossover-Event mit 2 Specials;\nThe Flash: Die visuellen Effekte;\nThe Flash: Auf der Comic-Con 2015;\nNicht verwendete Szenen;', 'Inhalt': '1 Stk.', 'Laufzeit in min (gesamt)': '980', 'Produktionsjahr': '2015', 'Produktionsland': 'USA', 'Schauspieler': 'Grant Gustin,Candice Patton,Danielle Panabaker,Carlos Valdes,Keiynan Lonsdale,Tom Cavanagh,Jesse Martin', 'Special Edition': 'Nein', 'Tonformat-Sprache': 'Deutsch,Französisch,Italienisch,Englisch', 'Untertitel für Gehörlose': 'Deutsch,Englisch,Italienisch', 'packaging_type': 'Softbox', 'Hauptgenre': 'TV-Serie|Science Fiction|Action'}"||||||||||||||0|0|2101701_1.png|https://static.mueller.de/videojakob_5051890306500_pv_497250/pdzoom/the-flash-die-komplette-2-staffel-6-dvds.webp|2101701_2.png|https://static.mueller.de/pdzoom/videojakob_5051890306500_pr_497250-back.webp|2101701_3.png|https://static.mueller.de/videojakob_5051890306500_pd_66651624/pdzoom/the-flash-die-komplette-2-staffel-6-dvds.webp|2101701_4.png|https://static.mueller.de/videojakob_5051890306500_pd_66652030/pdzoom/the-flash-die-komplette-2-staffel-6-dvds.webp|2101701_5.png|https://static.mueller.de/videojakob_5051890306500_pd_66652436/pdzoom/the-flash-die-komplette-2-staffel-6-dvds.webp|2101701_6.png|https://static.mueller.de/videojakob_5051890306500_pd_66652874/pdzoom/the-flash-die-komplette-2-staffel-6-dvds.webp||||||||||||Warner Bros (Universal Pictures)||||||||||1 Stk.|||True||2101701P|||||||||5
114997|mueller||||||||2024-10-28|Physical Graffiti (2014 Reissue) 180GR.|||1|Stk.|Home|Multi-Media|Musik|Rock|Physical Graffiti (2014 Reissue) 180GR.|||34,99 €|34,99 €||||||||||||||EUR|Home> Multi-Media> Musik> Rock> Physical Graffiti (2014 Reissue) 180GR.|https://www.mueller.at/p/physical-graffiti-2014-reissue-180gr-114997/|1 Stk.|||||||||||||||||||||||Non-Organic||||{'medium': 'LP (analog)', 'Künstler': 'Led Zeppelin', 'Inhalt': '1 Stk.', 'Anzahl Medien im Artikel': '2', 'genre': 'Rock international', 'Label': 'Rhino'}||||||||||||||0|0|114997_1.png|https://static.mueller.de/pdzoom/phononet_0081227965785_pv_0081227965785-0600px-001.webp|114997_2.png|https://static.mueller.de/pdzoom/phononet_0081227965785_pr_0081227965785-0600px-002.webp|114997_3.png|https://static.mueller.de/446714455-PR-1/pdzoom/physical-graffiti-2014-reissue-180gr.webp||||||||||||||||||||||||||||1 Stk.|||True||114997P|||||||||5
770884|mueller||||||||2024-10-28|Bensdorp Nougat Krokant|BENSDORP||300|g|Home|Drogerie|Lebensmittel|Süßigkeiten|Schokolade|Bensdorp Nougat Krokant||2,95 €|2,95 €|||||||||||9,83 € / 1 kg|||EUR|Home> Drogerie> Lebensmittel> Süßigkeiten> Schokolade> Bensdorp Nougat Krokant|https://www.mueller.at/p/bensdorp-nougat-krokant-770884/|300 g|Nougat Krokant von Bensdorp. ||Kühl und trocken lagern, vor Wärme schützen.||||Kann enthalten: Weizen und andere Nüsse|||||{'Nährwerte je': '100 g', 'Brennwert': '2443 kj / 587 kcal', 'Fett in g': '39', '- davon gesättigte Fettsäuren in g': '19', 'Kohlenhydrate in g': '52', '- davon Zucker in g': '51', 'Eiweiß in g': '4,9', 'Salz in g': '0,14'}|||||||||||Non-Organic||||{'Lagerhinweis': 'Kühl und trocken lagern,  vor Wärme schützen.', 'manufacturer': 'Mondelez Österreich GmbH', 'Herstelleradresse': 'Schönbrunner Straße 297-307, 1120 Wien', 'Kontaktmöglichkeit': 'www.mondelezinternational.com', 'Allergenhinweis': 'Kann enthalten: Weizen und andere Nüsse', 'Inhalt': '300 g', 'Zutaten': 'Zucker, Palmöl, HASELNÜSSE (9,5 %), Kakaobutter, MagerMILCHpulver,  Kakaomasse, BUTTERREINFETT, SüssMOLKENpulver (aus MILCH), Emulgator (SOJAlecithine), Aromen (enthalten MILCH).Kann enthalten: Weizen und andere Nüsse', 'Produkttyp': 'Schokoladenartikel'}||||||||||||||5.0|1|770884_1.png|https://static.mueller.de/pdzoom/9010001043112.webp||||||||||||||||||||||Mondelez Österreich GmbH||||||||||300 g|||True||770884P|||||||||5
2449140|mueller||||||||2024-10-28|NAJ-OLEARI Bright Potion Highlighter|NAJ-OLEARI||17|ml|Home|Parfümerie|Make-up|Teint|Highlighter|NAJ-OLEARI Bright Potion Highlighter||24,95 €|24,95 €|||||||||||1 467,65 € / 1 l|||EUR|Home> Parfümerie> Make-up> Teint> Highlighter> NAJ-OLEARI Bright Potion Highlighter|https://www.mueller.at/p/naj-oleari-bright-potion-highlighter-7118655620/|17 ml|Bringt Ihre Haut sofort zum Strahlen - Highlighter. Ein strahlendes Elixier, das Ihre Haut augenblicklich und langanhaltend zum Strahlen bringt. Die leichte Textur trocknet schnell und ist angenehm auf der Haut, ohne ein klebriges Gefühl. Sphärische Partikel vitalisieren die Haut und bringen sie zum Leuchten. Spezielle Öle mit weichmachenden Inhaltsstoffen sorgen für ein ganz neues Gefühl, während die Wirkstoffe ein strahlendes Ergebnis garantieren, das langanhaltend und wasserfest ist. Durch die hohe Konzentration an metallischen Perlen benötigen Sie nur wenige Tropfen dieses Produkts, die der Haut einen zart schimmernden Glow schenken. Es kann in Kombination mit Creme oder Foundation für einen natürlich strahlenden Teint verwendet werden.||||||||||||||||||||||Non-Organic||||{'scope_of_delivery': '17 ml', 'target_group': 'Damen', 'manufacturer': 'Martimex d.o.o. Zagreb', 'Herstelleradresse': 'Cebini 37, Buzin, 10010 Zagreb', 'Anwendungshinweis': 'Auf saubere Haut auftragen.', 'package_contents': 'HYDROGENATED DIDECENE, ISODODECANE, HYDROGENATED POLYISOBUTENE, MICA, HYDROGENATED POLYCYCLOPENTADIENE, HYDROGENATED STYRENE/ISOPRENE COPOLYMER, TRIETHOXYCAPRYLYLSILANE, 1,2-HEXANEDIOL, CAPRYLYL GLYCOL, PARFUM (FRAGRANCE), LINALOOL, POLYMETHYLSILSESQUIOXANE, GERANIOL, ALPHA-ISOMETHYL IONONE, CITRONELLOL, DIAMOND POWDER. +/- (MAY CONTAIN): CI 77891 (TITANIUM DIOXIDE), CI 77491 (IRON OXIDES).', 'Farbnummer': '2', 'Farbe': 'Gold', 'skin_type': 'alle Hauttypen', 'Inhalt': '17 ml', 'Produktart': 'Highlighter', 'Produkttyp': 'Highlighter'}||||||Gold||||||||3.0|1|2449140_1.png|https://static.mueller.de/7113652859-PV-0/pdzoom/naj-oleari-bright-potion-highlighter.webp|2449140_2.png|https://static.mueller.de/7113652859-PB-2/pdzoom/naj-oleari-bright-potion-highlighter.webp||||||||||||||||||||Martimex d.o.o. Zagreb||||||||||17 ml|HYDROGENATED DIDECENE, ISODODECANE, HYDROGENATED POLYISOBUTENE, MICA, HYDROGENATED POLYCYCLOPENTADIENE, HYDROGENATED STYRENE/ISOPRENE COPOLYMER, TRIETHOXYCAPRYLYLSILANE, 1,2-HEXANEDIOL, CAPRYLYL GLYCOL, PARFUM (FRAGRANCE), LINALOOL, POLYMETHYLSILSESQUIOXANE, GERANIOL, ALPHA-ISOMETHYL IONONE, CITRONELLOL, DIAMOND POWDER. +/- (MAY CONTAIN): CI 77891 (TITANIUM DIOXIDE), CI 77491 (IRON OXIDES).||False||2449140P|||||||||10
2890943|mueller||||||||2024-10-28|Günther Flugmodelle - Air Sport SYNERGY 125 GX Sportlenkdrache|GÜNTHER FLUGSPIELE||1|Stk.|Home|Spielwaren|Sport & Outdoor|Drachen|Günther Flugmodelle -  Air Sport SYNERGY 125 GX Sportlenkdrache|||24,99 €|24,99 €||||||||||||||EUR|Home> Spielwaren> Sport & Outdoor> Drachen> Günther Flugmodelle -  Air Sport SYNERGY 125 GX Sportlenkdrache|https://www.mueller.at/p/guenther-flugmodelle-air-sport-synergy-125-gx-sportlenkdrache-IPN2890943/|1 Stk.|"Drachen ideal für Anfänger
- Flugfertig mit wenigen Handgriffen
- Extrem strapazierfähige Überrollnähte
- Robuste Fiberglasstäbe
- Mit Lenkrollen und Fluganleitung
- Segel aus reißfestem Ripstop-Polyester
Unter der Marke Air Sport™ bietet Günther professionelle Lenkdrachen höchster Qualität. Von Profis entwickelt, besitzen sie hervorragende Flugeigenschaften, die es auch Anfängern leicht machen, Kunstflüge zu erlenen.

Das Modell „SYNERGY 125 GX“ mit seinem farbenfrohen Design ist ein wahrer Hinhucker am Himmel. Der Sportlenkdrache ist durch wenige Handgriffe aufgebaut und sofort flugfertig. Durch die hochwertige Bespannung aus reißfestem Ripstop-Polyester mit extrem strapazierfähigen Überrollnähten und den robusten Fiberglasstäben, fliegen sie stabil und angenehm leise.

Jeder Air Sport™-Lenkdrache wird in einer hochwertigen Polyester-Tasche mit detaillierter Fluganleitung (Pilotenhandbuch) geliefert.

Alter: 10+
Größe: 125 x 54 cm

Material: Ripstop Polyester
Leine: Polyester 2 x 35m / 36 kp
Wind: 25 - 50 km/h"||||||||10 Jahre||||||||||||||Non-Organic||||"{'target_group': 'Jugendliche|Erwachsene', 'Artikelnummer des Herstellers': '1028', 'Altersempfehlung ab': '10 Jahre', 'Inhalt': '1 Stk.', 'Produkttyp': 'Sport und Lenkdrachen'}"||||||||||||||0|0|2890943_1.png|https://static.mueller.de/pdzoom/4001664910281.webp|2890943_2.png|https://static.mueller.de/pdzoom/4001664910281_2.webp||||||||||||||||||||1028||||||||||1 Stk.|||True||2890943P|||||||||10
2890945|mueller||||||||2024-10-28|Günther Flugmodelle - Seilrolle mit 100 Meter Schnur|GÜNTHER FLUGSPIELE||1|Stk.|Home|Spielwaren|Sport & Outdoor|Drachen|Günther Flugmodelle - Seilrolle mit 100 Meter Schnur|||6,99 €|6,99 €||||||||||||||EUR|Home> Spielwaren> Sport & Outdoor> Drachen> Günther Flugmodelle - Seilrolle mit 100 Meter Schnur|https://www.mueller.at/p/guenther-flugmodelle-seilrolle-mit-100-meter-schnur-IPN2890945/|1 Stk.|"Das perfekte Zubehör für Ihren Drachen. Seilrolle mit 100 Meter Schnur. Reißfestigkeit 6 kp.

Verpackt in Karton-Box."||||||||4 Jahre||||||||||||||Non-Organic||||"{'target_group': 'Grundschüler|Jugendliche|Erwachsene', 'Artikelnummer des Herstellers': '1252', 'Altersempfehlung ab': '4 Jahre', 'Inhalt': '1 Stk.', 'Produkttyp': 'Zubehör und Drachenbau'}"||||||||||||||5.0|1|2890945_1.png|https://static.mueller.de/pdzoom/1252_1.webp|2890945_2.png|https://static.mueller.de/pdzoom/1252VP.webp|2890945_3.png|https://static.mueller.de/pdzoom/MadeInGermanyvJ1qUt0z4XqDQ.webp||||||||||||||||||1252||||||||||1 Stk.|||True||2890945P|||||||||10
560977|mueller||||||||2024-10-28|WEDO® Brieföffner mit Softgriff|WEDO||1|Stk.|Home|Schreibwaren|Bastelbedarf|Scheren & Schneidegeräte|WEDO® Brieföffner mit Softgriff|||3,99 €|3,99 €||||||||||||||EUR|Home> Schreibwaren> Bastelbedarf> Scheren & Schneidegeräte> WEDO® Brieföffner mit Softgriff|https://www.mueller.at/p/wedo-briefoeffner-mit-softgriff-560977/|1 Stk.|"WEDO® Brieföffner mit Soft-Griff (blau/schwarz) und Edelstahlklinge:
- Länge: 23 cm
- gerade Form
Durch den gummierten Soft-Griff liegt er gut in der Hand und verfügt über eine rostfreie Klinge (13,8 cm) aus Edelstahl.
Die abgestimmten Grifffarben in Blau/Schwarz passen zu den WEDO-Softgrip-Cuttern und Soft-Cut-Scheren und bilden eine tolle Abrundung der Softgrip-Serie."||||||||||||||||||||||Non-Organic||||{'scope_of_delivery': '1', 'Inhalt': '1 Stk.', 'Produkttyp': 'Schneidegeräte'}||||||||||||||0|0|560977_1.png|https://static.mueller.de/6116300574-PV-0/pdzoom/wedo-briefoeffner-mit-softgriff.webp||||||||||||||||||||||||||||||||1 Stk.|||True||560977P|||||||||20
521327|mueller||||||||2024-10-28|WMF Streuer-Set 4-teilig Depot|WMF||1|Stk.|Home|Haushalt|Kochen & Backen|Zubereiten|Gewürzmühlen & Streuer|WMF Streuer-Set 4-teilig Depot||43,99 €|43,99 €||||||||||||||EUR|Home> Haushalt> Kochen & Backen> Zubereiten> Gewürzmühlen & Streuer> WMF Streuer-Set 4-teilig Depot|https://www.mueller.at/p/wmf-streuer-set-4-teilig-depot-521327/|1 Stk.|Das 4-teilige Streuer-Set Depot von WMF besteht aus 1x Gewürzdose und 3x Gewürzstreuer mit den Einsätzen grob, fein und universal. Die Streuer sind aus Cromargan® Edelstahl rostfrei 18/10 poliert und WMF Glas hergestellt, wodurch der Inhalt sichtbar ist.||||||||||||||||||||||Non-Organic||||{'scope_of_delivery': '1x Gewürzdose, 3x Gewürzstreuer (grob, fein, universal)', 'Pflegehinweis': 'spülmaschinengeeignet', 'manufacturer': 'WMF GmbH', 'Herstelleradresse': 'WMF Platz 1 ,73309 Geislingen', 'Inhalt': '1 Stk.', 'Produktlinie': 'Depot'}||||||||||||||0|0|521327_1.png|https://static.mueller.de/5514515974-PV-0/pdzoom/wmf-streuer-set-4-teilig-depot.webp|521327_2.png|https://static.mueller.de/5476790237-VV-1/pdzoom/wmf-streuer-set-4-teilig-depot.webp|521327_3.png|https://static.mueller.de/5476790237-PB-2/pdzoom/wmf-streuer-set-4-teilig-depot.webp|521327_4.png|https://static.mueller.de/5476790237-PB-3/pdzoom/wmf-streuer-set-4-teilig-depot.webp|521327_5.png|https://static.mueller.de/5476790237-PB-4/pdzoom/wmf-streuer-set-4-teilig-depot.webp||||||||spülmaschinengeeignet||||||WMF GmbH||||||||||1 Stk.|||False||521327P|||||||||1
560984|mueller||||||||2024-10-28|DR. GRANDEL Nourishing Cream|DR. GRANDEL||50|ml|Home|Naturshop|Pflege|Gesichtspflege|Nachtpflege|DR. GRANDEL Nourishing Cream||86,90 €|86,90 €|||||||||||1 738,00 € / 1 l|||EUR|Home> Naturshop> Pflege> Gesichtspflege> Nachtpflege> DR. GRANDEL Nourishing Cream|https://www.mueller.at/p/dr-grandel-nourishing-cream-560984/|50 ml|"Die besonders reichhaltige Nourishing Cream wurde als Wasser-in-Öl-Formulierung speziell für die anspruchsvolle Haut entwickelt. Sie nährt die Haut und verleiht ihr ein umgehend samtig-weiches Hautgefühl. Die Wirkstoff-Kombination aus Buchenknospen-Extrakt und Ceramiden glättet Linien und Fältchen, verbessert die Zellerneuerung und gibt der Haut ihre jugendliche Strahlkraft zurück.
TIMELESS, zeitlos schön."||||||||||||||||||||||Non-Organic||||{'target_group': 'Damen', 'manufacturer': 'DR. GRANDEL GmbH', 'Herstelleradresse': 'Pfladergasse 7-13, 86150 Augsburg', 'Kontaktmöglichkeit': 'info@grandel.de', 'Anwendungshinweis': 'Morgens und abends nach der Reinigung auf die Haut von Gesicht, Hals und Dekolleté auftragen.', 'package_contents': 'Aqua (Water), Caprylic/Capric Triglyceride, Oleyl Erucate, Glycerin, Orbignya Oleifera Seed Oil, Glycine Soja (Soybean) Oil, Butyrospermum Parkii (Shea) Butter, Polyglyceryl-3-Beeswax, Zea Mays (Corn) Germ Oil, Hydrogenated Castor Oil, Sorbitan Oleate, Polyglyceryl-3 Ricinoleate, Glycine Soja (Soybean) Seed Extract, Magnesium Sulfate, Butylene Glycol, Fagus Sylvatica Bud Extract, Triticum Vulgare (Wheat) Germ Oil, Lupinus Albus Seed Oil, Avena Sativa (Oat) Kernel Extract, Triticum Vulgare (Wheat) Germ Oil Unsaponifiables, Carbomer, Sodium Lactate, Coco-Glucoside, Lecithin, Citric Acid, Ceramide NG, Tocopherol, Ascorbyl Palmitate, Hydrogenated Palm Glycerides Citrate, Palmitoyl Tripeptide-1, Palmitoyl Tetrapeptide-7, Sodium Benzoate, Potassium Sorbate, Benzoic Acid, Benzyl Alcohol, Coumarin, Alpha-Isomethyl Ionone, Limonene, Linalool, Citronellol, Geraniol, Parfum (Fragrance)', 'skin_type': 'trockene Haut', 'Inhalt': '50 ml', 'scope_of_application': 'Nachtpflege', 'Produkttyp': 'Creme'}||||||||||||||0|0|560984_1.png|https://static.mueller.de/6269044140-PV-0/pdzoom/dr-grandel-nourishing-cream.webp||||||||||||||||||||||DR. GRANDEL GmbH||||||||||50 ml|Aqua (Water), Caprylic/Capric Triglyceride, Oleyl Erucate, Glycerin, Orbignya Oleifera Seed Oil, Glycine Soja (Soybean) Oil, Butyrospermum Parkii (Shea) Butter, Polyglyceryl-3-Beeswax, Zea Mays (Corn) Germ Oil, Hydrogenated Castor Oil, Sorbitan Oleate, Polyglyceryl-3 Ricinoleate, Glycine Soja (Soybean) Seed Extract, Magnesium Sulfate, Butylene Glycol, Fagus Sylvatica Bud Extract, Triticum Vulgare (Wheat) Germ Oil, Lupinus Albus Seed Oil, Avena Sativa (Oat) Kernel Extract, Triticum Vulgare (Wheat) Germ Oil Unsaponifiables, Carbomer, Sodium Lactate, Coco-Glucoside, Lecithin, Citric Acid, Ceramide NG, Tocopherol, Ascorbyl Palmitate, Hydrogenated Palm Glycerides Citrate, Palmitoyl Tripeptide-1, Palmitoyl Tetrapeptide-7, Sodium Benzoate, Potassium Sorbate, Benzoic Acid, Benzyl Alcohol, Coumarin, Alpha-Isomethyl Ionone, Limonene, Linalool, Citronellol, Geraniol, Parfum (Fragrance)||True||560984P|||||||||6
535985|mueller||||||||2024-10-28|L'ORÉAL PARIS Mascara Volume Million Lashes So Couture|L'ORÉAL PARIS||9.4|ml|Home|Parfümerie|Make-up|Augen|Mascara|L'ORÉAL PARIS Mascara Volume Million Lashes So Couture||12,99 €|12,99 €||||||||||||||EUR|Home> Parfümerie> Make-up> Augen> Mascara> L'ORÉAL PARIS Mascara Volume Million Lashes So Couture|https://www.mueller.at/p/loreal-paris-mascara-volume-million-lashes-so-couture-535985/|9.4 ml|Mit dem innovativen „Wimpern-Multiplizier-System“ der Volume Million Lashes Mascara von L‘Oréal Paris millionisieren Sie Ihre Wimpern. Die Elastomer-Bürste, mit ihren unterschiedlich langen Borsten, umzieht selbst kurze und feine Wimpern großzügig mit Textur und verdichtet sie zusätzlich. Die ultra-seidige Volumen-Formel verleiht intensives Volumen und pure Eleganz ohne Verklumpen. Die präzise Couture-Bürste trennt und definiert zusätzlich jede Wimper - so elegant, so Couture. Dank des Überschuss-Abstreifers ist die Textur auf dem Bürstchen bei jeder Anwendung optimal dosiert. So sorgt die L‘Oréal Paris Volume Million Lashes für optimalen Ausdruck und Volumen. Wimper wirken bis zu 3x voluminöserWimpern für einen atemberaubenden Augenaufschlag und optisch dichtere WimpernDie Elastometer-Bürste, mit einer Vielzahl von unterschiedlich langen Borsten, umzieht selbst kurze und feine Wimpern und verdichtet sie zusätzlichAbstreif-Technologie der Mascara ermöglicht ideale Textur Dosierungkein Verklumpen - Augenmakeup für klare Definition||||||||||||||||||||||Non-Organic||||"{'Effekt': 'Volumen', 'target_group': 'Damen', 'manufacturer': ""L'Oréal Deutschland GmbH"", 'Herstelleradresse': 'TSA 75000 93684 ST OUEN CEDEX FR', 'Anwendungshinweis': 'Die oberen und unteren Wimpern in Zick-Zack- Bewegungen tuschen.', 'package_contents': 'AQUA / WATER • PROPYLENE GLYCOL • STYRENE/ACRYLATES/AMMONIUM METHACRYLATE COPOLYMER • POLYURETHANE-35 • CERA ALBA / BEESWAX • GLYCERYL STEARATE • SYNTHETIC FLUORPHLOGOPITE • CETYL ALCOHOL • PEG-200 GLYCERYL STEARATE • ETHYLENEDIAMINE/STEARYL DIMER DILINOLEATE COPOLYMER • COPERNICIA CERIFERA CERA / CARNAUBA WAX • STEARIC ACID • PALMITIC ACID • ETHYLENE/VA COPOLYMER • CAPRYLYL GLYCOL • ALCOHOL DENAT. • PARAFFIN • AMINOMETHYL PROPANEDIOL • PHENOXYETHANOL • GLYCERIN • HYDROXYETHYLCELLULOSE • BUTYLENE GLYCOL • METHYLPROPANEDIOL • ARGANIA SPINOSA KERNEL OIL • XANTHAN GUM • CAPRYLIC/CAPRIC TRIGLYCERIDE • SODIUM LAURETH SULFATE • DISODIUM EDTA • MYRISTIC ACID • ARGININE • SERICA POWDER / SILK POWDER • 2-OLEAMIDO-1,3-OCTADECANEDIOL • CAMELLIA OLEIFERA SEED OIL • TETRASODIUM EDTA • PENTAERYTHRITYL TETRA-DI-T-BUTYL HYDROXYHYDROCINNAMATE • POTASSIUM SORBATE • PHENYLPROPANOL • NELUMBO NUCIFERA FLOWER EXTRACT • TOCOPHEROL ● [+/- MAY CONTAIN: CI 77499 / IRON OXIDES]. (F.I.L. Z70043291/3).', 'Farbe': 'Black', 'Inhalt': '9.4 ml', 'scope_of_application': 'Augen', 'Batterien erforderlich': 'Nein', 'Produkttyp': 'Wimperntusche'}"||||||Black||||||||4.4167|12|535985_1.png|https://static.mueller.de/markant_03600522616252_pv_1714865/pdzoom/loreal-paris-mascara-volume-million-lashes-so-couture.webp|535985_2.png|https://static.mueller.de/markant_03600522616252_pd_4916717/pdzoom/loreal-paris-mascara-volume-million-lashes-so-couture.webp|535985_3.png|https://static.mueller.de/markant_03600522616252_pd_1714866/pdzoom/loreal-paris-mascara-volume-million-lashes-so-couture.webp||||||||||||||||||L'Oréal Deutschland GmbH||||||||||9.4 ml|AQUA / WATER • PROPYLENE GLYCOL • STYRENE/ACRYLATES/AMMONIUM METHACRYLATE COPOLYMER • POLYURETHANE-35 • CERA ALBA / BEESWAX • GLYCERYL STEARATE • SYNTHETIC FLUORPHLOGOPITE • CETYL ALCOHOL • PEG-200 GLYCERYL STEARATE • ETHYLENEDIAMINE/STEARYL DIMER DILINOLEATE COPOLYMER • COPERNICIA CERIFERA CERA / CARNAUBA WAX • STEARIC ACID • PALMITIC ACID • ETHYLENE/VA COPOLYMER • CAPRYLYL GLYCOL • ALCOHOL DENAT. • PARAFFIN • AMINOMETHYL PROPANEDIOL • PHENOXYETHANOL • GLYCERIN • HYDROXYETHYLCELLULOSE • BUTYLENE GLYCOL • METHYLPROPANEDIOL • ARGANIA SPINOSA KERNEL OIL • XANTHAN GUM • CAPRYLIC/CAPRIC TRIGLYCERIDE • SODIUM LAURETH SULFATE • DISODIUM EDTA • MYRISTIC ACID • ARGININE • SERICA POWDER / SILK POWDER • 2-OLEAMIDO-1,3-OCTADECANEDIOL • CAMELLIA OLEIFERA SEED OIL • TETRASODIUM EDTA • PENTAERYTHRITYL TETRA-DI-T-BUTYL HYDROXYHYDROCINNAMATE • POTASSIUM SORBATE • PHENYLPROPANOL • NELUMBO NUCIFERA FLOWER EXTRACT • TOCOPHEROL ● [+/- MAY CONTAIN: CI 77499 / IRON OXIDES]. (F.I.L. Z70043291/3).||True||535985P|||||||||10
2233505|mueller||||||||2024-10-28|Pet Bistro Katzennassfutter - Pink Passion Pasta mit Rind|PET BISTRO||100|g|Home|Tiershop|Tiernahrung|Katze|Nassfutter|Pet Bistro Katzennassfutter - Pink Passion Pasta mit Rind||0,40 €|0,40 €|||||||||||4,00 € / 1 kg|||EUR|Home> Tiershop> Tiernahrung> Katze> Nassfutter> Pet Bistro Katzennassfutter - Pink Passion Pasta mit Rind|https://www.mueller.at/p/pet-bistro-katzennassfutter-pink-passion-pasta-mit-rind-2233505/|100 g|"Verwöhnen Sie Ihr Samtpfötchen mit der limitierten Edition von Pet Bistro.

Eine einzigartige Rezeptur. Nur für kurze Zeit."||Trocken lagern und vor Wärme schützen und nicht in der Nähe von scharf riechenden Gegenständen aufbewahren.||||||||||||||||||||Non-Organic||||{'Lagerhinweis': 'Trocken lagern und vor Wärme schützen und nicht in der Nähe von scharf riechenden Gegenständen aufbewahren.', 'Futtermittelart': 'Alleinfutter', 'manufacturer': 'petsway GmbH', 'Herstelleradresse': 'Tich 32a, 48361 Beelen', 'Kontaktmöglichkeit': 'www.mueller.eu', 'Zulassungsnummer': 'NL 113670', 'Geeignet für Lebensphase': 'Adult', 'packaging_type': 'Schale', 'Inhalt': '100 g', 'Eigenschaften': 'Ohne Zuckerzusatz', 'Fütterungsempfehlung': 'Eine ausgewachsene Katze (ca. 4 kg) benötigt eine Schale pro Mahlzeit, 3 Schalen pro Tag. Diese Angaben sind Richtwerte. Der individuelle Bedarf hängt von weiteren Faktoren wie z.B. Alter, Rasse, Aktivität und Haltungsbedingungen ab.', 'Analytische Bestandteile': 'Rohprotein 9,5 %, Fettgehalt 4,5 %, Rohasche 2,0 %, Rohfaser 1,0 %, Feuchtegehalt 78,5 %.', 'Zusammensetzung (Futter)': 'Fleisch und tierische Nebenerzeugnisse (u.a. 4,0 % vom Rind), pflanzliche Nebenerzeugnisse (4,0 % Tomatenmark, 0,4 % Oregano), Bäckereierzeugnisse (4 % gekochte Pasta), Mineralstoffe.', 'Zusatzstoffe (Futter)': 'Ernährungsphysiologische Zusatzstoffe/kg: Vitamin D3 250 IE, Vitamin E 30 mg, Taurin 450 mg, Kupfer (als Kupfer-(II)-sulfat, Pentahydrat) 1 mg, Mangan (als Mangan-(II)-sulfat, Monohydrat) 6 mg, Zinksulfat, Monohydrat 55 mg, Kalziumjodat, wasserfrei 0,8 mg', 'Produkttyp': 'Nassfutter', 'Tiertyp': 'Katze'}||||Eine ausgewachsene Katze (ca. 4 kg) benötigt eine Schale pro Mahlzeit, 3 Schalen pro Tag. Diese Angaben sind Richtwerte. Der individuelle Bedarf hängt von weiteren Faktoren wie z.B. Alter, Rasse, Aktivität und Haltungsbedingungen ab.||||||||||5.0|2|2233505_1.png|https://static.mueller.de/6138802627-PV-0/pdzoom/pet-bistro-katzennassfutter-pink-passion-pasta-mit-rind.webp||||||||||||||||||||||petsway GmbH||||||||||100 g|||True||2233505P|||||Adult||||6
770851|mueller||||||||2024-10-28|Viessmann - Kabel auf Abrollspule, 0,14 mm², blau, 25 m|VIESSMANN||25|m|Home|Spielwaren|Modellbau & Modelleisenbahn|Modelleisenbahn|Zubehör|Viessmann - Kabel auf Abrollspule, 0,14 mm², blau, 25 m||8,19 €|8,19 €|||||||||||0,33 € / 1 m|||EUR|Home> Spielwaren> Modellbau & Modelleisenbahn> Modelleisenbahn> Zubehör> Viessmann - Kabel auf Abrollspule, 0,14 mm², blau, 25 m|https://www.mueller.at/p/viessmann-kabel-auf-abrollspule-0-14-mm-blau-25-m-770851/|25 m|Kabel auf Abrollspule, 0,14 mm², blau, 25 mHochwertige Litze für verlustarme Stromführung und Signalübertragung.||||||||14 Jahre||||||||||||||Non-Organic||||"{'target_group': 'Erwachsene|Jugendliche', 'Artikelnummer des Herstellers': '68613', 'license': 'Viessmann Zubehör', 'Altersempfehlung ab': '14 Jahre', 'Altersempfehlung bis': '99 Jahre', 'Materialdetails': 'Kunststoff', 'Material': 'Kunststoff', 'Inhalt': '25 m', 'Produkttyp': 'Elektrisches Zubehör'}"||||||||Kunststoff||||||5.0|1|770851_1.png|https://static.mueller.de/5293163739-PV-0/pdzoom/viessmann-kabel-auf-abrollspule-0-14-mm-blau-25-m.webp||||||||||||||||||||||68613||||||||||25 m|||True||770851P|||||||||5
770852|mueller||||||||2024-10-28|Viessmann - Kabel auf Abrollspule, 0,14 mm², rot, 25 m|VIESSMANN||25|m|Home|Spielwaren|Modellbau & Modelleisenbahn|Modelleisenbahn|Zubehör|Viessmann - Kabel auf Abrollspule, 0,14 mm², rot, 25 m||8,19 €|8,19 €|||||||||||0,33 € / 1 m|||EUR|Home> Spielwaren> Modellbau & Modelleisenbahn> Modelleisenbahn> Zubehör> Viessmann - Kabel auf Abrollspule, 0,14 mm², rot, 25 m|https://www.mueller.at/p/viessmann-kabel-auf-abrollspule-0-14-mm-rot-25-m-770852/|25 m|Kabel auf Abrollspule, 0,14 mm², rot, 25 mHochwertige Litze für verlustarme Stromführung und Signalübertragung.||||||||14 Jahre||||||||||||||Non-Organic||||"{'target_group': 'Erwachsene|Jugendliche', 'Artikelnummer des Herstellers': '68633', 'license': 'Viessmann Zubehör', 'Altersempfehlung ab': '14 Jahre', 'Altersempfehlung bis': '99 Jahre', 'Materialdetails': 'Kunststoff', 'Material': 'Kunststoff', 'Inhalt': '25 m', 'Produkttyp': 'Elektrisches Zubehör'}"||||||||Kunststoff||||||5.0|1|770852_1.png|https://static.mueller.de/5293163805-PV-0/pdzoom/viessmann-kabel-auf-abrollspule-0-14-mm-rot-25-m.webp||||||||||||||||||||||68633||||||||||25 m|||True||770852P|||||||||2
770853|mueller||||||||2024-10-28|Viessmann - Kabel auf Abrollspule, 0,14 mm², gelb, 25 m|VIESSMANN||25|m|Home|Spielwaren|Modellbau & Modelleisenbahn|Modelleisenbahn|Zubehör|Viessmann - Kabel auf Abrollspule, 0,14 mm², gelb, 25 m||8,19 €|8,19 €|||||||||||0,33 € / 1 m|||EUR|Home> Spielwaren> Modellbau & Modelleisenbahn> Modelleisenbahn> Zubehör> Viessmann - Kabel auf Abrollspule, 0,14 mm², gelb, 25 m|https://www.mueller.at/p/viessmann-kabel-auf-abrollspule-0-14-mm-gelb-25-m-770853/|25 m|Kabel auf Abrollspule, 0,14 mm², gelb, 25 mHochwertige Litze für verlustarme Stromführung und Signalübertragung.||||||||14 Jahre||||||||||||||Non-Organic||||"{'target_group': 'Erwachsene|Jugendliche', 'Artikelnummer des Herstellers': '68643', 'license': 'Viessmann Zubehör', 'Altersempfehlung ab': '14 Jahre', 'Altersempfehlung bis': '99 Jahre', 'Materialdetails': 'Kunststoff', 'Material': 'Kunststoff', 'Inhalt': '25 m', 'Produkttyp': 'Elektrisches Zubehör'}"||||||||Kunststoff||||||0|0|770853_1.png|https://static.mueller.de/5293163806-PV-0/pdzoom/viessmann-kabel-auf-abrollspule-0-14-mm-gelb-25-m.webp||||||||||||||||||||||68643||||||||||25 m|||True||770853P|||||||||5
770854|mueller||||||||2024-10-28|Viessmann - Kabel auf Abrollspule, 0,14 mm², braun, 25 m|VIESSMANN||25|m|Home|Spielwaren|Modellbau & Modelleisenbahn|Modelleisenbahn|Zubehör|Viessmann - Kabel auf Abrollspule, 0,14 mm², braun, 25 m||8,19 €|8,19 €|||||||||||0,33 € / 1 m|||EUR|Home> Spielwaren> Modellbau & Modelleisenbahn> Modelleisenbahn> Zubehör> Viessmann - Kabel auf Abrollspule, 0,14 mm², braun, 25 m|https://www.mueller.at/p/viessmann-kabel-auf-abrollspule-0-14-mm-braun-25-m-770854/|25 m|Kabel auf Abrollspule, 0,14 mm², braun, 25 mHochwertige Litze für verlustarme Stromführung und Signalübertragung.||||||||14 Jahre||||||||||||||Non-Organic||||"{'target_group': 'Erwachsene|Jugendliche', 'Artikelnummer des Herstellers': '68653', 'license': 'Viessmann Zubehör', 'Altersempfehlung ab': '14 Jahre', 'Altersempfehlung bis': '99 Jahre', 'Materialdetails': 'Kunststoff', 'Material': 'Kunststoff', 'Inhalt': '25 m', 'Produkttyp': 'Elektrisches Zubehör'}"||||||||Kunststoff||||||0|0|770854_1.png|https://static.mueller.de/5293163741-PV-0/pdzoom/viessmann-kabel-auf-abrollspule-0-14-mm-braun-25-m.webp||||||||||||||||||||||68653||||||||||25 m|||True||770854P|||||||||6
22671|mueller||||||||2024-10-28|HERMA Verstärkungsringe selbstklebend auf Rolle Ø 12 mm weiß 500 Stück|HERMA||500|Stk.|Home|Schreibwaren|Büro|Bürobedarf|Bürokleinteile|HERMA Verstärkungsringe selbstklebend auf Rolle Ø 12 mm weiß 500 Stück||1,09 €|1,09 €|||||||||||0,22 € / 100 Stk.|||EUR|Home> Schreibwaren> Büro> Bürobedarf> Bürokleinteile> HERMA Verstärkungsringe selbstklebend auf Rolle Ø 12 mm weiß 500 Stück|https://www.mueller.at/p/herma-verstaerkungsringe-selbstklebend-auf-rolle-12-mm-weiss-500-stueck-22671/|500 Stk.|"Selbstklebende Lochverstärkungsringe aus reißfester Kunststoff-Folie zum Reparieren ausgerissener Lochungen
· Außendurchmesser: 12 mm
· Im praktischen Kartonspender"||||||||||||||||||||||Non-Organic||||{'Inhalt': '500 Stk.', 'Produkttyp': 'Bürokleinteile'}||||||||||||||4.5|2|22671_1.png|https://static.mueller.de/6486200611-PV-0/pdzoom/herma-verstaerkungsringe-selbstklebend-auf-rolle-12-mm-weiss-500-stueck.webp||||||||||||||||||||||||||||||||500 Stk.|||True||22671P|||||||||30
22672|mueller||||||||2024-10-28|HERMA Verstärkungsringe selbstklebend auf Rolle Ø 12 mm transparent 500 Stück|HERMA||500|Stk.|Home|Schreibwaren|Büro|Bürobedarf|Bürokleinteile|HERMA Verstärkungsringe selbstklebend auf Rolle Ø 12 mm transparent 500 Stück||1,09 €|1,09 €|||||||||||0,22 € / 100 Stk.|||EUR|Home> Schreibwaren> Büro> Bürobedarf> Bürokleinteile> HERMA Verstärkungsringe selbstklebend auf Rolle Ø 12 mm transparent 500 Stück|https://www.mueller.at/p/herma-verstaerkungsringe-selbstklebend-auf-rolle-12-mm-transparent-500-stueck-22672/|500 Stk.|"Selbstklebende Lochverstärkungsringe aus reißfester Kunststoff-Folie zum Reparieren ausgerissener Lochungen
· Außendurchmesser: 12 mm
· Im praktischen Kartonspender"||||||||||||||||||||||Non-Organic||||{'Inhalt': '500 Stk.', 'Produkttyp': 'Bürokleinteile'}||||||||||||||0|0|22672_1.png|https://static.mueller.de/6486200643-PV-0/pdzoom/herma-verstaerkungsringe-selbstklebend-auf-rolle-12-mm-transparent-500-stueck.webp||||||||||||||||||||||||||||||||500 Stk.|||True||22672P|||||||||30
770844|mueller||||||||2024-10-28|Viessmann 6362 - H0 Bahnhofsleuchte Wallau, LED weiß|VIESSMANN||1|Stk.|Home|Spielwaren|Modellbau & Modelleisenbahn|Modelleisenbahn|Häuser & Bahnhöfe|Viessmann 6362 - H0 Bahnhofsleuchte Wallau, LED weiß||20,99 €|20,99 €||||||||||||||EUR|Home> Spielwaren> Modellbau & Modelleisenbahn> Modelleisenbahn> Häuser & Bahnhöfe> Viessmann 6362 - H0 Bahnhofsleuchte Wallau, LED weiß|https://www.mueller.at/p/viessmann-6362-h0-bahnhofsleuchte-wallau-led-weiss-770844/|1 Stk.|Mit Patentsteckfuß für eine besonders einfache Montage. Wartungsfrei dank LED-Beleuchtung. Das Vorbild dieser Leuchte steht u. a. im nordhessischen Wallau. Diese Bahnhofsleuchte mit dem feinen Messingmast und dem Schirm einer Peitschenleuchte eignet sich zur Beleuchtung von Bahnsteigen und den übrigen Bahnanlagen ab der späten Epoche III. Höhe: 123 mm. TIPP: Das Powermodul Art. 5215 sorgt für flackerfreies Licht beim Betrieb mit Wechselstrom und erzeugt nahezu doppelte Helligkeit.||||||||14 Jahre||||||||||||||Non-Organic||||"{'target_group': 'Erwachsene|Jugendliche', 'Artikelnummer des Herstellers': '6362', 'license': 'Viessmann Spur H0 LED-Leuchten', 'Altersempfehlung ab': '14 Jahre', 'Inhalt': '1 Stk.', 'Produkttyp': 'Sonstige bahntechnische Bauten'}"||||||||||||||0|0|770844_1.png|https://static.mueller.de/421235261-PV-0/pdzoom/viessmann-6362-h0-bahnhofsleuchte-wallau-led-weiss.webp||||||||||||||||||||||6362||||||||||1 Stk.|||True||770844P|||||||||3
770845|mueller||||||||2024-10-28|Viessmann 63631 - H0 Gittermastleuchte, Kontaktstecksockel, 2 LEDs weiß|VIESSMANN||1|Stk.|Home|Spielwaren|Modellbau & Modelleisenbahn|Modelleisenbahn|Gleise & Signale|Viessmann 63631 - H0 Gittermastleuchte, Kontaktstecksockel, 2 LEDs weiß||27,99 €|27,99 €||||||||||||||EUR|Home> Spielwaren> Modellbau & Modelleisenbahn> Modelleisenbahn> Gleise & Signale> Viessmann 63631 - H0 Gittermastleuchte, Kontaktstecksockel, 2 LEDs weiß|https://www.mueller.at/p/viessmann-63631-h0-gittermastleuchte-kontaktstecksockel-2-leds-weiss-770845/|1 Stk.|Der praktische Kontaktstecksockel ermöglicht den flexiblen Einsatz und schnellen Tausch der Leuchten. Wartungsfrei dank LED-Beleuchtung. Höhe: 124 mm. TIPP: Das Powermodul Art. 5215 sorgt für flackerfreies Licht beim Betrieb mit Wechselstrom und erzeugt nahezu doppelte Helligkeit.||||||||14 Jahre||||||||||||||Non-Organic||||"{'target_group': 'Erwachsene|Jugendliche', 'Artikelnummer des Herstellers': '63631', 'license': 'Viessmann Spur H0 LED-Leuchten', 'Altersempfehlung ab': '14 Jahre', 'Inhalt': '1 Stk.', 'Produkttyp': 'Bahnübergang'}"||||||||||||||0|0|770845_1.png|https://static.mueller.de/421235262-PV-0/pdzoom/viessmann-63631-h0-gittermastleuchte-kontaktstecksockel-2-leds-weiss.webp||||||||||||||||||||||63631||||||||||1 Stk.|||False||770845P|||||||||1
770846|mueller||||||||2024-10-28|Viessmann 63641 - H0 Bahnsteigleuchte, Kontaktstecksockel, 2 LEDs weiß|VIESSMANN||1|Stk.|Home|Spielwaren|Modellbau & Modelleisenbahn|Modelleisenbahn|Gleise & Signale|Viessmann 63641 - H0 Bahnsteigleuchte, Kontaktstecksockel, 2 LEDs weiß||19,99 €|19,99 €||||||||||||||EUR|Home> Spielwaren> Modellbau & Modelleisenbahn> Modelleisenbahn> Gleise & Signale> Viessmann 63641 - H0 Bahnsteigleuchte, Kontaktstecksockel, 2 LEDs weiß|https://www.mueller.at/p/viessmann-63641-h0-bahnsteigleuchte-kontaktstecksockel-2-leds-weiss-770846/|1 Stk.|Der praktische Kontaktstecksockel ermöglicht den flexiblen Einsatz und schnellen Tausch der Leuchten. Wartungsfrei dank LED-Beleuchtung. Höhe: 70 mm. TIPP: Das Powermodul Art. 5215 sorgt für flackerfreies Licht beim Betrieb mit Wechselstrom und erzeugt nahezu doppelte Helligkeit.||||||||14 Jahre||||||||||||||Non-Organic||||"{'target_group': 'Erwachsene|Jugendliche', 'Artikelnummer des Herstellers': '63641', 'license': 'Viessmann Spur H0 LED-Leuchten', 'Altersempfehlung ab': '14 Jahre', 'Inhalt': '1 Stk.', 'Produkttyp': 'Bahnübergang'}"||||||||||||||0|0|770846_1.png|https://static.mueller.de/421235263-PV-0/pdzoom/viessmann-63641-h0-bahnsteigleuchte-kontaktstecksockel-2-leds-weiss.webp||||||||||||||||||||||63641||||||||||1 Stk.|||True||770846P|||||||||5
770847|mueller||||||||2024-10-28|Viessmann 6366 - H0 Hängelampe mit Seilaufhängung, LED weiß|VIESSMANN||1|Stk.|Home|Spielwaren|Modellbau & Modelleisenbahn|Modelleisenbahn|Häuser & Bahnhöfe|Viessmann 6366 - H0 Hängelampe mit Seilaufhängung, LED weiß||11,99 €|11,99 €||||||||||||||EUR|Home> Spielwaren> Modellbau & Modelleisenbahn> Modelleisenbahn> Häuser & Bahnhöfe> Viessmann 6366 - H0 Hängelampe mit Seilaufhängung, LED weiß|https://www.mueller.at/p/viessmann-6366-h0-haengelampe-mit-seilaufhaengung-led-weiss-770847/|1 Stk.|Wartungsfrei dank LED-Beleuchtung. Lampen, die an Seilen zwischen Masten oder auch Gebäuden aufgehängt werden, befinden sich auf vielen Bahnhöfen und in Innenstädten. So kann diese Leuchte z. B. zur Darstellung einer Geschäftsstraße mit Straßenbahngleisen oder auch zur Beleuchtung eines von Oberleitung überspannten Gleisfeldes verwendet werden. Länge: 16 mm. TIPP: Das Powermodul Art. 5215 sorgt für flackerfreies Licht beim Betrieb mit Wechselstrom und erzeugt nahezu doppelte Helligkeit.||||||||14 Jahre||||||||||||||Non-Organic||||"{'target_group': 'Erwachsene|Jugendliche', 'Artikelnummer des Herstellers': '6366', 'license': 'Viessmann Spur H0 LED-Leuchten', 'Altersempfehlung ab': '14 Jahre', 'Inhalt': '1 Stk.', 'Produkttyp': 'Bahnsteig, Halle, Lockschuppen'}"||||||||||||||0|0|770847_1.png|https://static.mueller.de/421235264-PV-0/pdzoom/viessmann-6366-h0-haengelampe-mit-seilaufhaengung-led-weiss.webp||||||||||||||||||||||6366||||||||||1 Stk.|||True||770847P|||||||||2
770848|mueller||||||||2024-10-28|Viessmann 63841 - H0 Bahnbetriebswerkleuchte, Kontaktstecksockel, LED weiß|VIESSMANN||1|Stk.|Home|Spielwaren|Modellbau & Modelleisenbahn|Modelleisenbahn|Häuser & Bahnhöfe|Viessmann 63841 - H0 Bahnbetriebswerkleuchte, Kontaktstecksockel, LED weiß||22,99 €|22,99 €||||||||||||||EUR|Home> Spielwaren> Modellbau & Modelleisenbahn> Modelleisenbahn> Häuser & Bahnhöfe> Viessmann 63841 - H0 Bahnbetriebswerkleuchte, Kontaktstecksockel, LED weiß|https://www.mueller.at/p/viessmann-63841-h0-bahnbetriebswerkleuchte-kontaktstecksockel-led-weiss-770848/|1 Stk.|Der praktische Kontaktstecksockel ermöglicht den flexiblen Einsatz und schnellen Tausch der Leuchten. Wartungsfrei dank LED-Beleuchtung. Höhe: 124 mm. TIPP: Das Powermodul Art. 5215 sorgt für flackerfreies Licht beim Betrieb mit Wechselstrom und erzeugt nahezu doppelte Helligkeit.||||||||14 Jahre||||||||||||||Non-Organic||||"{'target_group': 'Erwachsene|Jugendliche', 'Artikelnummer des Herstellers': '63841', 'license': 'Viessmann Spur H0 LED-Leuchten', 'Altersempfehlung ab': '14 Jahre', 'Inhalt': '1 Stk.', 'Produkttyp': 'Bahnsteig, Halle, Lockschuppen'}"||||||||||||||0|0|770848_1.png|https://static.mueller.de/421235265-PV-0/pdzoom/viessmann-63841-h0-bahnbetriebswerkleuchte-kontaktstecksockel-led-weiss.webp||||||||||||||||||||||63841||||||||||1 Stk.|||False||770848P|||||||||1
22670|mueller||||||||2024-10-28|LEITZ Jurismappe A4 rot|LEITZ||1|Stk.|Home|Schreibwaren|Büro|Ordner & Mappen|Mappen|LEITZ Jurismappe A4 rot||2,09 €|2,09 €||||||||||||||EUR|Home> Schreibwaren> Büro> Ordner & Mappen> Mappen> LEITZ Jurismappe A4 rot|https://www.mueller.at/p/leitz-jurismappe-a4-rot-22670/|1 Stk.|"Jurismappe in bunten Farben für die tägliche Ablage von Unterlagen. Schnelle und einfache Lösung zur Ablage und zum Transport von Dokumenten im Büro oder unterwegs. Mit seitlichen Schutzklappen für eine sichere Aufbewahrung des Inhalts.3 vollflächig verklebte Klappen am Rückdeckel für einen sicheren Halt der Unterlagen
Falzungen an den Klappen für eine individuelle Einstellung auf die Inahltsmenge
Mit Beschriftungslinien auf dem Vorderdeckel
Hochwertiger, stabiler Karton für eine lange Lebensdauer
Für Format A4
Für bis zu 250 Blatt (80 g/m²)
Hergestellt aus 100% Recycling Pendarec Karton (430 g/m²), Blauer Engel"||||||||||||||||||||||Non-Organic||||{'scope_of_delivery': '1 Stück', 'Material': 'Karton', 'Farbe': 'rot', 'Inhalt': '1 Stk.', 'Produkttyp': 'Mappen'}||||||rot||||||||0|0|22670_1.png|https://static.mueller.de/6486200738-PV-0/pdzoom/leitz-jurismappe-a4-rot.webp||||||||||||||||||||||||||||||||1 Stk.|||True||22670P|||||||||35
770841|mueller||||||||2024-10-28|Viessmann 60701 - H0 Parklaterne schwarz, Kontaktstecksockel, LED|VIESSMANN||1|Stk.|Home|Spielwaren|Modellbau & Modelleisenbahn|Modelleisenbahn|Zubehör|Viessmann 60701 - H0 Parklaterne schwarz, Kontaktstecksockel, LED||17,99 €|17,99 €||||||||||||||EUR|Home> Spielwaren> Modellbau & Modelleisenbahn> Modelleisenbahn> Zubehör> Viessmann 60701 - H0 Parklaterne schwarz, Kontaktstecksockel, LED|https://www.mueller.at/p/viessmann-60701-h0-parklaterne-schwarz-kontaktstecksockel-led-770841/|1 Stk.|Der praktische Kontaktstecksockel ermöglicht den flexiblen Einsatz und schnellen Tausch der Leuchten. Wartungsfrei dank LED-Beleuchtung. Höhe: 56 mm. TIPP: Das Powermodul Art. 5215 sorgt für flackerfreies Licht beim Betrieb mit Wechselstrom und erzeugt nahezu doppelte Helligkeit.||||||||14 Jahre||||||||||||||Non-Organic||||"{'target_group': 'Erwachsene|Jugendliche', 'Artikelnummer des Herstellers': '60701', 'license': 'Viessmann Spur H0 LED-Leuchten', 'Altersempfehlung ab': '14 Jahre', 'Altersempfehlung bis': '99 Jahre', 'Inhalt': '1 Stk.', 'Produkttyp': 'Straßenbeleuchtung'}"||||||||||||||0|0|770841_1.png|https://static.mueller.de/433154972-PV-0/pdzoom/viessmann-60701-h0-parklaterne-schwarz-kontaktstecksockel-led.webp||||||||||||||||||||||60701||||||||||1 Stk.|||True||770841P|||||||||3
770842|mueller||||||||2024-10-28|Viessmann 60901 - H0 Peitschenleuchte, Kontaktstecksockel, LED weiß|VIESSMANN||1|Stk.|Home|Spielwaren|Modellbau & Modelleisenbahn|Modelleisenbahn|Häuser & Bahnhöfe|Viessmann 60901 - H0 Peitschenleuchte, Kontaktstecksockel, LED weiß||18,99 €|18,99 €||||||||||||||EUR|Home> Spielwaren> Modellbau & Modelleisenbahn> Modelleisenbahn> Häuser & Bahnhöfe> Viessmann 60901 - H0 Peitschenleuchte, Kontaktstecksockel, LED weiß|https://www.mueller.at/p/viessmann-60901-h0-peitschenleuchte-kontaktstecksockel-led-weiss-770842/|1 Stk.|Der praktische Kontaktstecksockel ermöglicht den flexiblen Einsatz und schnellen Tausch der Leuchten. Wartungsfrei dank LED-Beleuchtung. Höhe: 100 mm. TIPP: Das Powermodul Art. 5215 sorgt für flackerfreies Licht beim Betrieb mit Wechselstrom und erzeugt nahezu doppelte Helligkeit.||||||||14 Jahre||||||||||||||Non-Organic||||"{'target_group': 'Erwachsene|Jugendliche', 'Artikelnummer des Herstellers': '60901', 'license': 'Viessmann Spur H0 LED-Leuchten', 'Altersempfehlung ab': '14 Jahre', 'Inhalt': '1 Stk.', 'Produkttyp': 'Kapellen, Kirchen und öffentl. Einrichtungen'}"||||||||||||||0|0|770842_1.png|https://static.mueller.de/421234419-PV-0/pdzoom/viessmann-60901-h0-peitschenleuchte-kontaktstecksockel-led-weiss.webp||||||||||||||||||||||60901||||||||||1 Stk.|||True||770842P|||||||||2
770843|mueller||||||||2024-10-28|Viessmann 60921 - H0 Straßenleuchte modern, Kontaktstecksockel, LED weiß|VIESSMANN||1|Stk.|Home|Spielwaren|Modellbau & Modelleisenbahn|Modelleisenbahn|Gleise & Signale|Viessmann 60921 - H0 Straßenleuchte modern, Kontaktstecksockel, LED weiß||18,99 €|18,99 €||||||||||||||EUR|Home> Spielwaren> Modellbau & Modelleisenbahn> Modelleisenbahn> Gleise & Signale> Viessmann 60921 - H0 Straßenleuchte modern, Kontaktstecksockel, LED weiß|https://www.mueller.at/p/viessmann-60921-h0-strassenleuchte-modern-kontaktstecksockel-led-weiss-770843/|1 Stk.|Moderne Straßenleuchte der Epochen IV - VI. Der praktische Kontaktstecksockel ermöglicht den flexiblen Einsatz und schnellen Tausch der Leuchten. Wartungsfrei dank LED-Beleuchtung. Höhe: 100 mm. TIPP: Das Powermodul Art. 5215 sorgt für flackerfreies Licht beim Betrieb mit Wechselstrom und erzeugt nahezu doppelte Helligkeit.||||||||14 Jahre||||||||||||||Non-Organic||||"{'target_group': 'Erwachsene|Jugendliche', 'Artikelnummer des Herstellers': '60921', 'license': 'Viessmann Spur H0 LED-Leuchten', 'Altersempfehlung ab': '14 Jahre', 'Inhalt': '1 Stk.', 'Produkttyp': 'Stellwerk'}"||||||||||||||5.0|1|770843_1.png|https://static.mueller.de/421235260-PV-0/pdzoom/viessmann-60921-h0-strassenleuchte-modern-kontaktstecksockel-led-weiss.webp||||||||||||||||||||||60921||||||||||1 Stk.|||True||770843P|||||||||3
731259|mueller||||||||2024-10-28|The Vampire Diaries - Staffel 1 [6 DVDs]|||1|Stk.|Home|Multi-Media|Filme & TV|Science Fiction & Fantasy|The Vampire Diaries - Staffel 1  [6 DVDs]|||12,99 €|12,99 €||||||||||||||EUR|Home> Multi-Media> Filme & TV> Science Fiction & Fantasy> The Vampire Diaries - Staffel 1  [6 DVDs]|https://www.mueller.at/p/the-vampire-diaries-staffel-1-6-dvds-731259/|1 Stk.|"""Über ein Jahrhundert lang habe ich mein Geheimnis bewahrt. Bis heute. Ich bin mir des Risikos bewusst, aber ich muss sie kennen lernen."" Die düsteren, grüblerischen, von Blutdurst und Romantik geprägten Vampire Diaries starteten als erfolgreiche Romanserie von L.J. Smith - jetzt sind sie ein Fernsehhit, den man unbedingt sehen sollte. Der erste Teil der ersten Staffel bietet auf 2 DVDs 10 Episoden voll unvergesslicher Figuren - lebender und untoter: die Vampir-Brüder Stefan und Damon - der eine gut, der andere böse; Elena, die Doppelgängerin einer Schönheit, die beide Brüder vor 150 Jahren geliebt haben; außerdem Jeremy, Bonnie, Matt und weitere Einwohner von Mystic Falls/Virginia. Sie alle verfangen sich in einem faszinierenden Netz aus Geheimnissen, Leidenschaft und Grauen.

Episoden:
""Staffel 1.1""
Disc 1:
01 Liebes Tagebuch
02 Die Nacht des Kometen
03 Monster
04 Das Gründerfest
05 Im Kerker

Disc 2:
06 Verlorene Mädchen
07 Heimgesucht
08 162 Kerzen
09 Geister
10 Der Wendepunkt


""Staffel 1.2""
Disc 3:
11 Lebenslinien
12 zu schön, um böse zu sein
13 Kinder der Verdammnis
14 Die Gruft
15 Isobel

Disc 4:
16 Haus der Vampire
17 Das Unwetter
18 Unter Kontrolle
19 Miss Mystic Falls
20 Blutsbrüder

Disc 5:
21 Die Waffe
22 Feuerwerk"||||||||||||||||||||||Non-Organic||||"{'medium': 'DVD', 'manufacturer': 'Warner Bros (Universal Pictures)', 'Anzahl Bonusdiscs': '1', 'Zusatzinfos / Bonusmaterial beim Film dabei': 'Technische Infos - siehe Einzelteile;', 'Inhalt': '1 Stk.', 'Laufzeit in min (gesamt)': '887', 'Produktionsjahr': '2009', 'Produktionsland': 'USA', 'Schauspieler': 'Nina Dobrev,Paul Wesley,Ian Somerhalder,Steve McQueen,Sara Canning', 'Special Edition': 'Nein', 'packaging_type': 'Softbox', 'Hauptgenre': 'TV-Serie|Fantasy'}"||||||||||||||0|0|731259_1.png|https://static.mueller.de/videojakob_5051890203229_pv_411735/pdzoom/the-vampire-diaries-staffel-1-6-dvds.webp|731259_2.png|https://static.mueller.de/pdzoom/videojakob_5051890203229_pr_411735-back.webp||||||||||||||||||||Warner Bros (Universal Pictures)||||||||||1 Stk.|||True||731259P|||||||||5
2233522|mueller||||||||2024-10-28|WELEDA HAMAMELISWASSER Zarter Reinigungsschaum|WELEDA||150|ml|Home|Parfümerie|Pflege|Gesichtspflege|Reinigung|Reinigungsmilch & -balm|WELEDA HAMAMELISWASSER Zarter Reinigungsschaum|11,95 €|11,95 €|||||||||||79,67 € / 1 l|||EUR|Home> Parfümerie> Pflege> Gesichtspflege> Reinigung> Reinigungsmilch & -balm> WELEDA HAMAMELISWASSER Zarter Reinigungsschaum|https://www.mueller.at/p/weleda-hamameliswasser-zarter-reinigungsschaum-2233522/|150 ml|Sanfte und porentiefe Reinigung, ohne auszutrocknen. Der Zarte Reinigungsschaum entfernt Schmutz, Make-up und überschüssigen Talg und bewahrt die natürliche Feuchtigkeit der Haut. Hautverträglichkeit dermatologisch bestätigt. Sanfte und porentiefe ReinigungEntfernt Schmutz, Make-up und überschüssigen TalgFür Normale bis Mischhaut||Kühl, trocken und lichtgeschützt lagern||||||||||||||||||||Non-Organic||||"{'Lagerhinweis': 'Kühl, trocken und lichtgeschützt lagern', 'target_group': 'Unisex', 'manufacturer': 'Weleda AG', 'Herstelleradresse': 'Möhlerstraße 3, D-73525 Schwäbisch Gmünd', 'Kontaktmöglichkeit': 'www.weleda.de', 'fragrance_note': 'aromatisch|zitrisch', 'dermatologically_tested': 'Ja', 'Anwendungshinweis': 'Auf die feuchte Haut auftragen, danach abwaschen.', 'package_contents': 'Ingredients (INCI): Water (Aqua), Alcohol denat., Glycerin, Coco-Glucoside, Fragrance (Parfum)*, Cocoyl Proline, Althaea Officinalis Root+ Extract, Hamamelis Virginiana (Witch Hazel)+ Water, Disodium Cocoyl Glutamate, Glyceryl Caprylate, Sodium Cocoyl Glutamate, Limonene*, Linalool*, Citronellol*, Geraniol*, Citral*. [8001920150] *from natural essential oils +from organic cultivation', 'skin_type': 'ölige Haut', 'product_property': 'erfrischend|klärend|reinigend|vitalisierend|duftend', 'Inhalt': '150 ml', 'scope_of_application': 'Reinigung', 'fragrance_effect': 'anregend|frisch', 'Produkttyp': 'Gesichtsmassage'}"||||||||||||||0|0|2233522_1.png|https://static.mueller.de/markant_04001638500050_pv_4867500/pdzoom/weleda-hamameliswasser-zarter-reinigungsschaum.webp|2233522_2.png|https://static.mueller.de/markant_04001638500050_pr_4867501/pdzoom/weleda-hamameliswasser-zarter-reinigungsschaum.webp||||||||||||||||||||Weleda AG||||||||||150 ml|Ingredients (INCI): Water (Aqua), Alcohol denat., Glycerin, Coco-Glucoside, Fragrance (Parfum)*, Cocoyl Proline, Althaea Officinalis Root+ Extract, Hamamelis Virginiana (Witch Hazel)+ Water, Disodium Cocoyl Glutamate, Glyceryl Caprylate, Sodium Cocoyl Glutamate, Limonene*, Linalool*, Citronellol*, Geraniol*, Citral*. [8001920150] *from natural essential oils +from organic cultivation||True||2233522P||||Augenbereich aussparen|||||10
2890902|mueller||||||||2024-10-28|Humana ProBalance Folgemilch|HUMANA||750|g|Home|Drogerie|Kind & Mama|Babynahrung|Milchnahrung|Anfangsmilch|Humana ProBalance Folgemilch|14,45 €|14,45 €|||||||||||19,27 € / 1 kg|||EUR|Home> Drogerie> Kind & Mama> Babynahrung> Milchnahrung> Anfangsmilch> Humana ProBalance Folgemilch|https://www.mueller.at/p/humana-probalance-folgemilch-IPN2890902/|750 g|"Für die Ernährungsbedürfnisse Ihres Babys
Ihr Baby wird immer aktiver und bekommt zunehmend feste Nahrung. Neben den Breimahlzeiten benötigt Ihr Kind zusätzlich 1-2 Trinkmahlzeiten pro Tag. 
HMO (Humane Milch-Oligosaccharide) - neben Laktose und Fett ein Hauptbestandteil von Muttermilch.
Wir haben unsere Säuglingsnahrung mit dem HMO “2FL” (2‘-Fucosyllactose) angereichert (nicht aus
Muttermilch gewonnen).
ARA (Arachidonsäure) - eine Omega-6 Fettsäure.
ALA* (Alpha-Linolensäure) - eine essentielle Omega-3 Fettsäure, trägt zur Entwicklung des
Gehirns und des Nervengewebes bei.
GOS (Galacto-Oligosaccharide) - Ballaststoffe.
Vitamin C und D* - unterstützen die normale Funktion des Immunsystems.
DHA* (Docosahexaensäure) - eine Omega 3 Fettsäure. Die Aufnahme von
DHA trägt zur normalen Entwicklung der Sehkraft bei Säuglingen bis zum
Alter von 12 Monaten bei. (Die positive Wirkung stellt sich bei einer
täglichen Aufnahme von 100 mg DHA ein).
Jod* - trägt zur normalen kognitiven Entwicklung bei.
Unser Versprechen an Sie und Ihr Baby: Die beste Humana Folgemilch 3 Rezeptur, die es je gab. *gesetzlich für Folgenahrungen vorgeschrieben


Gut verpackt


Sicher: Sicherheitsverschluss außen, Schutzmembran
innen und verstärkter Boden schützen das Milchpulver rundherum.


Hygienisch: Minimierter Hautkontakt mit dem Milchpulver durch: -
integrierte Messlöffelhalterung - extra große Öffnung 
Sehr guter Schutz vor
Feuchtigkeit durch wiederverschließbaren Deckel

 Praktisch: Einhändige Handhabung der Verpackung und integrierte Abstreifkante erleichtern die
Zubereitung. HMO (Humane Milch-Oligosaccharide): Neben Laktose und Fett sind HMOs ein Hauptbestandteil von Muttermilch. Wir haben unsere Säuglingsnahrung mit dem HMO “2FL” (2‘-Fucosyllactose) angereichert. (**nicht aus Muttermilch gewonnen)ARA (Arachidonsäure): Eine Omega-6 Fettsäure.DHA* (Docosahexaensäure): Eine Omega-3 Fettsäure. Die Aufnahme von Docosahexaensäure (DHA) trägt zur normalen Entwicklung der Sehkraft bei Säuglingen bis zum Alter von 12 Monaten bei. (Die positive Wirkung stellt sich bei einer täglichen Aufnahme vonALA (Alpha-Linolensäure): Eine essentielle Omega-3 Fettsäure, trägt zur Entwicklung des Gehirns und des Nervengewebes bei.GOS (Galacto-Oligosaccharide): Ballaststoffe.Vitamin C und D*: Unterstützt die normale Funktion des Immunsystems.Jod*: Trägt zur normalen kognitiven Entwicklung bei. *gesetzlich für Folgenahrungen vorgeschrieben"|Einfach zubereitet Folgen Sie beim Zubereiten der Babynahrung der Anleitung: Flasche, Sauger und Ring gründlich reinigen. Jede Mahlzeit frisch zubereiten. Sofort füttern und Reste nicht wiederverwenden. Falsche Zubereitung und Lagerung kann zu gesundheitlichen Beeinträchtigungen führen. 1. Wasser abkochen, auf 50°C abkühlen lassen und zur Hälfte in eine saubere Flasche füllen. 2. Pulver mit beiliegendem Messlöffel entnehmen, an Abstreifkante abstreifen und erforderliche Menge in die Flasche füllen 3. Flasche schließen und sofort kräftig schütteln, dann restliches Wasser zugeben und erneut kräftig schütteln. 4. Sauger befestigen und Inhalt auf Trinktemperatur (37°C) prüfen. Nicht in der Mikrowelle erwärmen (Verbrühungsgefahr).|Gut aufbewahrt Bitte bewahren Sie die original verschlossene Verpackung kühl und trocken auf. Die angebrochene Packung nach jeder Nutzung gut verschließen und innerhalb von 4 Wochen aufbrauchen. Originalverschlossen mindestens haltbar bis: siehe Bodenaufdruck.||Einfach zubereitet Folgen Sie beim Zubereiten der Babynahrung der Anleitung: Flasche, Sauger und Ring gründlich reinigen. Jede Mahlzeit frisch zubereiten. Sofort füttern und Reste nicht wiederverwenden. Falsche Zubereitung und Lagerung kann zu gesundheitlichen Beeinträchtigungen führen. 1. Wasser abkochen, auf 50°C abkühlen lassen und zur Hälfte in eine saubere Flasche füllen. 2. Pulver mit beiliegendem Messlöffel entnehmen, an Abstreifkante abstreifen und erforderliche Menge in die Flasche füllen 3. Flasche schließen und sofort kräftig schütteln, dann restliches Wasser zugeben und erneut kräftig schütteln. 4. Sauger befestigen und Inhalt auf Trinktemperatur (37°C) prüfen. Nicht in der Mikrowelle erwärmen (Verbrühungsgefahr).||Enthält Milch und daraus gewonnene Erzeugnisse||10 Monate|||{'Nährwerte je': '100  ml', 'Brennwert': '268 kj / 64 kcal', 'Fett in g': '3.1 g', '- davon gesättigte Fettsäuren in g': '1.2 g', 'Kohlenhydrate in g': '7.5 g', '- davon Zucker in g': '7.3 g', 'Ballaststoffe in g': '0.44 g', 'Eiweiß in g': '1.2 g', 'Salz in g': '-'}|||||||||||Organic||||{'Lagerhinweis': 'Gut aufbewahrt\nBitte bewahren Sie die original verschlossene Verpackung kühl und trocken auf. Die angebrochene Packung nach jeder Nutzung gut verschließen und innerhalb von 4 Wochen aufbrauchen. Originalverschlossen mindestens haltbar bis: siehe Bodenaufdruck.', 'manufacturer': 'Humana Vertriebs GmbH', 'Herstelleradresse': 'Postfach 286129, 28361 Bremen', 'Kontaktmöglichkeit': 'kontakt@humana.de', 'Altersempfehlung ab': '10 Monate', 'Anwendungshinweis': 'Ab dem 10. Monat\nIhr Baby entwickelt sich Tag für Tag und braucht dafür eine besondere Ernährung. Humana Folgemilch 3 eignet sich ideal zum Zufüttern im Anschluss an das Stillen, eine Anfangsnahrung oder eine Folgemilch 2. Humana Folgemilch 3 ist auf die Ernährungsbedürfnisse von Babys im Beikostalter ab dem 10. Monat abgestimmt und bildet die Grundlage für die Trinkmahlzeiten in diesem Alter.', 'Allergenhinweis': 'Enthält Milch und daraus gewonnene Erzeugnisse', 'Inhalt': '750 g', 'Dosierempfehlung': 'Richtig dosiert: \n\nBitte verwenden Sie nur den Messlöffel aus dieser Packung (fasst ca. 4,3g). Im Beikostalter trinkt ein Baby durchschnittlich 200ml pro Mahlzeit und 1-2 Flaschenmahlzeiten pro Tag. Die angegebenen Trinkmengen sind nur Richtwerte und können individuell variieren, denn jedes Baby ist einzigartig.\n# 150 ml Wasser + 5 Messlöffel Pulver = 170 ml trinkfertige Nahrung,  # 180 ml Wasser + 6 Messlöffel Pulver = 200 ml trinkfertige Nahrung, # 210 ml Wasser + 7 Messlöffel Pulver = 230 ml trinkfertige Nahrung', 'Zutaten': 'Entsalztes MOLKENPULVER, pflanzliche Öle (Palme, Raps, Sonnenblume), LAKTOSE, MAGERMILCHPULVER, Galacto-Oligosaccharid (aus MILCH), Palmkernfett, Kaliumchlorid, Calciumsalze der Orthophosphorsäure, Natriumcitrat, Calciumcarbonat, Öl aus der Mikroalge Schizochytrium sp', 'Nutzungshinweis': 'Einfach zubereitet Folgen Sie beim Zubereiten der Babynahrung der Anleitung: Flasche, Sauger und Ring gründlich reinigen. Jede Mahlzeit frisch zubereiten. Sofort füttern und Reste nicht wiederverwenden. Falsche Zubereitung und Lagerung kann zu gesundheitlichen Beeinträchtigungen führen. 1. Wasser abkochen, auf 50°C abkühlen lassen und zur Hälfte in eine saubere Flasche füllen. 2. Pulver mit beiliegendem Messlöffel entnehmen, an Abstreifkante abstreifen und erforderliche Menge in die Flasche füllen 3. Flasche schließen und sofort kräftig schütteln, dann restliches Wasser zugeben und erneut kräftig schütteln. 4. Sauger befestigen und Inhalt auf Trinktemperatur (37°C) prüfen. Nicht in der Mikrowelle erwärmen (Verbrühungsgefahr).', 'Produkttyp': 'Anfangsmilch', 'Zubereitungshinweis': 'Einfach zubereitet\n\nFolgen Sie beim Zubereiten der Babynahrung der Anleitung: Flasche, Sauger und Ring gründlich reinigen. Jede Mahlzeit frisch zubereiten. Sofort füttern und Reste nicht wiederverwenden.\nFalsche Zubereitung und Lagerung kann zu gesundheitlichen Beeinträchtigungen führen.\n\n1. Wasser abkochen, auf 50°C abkühlen lassen und zur Hälfte in eine saubere Flasche füllen.\n2. Pulver mit beiliegendem Messlöffel entnehmen, an Abstreifkante abstreifen und erforderliche Menge in die Flasche füllen\n\n3. Flasche schließen und sofort kräftig schütteln, dann restliches Wasser zugeben und erneut kräftig schütteln.\n4. Sauger befestigen und Inhalt auf Trinktemperatur (37°C) prüfen.\nNicht in der Mikrowelle erwärmen (Verbrühungsgefahr).'}||||||||||Richtig dosiert: Bitte verwenden Sie nur den Messlöffel aus dieser Packung (fasst ca. 4,3g). Im Beikostalter trinkt ein Baby durchschnittlich 200ml pro Mahlzeit und 1-2 Flaschenmahlzeiten pro Tag. Die angegebenen Trinkmengen sind nur Richtwerte und können individuell variieren, denn jedes Baby ist einzigartig. # 150 ml Wasser + 5 Messlöffel Pulver = 170 ml trinkfertige Nahrung, # 180 ml Wasser + 6 Messlöffel Pulver = 200 ml trinkfertige Nahrung, # 210 ml Wasser + 7 Messlöffel Pulver = 230 ml trinkfertige Nahrung||||0|0|2890902_1.png|https://static.mueller.de/markant_04031244004178_pv_3785696/pdzoom/humana-probalance-folgemilch.webp||||||||||||||||||||||Humana Vertriebs GmbH||||||||||750 g|||True||2890902P||||"Wichtige Hinweise

Ausschließliches Stillen in den ersten 6 Monaten ist ideal für Ihr Baby. Wie jede Folgemilch, sollte Humana Folgemilch 3 nicht in den ersten 6 Monaten als Muttermilchersatz verwendet werden, sondern grundsätzlich erst ab dem 10. Monat als Bestandteil einer gemischten Ernährung. Die individuellen Wachstums- und Entwicklungsbedürfnisse Ihres Babys können es allerdings erforderlich machen, Beikost als Teil einer Mischkost bereits zu einem früheren Zeitpunkt in den Speiseplan Ihrer Babys einzuführen. Bitte lassen Sie sich grundsätzlich zur Einführung von Beikost von Ihrem Kinderarzt beraten. Überlassen Sie Ihrem Baby das Fläschchen nicht zum Dauernuckeln. Wie Muttermilch enthalten Säuglingsnahrungen Kohlenhydrate, die bei häufigem oder dauerndem Kontakt mit den Zähnen Zahnschädigungen durch Karies verursachen können.

Unter Schutzatmosphäre verpackt. Füllhöhe technisch bedingt."|||||3
2890903|mueller||||||||2024-10-28|Quercetti - MIGOGA MARBLE RUN PLAY BIO|QUERCETTI||1|Stk.|Home|Spielwaren|Baby & Kleinkind|Kleinkindspielzeug|Quercetti - MIGOGA MARBLE RUN PLAY BIO|||24,99 €|24,99 €||||||||||||||EUR|Home> Spielwaren> Baby & Kleinkind> Kleinkindspielzeug> Quercetti - MIGOGA MARBLE RUN PLAY BIO|https://www.mueller.at/p/quercetti-migoga-marble-run-play-bio-IPN2890903/|1 Stk.|86535 QUERCETTI MIGOGA MARBLE RUN PLAY BIO 44 TEILE||||||||4 Jahre||||||||||||||Non-Organic||||"{'target_group': 'Kindergartenkinder|Grundschüler', 'Artikelnummer des Herstellers': '43106', 'Altersempfehlung ab': '4 Jahre', 'Altersempfehlung bis': '9 Jahre', 'Inhalt': '1 Stk.', 'Produkttyp': 'Kugelbahnen'}"||||||||||||||0|0|2890903_1.png|https://static.mueller.de/pdzoom/8007905865354.webp|2890903_2.png|https://static.mueller.de/pdzoom/8007905865354_3.webp|2890903_3.png|https://static.mueller.de/pdzoom/8007905865354_2.webp||||||||||||||||||43106||||||||||1 Stk.|||False||2890903P|||||||||1
2890906|mueller||||||||2024-10-28|Quercetti - PlayEco+ Spiral Tower Evo|QUERCETTI||1|Stk.|Home|Spielwaren|Baby & Kleinkind|Kleinkindspielzeug|Quercetti - PlayEco+ Spiral Tower Evo|||24,99 €|24,99 €||||||||||||||EUR|Home> Spielwaren> Baby & Kleinkind> Kleinkindspielzeug> Quercetti - PlayEco+ Spiral Tower Evo|https://www.mueller.at/p/quercetti-playeco-spiral-tower-evo-IPN2890906/|1 Stk.|"Ein Turm aus vielen farbigen Elementen und ein großer Standfuß, um alles stabil im Gleichgewicht zu halten.
Mit den Murmeln, die die Spiralbahn entlangrollen, ist der Spaß für alle Kinder gesichert.
Inhalt:
6 Spiralelemente
1 Basis
1 Rasselkugel
2 zweifarbige Kugeln
BILDUNGSWERTE: Feinmotorik, Sinnesentwicklung, Ursache und Wirkung, Auge-Hand-Koordination.
PlayEco+-Spiele stammen aus der Verarbeitung von recyceltem Kunststoff aus getrennter Sammlung."||||||||12 Monate||||||||||||||Non-Organic||||{'target_group': 'Kleinkinder', 'Artikelnummer des Herstellers': '43200', 'Altersempfehlung ab': '12 Monate', 'Inhalt': '1 Stk.', 'Produkttyp': 'Sonstiges Spielzeug'}||||||||||||||2.0|1|2890906_1.png|https://static.mueller.de/pdzoom/8007905865002.webp|2890906_2.png|https://static.mueller.de/pdzoom/8007905865002_3.webp|2890906_3.png|https://static.mueller.de/pdzoom/8007905865002_4.webp|2890906_4.png|https://static.mueller.de/pdzoom/8007905865002_2.webp||||||||||||||||43200||||||||||1 Stk.|||True||2890906P|||||||||10
2890909|mueller||||||||2024-10-28|WESTMARK Seiher Maxi faltbar ø22cm (innen)|WESTMARK||1|Stk.|Home|Haushalt|Kochen & Backen|Küchenhelfer & -textilien|Siebe|WESTMARK Seiher Maxi faltbar ø22cm (innen)||6,99 €|6,99 €||||||||||||||EUR|Home> Haushalt> Kochen & Backen> Küchenhelfer & -textilien> Siebe> WESTMARK Seiher Maxi faltbar ø22cm (innen)|https://www.mueller.at/p/westmark-seiher-maxi-faltbar-22cm-innen-IPN2890909/|1 Stk.|"
ideal für Camping oder Wohnen auf kleinem Raum (tiny living)
mit Aufhängvorrichtung
faltbar für platzsparende Aufbewahrung
"||||||||||||||||||||||Non-Organic||||"{'Gewicht': '142', 'Geeignet für': 'Spuelmaschinen', 'manufacturer': 'Westmark GmbH', 'Herstelleradresse': 'Bielefelder Straße 125, DE-57368 Lennestadt', 'Kontaktmöglichkeit': 'info@westmark.de | www.westmark.de', 'Materialdetails': 'PP, TPE', 'Material': 'Polypropylen|Thermoplastische Elastomere', 'Höhe': '3 cm', 'Breite': '24 cm', 'Tiefe': '29.5 cm', 'Inhalt': '1 Stk.'}"||||||||PP, TPE||||||0|0|2890909_1.png|https://static.mueller.de/pdzoom/4004094212277.webp|2890909_2.png|https://static.mueller.de/pdzoom/4004094212277_8.webp|2890909_3.png|https://static.mueller.de/pdzoom/4004094212277_6.webp|2890909_4.png|https://static.mueller.de/pdzoom/4004094212277_7.webp|2890909_5.png|https://static.mueller.de/pdzoom/4004094212277_5.webp|2890909_6.png|https://static.mueller.de/pdzoom/4004094212277_9.webp||||||||||||Westmark GmbH||||||||||1 Stk.|||False||2890909P|||||Spuelmaschinen||||1
770834|mueller||||||||2024-10-28|Viessmann 6897 - Hochstromkabel 0,75 mm², gelb, 10 m|VIESSMANN||10|m|Home|Spielwaren|Modellbau & Modelleisenbahn|Modelleisenbahn|Figuren & Fahrzeuge|Viessmann 6897 - Hochstromkabel 0,75 mm², gelb, 10 m||10,49 €|10,49 €|||||||||||1,05 € / 1 m|||EUR|Home> Spielwaren> Modellbau & Modelleisenbahn> Modelleisenbahn> Figuren & Fahrzeuge> Viessmann 6897 - Hochstromkabel 0,75 mm², gelb, 10 m|https://www.mueller.at/p/viessmann-6897-hochstromkabel-0-75-mm-gelb-10-m-770834/|10 m|Litze, daher sehr flexibel. Besonders geeignet für Digitalanlagen.||||||||14 Jahre||||||||||||||Non-Organic||||"{'target_group': 'Erwachsene|Jugendliche', 'Artikelnummer des Herstellers': '6897', 'license': 'Viessmann Zubehör', 'Altersempfehlung ab': '14 Jahre', 'Inhalt': '10 m', 'Produkttyp': 'Dekofigur'}"||||||||||||||0|0|770834_1.png|https://static.mueller.de/421234417-PV-0/pdzoom/viessmann-6897-hochstromkabel-0-75-mm-gelb-10-m.webp||||||||||||||||||||||6897||||||||||10 m|||True||770834P|||||||||2
770830|mueller||||||||2024-10-28|Viessmann 6895 - Hochstromkabel 0,75 mm², rot, 10 m|VIESSMANN||10|m|Home|Spielwaren|Modellbau & Modelleisenbahn|Modelleisenbahn|Zubehör|Viessmann 6895 - Hochstromkabel 0,75 mm², rot, 10 m||10,49 €|10,49 €|||||||||||1,05 € / 1 m|||EUR|Home> Spielwaren> Modellbau & Modelleisenbahn> Modelleisenbahn> Zubehör> Viessmann 6895 - Hochstromkabel 0,75 mm², rot, 10 m|https://www.mueller.at/p/viessmann-6895-hochstromkabel-0-75-mm-rot-10-m-770830/|10 m|Litze, daher sehr flexibel. Besonders geeignet für Digitalanlagen.||||||||14 Jahre||||||||||||||Non-Organic||||"{'target_group': 'Erwachsene|Jugendliche', 'Artikelnummer des Herstellers': '6895', 'license': 'Viessmann Zubehör', 'Altersempfehlung ab': '14 Jahre', 'Inhalt': '10 m', 'Produkttyp': 'Elektrisches Zubehör'}"||||||||||||||0|0|770830_1.png|https://static.mueller.de/421234415-PV-0/pdzoom/viessmann-6895-hochstromkabel-0-75-mm-rot-10-m.webp||||||||||||||||||||||6895||||||||||10 m|||True||770830P|||||||||4
731268|mueller||||||||2024-10-28|magu Pellkartoffelset 4-tlg.|MAGU||1|Stk.|Home|Haushalt|Essen & Trinken|Besteck|Spezialbesteck|magu Pellkartoffelset 4-tlg.||14,59 €|14,59 €||||||||||||||EUR|Home> Haushalt> Essen & Trinken> Besteck> Spezialbesteck> magu Pellkartoffelset 4-tlg.|https://www.mueller.at/p/magu-pellkartoffelset-4-tlg-731268/|1 Stk.|Feine Optik, funktional und puristisch||||||||||||||||||||||Non-Organic||||{'Geeignet für': 'Spuelmaschinen', 'manufacturer': 'MAGU GmbH', 'Herstelleradresse': 'Bruckmühlenstraße 25, 79235 Vogtsburg im Kaiserstuhl', 'Höhe': '1 cm', 'Breite': '10.5 cm', 'Tiefe': '16 cm', 'Inhalt': '1 Stk.'}||||||||||||||0|0|731268_1.png|https://static.mueller.de/6478481661-PV-0/pdzoom/magu-pellkartoffelset-4-tlg.webp||||||||||||||||||||||MAGU GmbH||||||||||1 Stk.|||False||731268P|||||Spuelmaschinen||||1
770832|mueller||||||||2024-10-28|Viessmann 6896 - Hochstromkabel 0,75 mm², braun, 10 m|VIESSMANN||10|m|Home|Spielwaren|Modellbau & Modelleisenbahn|Modelleisenbahn|Zubehör|Viessmann 6896 - Hochstromkabel 0,75 mm², braun, 10 m||10,49 €|10,49 €|||||||||||1,05 € / 1 m|||EUR|Home> Spielwaren> Modellbau & Modelleisenbahn> Modelleisenbahn> Zubehör> Viessmann 6896 - Hochstromkabel 0,75 mm², braun, 10 m|https://www.mueller.at/p/viessmann-6896-hochstromkabel-0-75-mm-braun-10-m-770832/|10 m|Litze, daher sehr flexibel. Besonders geeignet für Digitalanlagen.||||||||14 Jahre||||||||||||||Non-Organic||||"{'target_group': 'Erwachsene|Jugendliche', 'Artikelnummer des Herstellers': '6896', 'license': 'Viessmann Zubehör', 'Altersempfehlung ab': '14 Jahre', 'Inhalt': '10 m', 'Produkttyp': 'Elektrisches Zubehör'}"||||||||||||||0|0|770832_1.png|https://static.mueller.de/421234416-PV-0/pdzoom/viessmann-6896-hochstromkabel-0-75-mm-braun-10-m.webp||||||||||||||||||||||6896||||||||||10 m|||True||770832P|||||||||4
2893131|mueller||||||||2024-10-28|ESTÉE LAUDER Creme Lipstick|ESTÉE LAUDER||3.5|g|Home|Parfümerie|Make-up|Lippen|Lippenstift|ESTÉE LAUDER Creme Lipstick||45,95 €|45,95 €||||||||||||||EUR|Home> Parfümerie> Make-up> Lippen> Lippenstift> ESTÉE LAUDER Creme Lipstick|https://www.mueller.at/p/estee-lauder-creme-lipstick-IPN2890932/|3.5 g|"Make the moment. Ein passender Lippenstift für jeden eindrucksvollen Auftritt. 
Dieser langanhaltende Lippenstift verleiht den Lippen eine ausdrucksstarke, angenehm zu tragende Farbe, die allen Hauttönen schmeichelt. Der intensive Lippenstift ist farbecht und hält 10 Stunden lang, ohne zu verlaufen, abzufärben oder sich in Fältchen abzusetzen.

Creme-Finish: Die facettenreiche Farbe lässt sich leicht auftragen und verleiht ein ebenmäßiges, seidiges Finish. Voll deckender Lippenstift mit aufpolsternden, stärkenden und pflegenden Eigenschaften. (Wenn Sie mehr Farbtöne wünschen, sehen Sie sich auch unsere Matte und Hi-Lusture Finishes an). Der natürlich gewonnene Moisture Lock Complex* sorgt während des Tragens für zusätzliche Pflege der Lippen. Die Lippen sehen sofort voller und geschmeidiger aus und erhalten mit der Zeit ein definierteres und ebenmäßigeres Aussehen – auch nach dem Entfernen des Lippenstifts. Die von ExpertInnen konzipierte Spitze des Lippenstifts ist perfekt geformt, um die Konturen Ihrer Lippen mit müheloser Präzision zu  konturieren. Das goldene Etui ist ein wahres Schmuckstück, das angenehm in der Hand liegt. Speziell entwickelt, um in einer ausgewählten Auswahl unserer beliebtesten Lippenstiftfarben nachgefüllt zu werden.

#LeaveYourMark: Dieser langanhaltende Lippenstift ist für jeden und für jeden Anlass perfekt.

Entdecken Sie alle Must-Have Farben in 3 unterschiedlichen Finishes. 

BESONDERER INHALTSSTOFF: Moisture Lock Complex
Unser hochwirksamer, natürlich gewonnener* Moisture Lock Complex enthält eine Kombination aus wirksamen Ölen und einem leistungsstarken Pflanzenextrakt, der die Lippen sofort pflegt und aufpolstert, während er zugleich die Feuchtigkeit auf den Lippen langfristig erhält.
- Ein Trio aus wirksamen Ölen: Rotes Himbeersamenöl, Wiesenschaumkrautsamenöl und Aprikosenkernöl pflegen die Lippen.
- Salicornea Herbacea-Extrakt: Hochwirksamer Pflanzenextrakt, der den Lippen langanhaltend Feuchtigkeit spendet und für einen angenehmen Tragekomfort sorgt.

*Gemäß ISO-Norm 16128. Aus pflanzlichen Quellen, nicht-erdölhaltigen mineralischen Quellen und/oder Wasser."||||||||||||||||||||||Non-Organic||||{'consistency': 'Stift', 'target_group': 'Damen', 'Anwendungshinweis': 'Für einen leichten Farbakzent einmal auftragen. Um die Deckkraft zu erhöhen und die Wirkung dieses langanhaltenden Lippenstifts zu intensivieren, mehrmals auftragen.', 'package_contents': 'Octyldodecanol, Neopentyl Glycol Diheptanoate, Polyethylene, Silica, Trimethylpentanediol/Adipic Acid/Glycerin Crosspolymer, Nylon-12, Pentaerythrityl Tetraisostearate, Oleic/Linoleic/Linolenic Polyglycerides, Caprylic/Capric Triglyceride, Disteardimonium Hectorite, Polyglyceryl-3 Diisostearate, Tocopherol, Salicornia Herbacea Extract, Polydecene, Stearalkonium Hectorite, Rubus Idaeus (Raspberry) Seed Oil, Limnanthes Alba (Meadowfoam) Seed Oil, Prunus Armeniaca (Apricot) Kernel Oil, Moringa Oil/Hydrogenated Moringa Oil Esters, Microcrystalline Wax\\Cera Microcristallina\\Cire Microcristalline, Propylene Carbonate, Lecithin, Saccharin, Fragrance (Parfum), Tocopheryl Acetate, Pentaerythrityl Tetra-Di-T-Butyl Hydroxyhydrocinnamate, [+/- Mica, Titanium Dioxide (Ci 77891), Iron Oxides (Ci 77491), Iron Oxides (Ci 77492), Iron Oxides (Ci 77499), Bismuth Oxychloride (Ci 77163), Blue 1 Lake (Ci 42090), Carmine (Ci 75470), Manganese Violet (Ci 77742), Red 6 (Ci 15850), Red 7 (Ci 15850), Red 7 Lake (Ci 15850), Red 21 (Ci 45380), Red 22 (Ci 45380), Red 27 (Ci 45410), Red 28 Lake (Ci 45410), Red 30 Lake (Ci 73360), Red 33 Lake (Ci 17200), Yellow 5 Lake (Ci 19140), Yellow 6 Lake (Ci 15985)] Bitte beachten Sie, dass sich die Liste der Inhaltsstoffe von Zeit zu Zeit ändern oder variieren kann. Die aktuellste Liste der Inhaltsstoffe finden Sie auf der Produktverpackung, die Sie erhalten.', 'Farbnummer': '822', 'Farbe': 'Make You Blush', 'Inhalt': '3.5 g', 'scope_of_application': 'Lippen', 'Produkttyp': 'Lippenfarbe'}||||||Make You Blush||||||||0|0|2893131_1.png|https://static.mueller.de/pdzoom/887167615038_neu.webp|2893131_2.png|https://static.mueller.de/pdzoom/887167615045_4neu.webp|2893131_3.png|https://static.mueller.de/pdzoom/887167615045_3neu.webp|2893131_4.png|https://static.mueller.de/pdzoom/887167615045_2neu.webp|2893131_5.png|https://static.mueller.de/pdzoom/887167615045_1neu.webp||||||||||||||||||||||||3.5 g|Octyldodecanol, Neopentyl Glycol Diheptanoate, Polyethylene, Silica, Trimethylpentanediol/Adipic Acid/Glycerin Crosspolymer, Nylon-12, Pentaerythrityl Tetraisostearate, Oleic/Linoleic/Linolenic Polyglycerides, Caprylic/Capric Triglyceride, Disteardimonium Hectorite, Polyglyceryl-3 Diisostearate, Tocopherol, Salicornia Herbacea Extract, Polydecene, Stearalkonium Hectorite, Rubus Idaeus (Raspberry) Seed Oil, Limnanthes Alba (Meadowfoam) Seed Oil, Prunus Armeniaca (Apricot) Kernel Oil, Moringa Oil/Hydrogenated Moringa Oil Esters, Microcrystalline Wax\Cera Microcristallina\Cire Microcristalline, Propylene Carbonate, Lecithin, Saccharin, Fragrance (Parfum), Tocopheryl Acetate, Pentaerythrityl Tetra-Di-T-Butyl Hydroxyhydrocinnamate, [+/- Mica, Titanium Dioxide (Ci 77891), Iron Oxides (Ci 77491), Iron Oxides (Ci 77492), Iron Oxides (Ci 77499), Bismuth Oxychloride (Ci 77163), Blue 1 Lake (Ci 42090), Carmine (Ci 75470), Manganese Violet (Ci 77742), Red 6 (Ci 15850), Red 7 (Ci 15850), Red 7 Lake (Ci 15850), Red 21 (Ci 45380), Red 22 (Ci 45380), Red 27 (Ci 45410), Red 28 Lake (Ci 45410), Red 30 Lake (Ci 73360), Red 33 Lake (Ci 17200), Yellow 5 Lake (Ci 19140), Yellow 6 Lake (Ci 15985)] Bitte beachten Sie, dass sich die Liste der Inhaltsstoffe von Zeit zu Zeit ändern oder variieren kann. Die aktuellste Liste der Inhaltsstoffe finden Sie auf der Produktverpackung, die Sie erhalten.||True||2893131P|||||||||10
2497237|mueller||||||||2024-10-28|sigikid - Aktiv-Schnuffeltuch Traktor|SIGIKID||1|Stk.|Home|Spielwaren|Baby & Kleinkind|Babyspielzeug|Weiteres Spielzeug|sigikid - Aktiv-Schnuffeltuch Traktor||19,95 €|19,95 €|19,95 €|17,99 €||||10%|Sie sparen 10%|||||||EUR|Home> Spielwaren> Baby & Kleinkind> Babyspielzeug> Weiteres Spielzeug> sigikid - Aktiv-Schnuffeltuch Traktor|https://www.mueller.at/p/sigikid-aktiv-schnuffeltuch-traktor-2497237/|1 Stk.|"Der grasgrüne Traktor brummt nicht, er knistert! Darüberhinaus hat das witzige Schnuffeltuch alles, was für kleine Traktorfans wichtig wird: großes Fenster, Scheinwerfer, Schutzbleche, tolle Reifen... und sogar einen Mini-Anhänger in Form einer Beißplatte! Besonders spannend für Babys: die oberen Teile der Räder sind nicht festgenäht und somit für kleine Finger ""begreifbar"".
Obermaterial:
Polyester
Material innen:
Polyester
Altersempfehlung:
0-36 Monate
Größe (B x H x L in cm):
16 x 1 x 18"||||||||0 Monate||||||||||||||Non-Organic||||"{'target_group': 'Säuglinge|Kleinkinder', 'Artikelnummer des Herstellers': '42301', 'Altersempfehlung ab': '0 Monate', 'Inhalt': '1 Stk.', 'Produkttyp': 'Sonstiges erstes Spielzeug'}"||||||||||||||0|0|2497237_1.png|https://static.mueller.de/6802792341-PV-0/pdzoom/sigikid-aktiv-schnuffeltuch-traktor.webp|2497237_2.png|https://static.mueller.de/6802792341-PB-1/pdzoom/sigikid-aktiv-schnuffeltuch-traktor.webp||||||||||||||||||||42301||||||||||1 Stk.|||True||2497237P|||||||||10
2497239|mueller||||||||2024-10-28|sigikid - Aktiv-Schnuffeltuch Feuerwehr|SIGIKID||1|Stk.|Home|Spielwaren|Baby & Kleinkind|Babyspielzeug|Weiteres Spielzeug|sigikid - Aktiv-Schnuffeltuch Feuerwehr||19,95 €|19,95 €|19,95 €|17,99 €||||10%|Sie sparen 10%|||||||EUR|Home> Spielwaren> Baby & Kleinkind> Babyspielzeug> Weiteres Spielzeug> sigikid - Aktiv-Schnuffeltuch Feuerwehr|https://www.mueller.at/p/sigikid-aktiv-schnuffeltuch-feuerwehr-2497239/|1 Stk.|"Wenn das Feuerwehr-Gen in der Familie liegt, ist das bestimmt das richtige Geschenk für den Nachwuchs! Das weiche, knisternde Schmusetuch in Form eines Feuerwehrautos bringt als Anhänger sogar einen Rasselring mit.
Obermaterial:
Polyester
Material innen:
Polyester
Altersempfehlung:
0-36 Monate
Größe (B x H x L in cm):
11.5 x 1 x 18"||||||||0 Monate||||||||||||||Non-Organic||||"{'target_group': 'Säuglinge|Kleinkinder', 'Artikelnummer des Herstellers': '42304', 'Altersempfehlung ab': '0 Monate', 'Inhalt': '1 Stk.', 'Produkttyp': 'Sonstiges erstes Spielzeug'}"||||||||||||||0|0|2497239_1.png|https://static.mueller.de/6802792340-PV-0/pdzoom/sigikid-aktiv-schnuffeltuch-feuerwehr.webp||||||||||||||||||||||42304||||||||||1 Stk.|||True||2497239P|||||||||10
2233559|mueller||||||||2024-10-28|Cobicos Sunny Day Tagescreme mit LSF 15|COBICOS||50|ml|Home|Parfümerie|Pflege|Gesichtspflege|Tagespflege|Cobicos Sunny Day Tagescreme mit LSF 15||49,00 €|49,00 €|||||||||||980,00 € / 1 l|||EUR|Home> Parfümerie> Pflege> Gesichtspflege> Tagespflege> Cobicos Sunny Day Tagescreme mit LSF 15|https://www.mueller.at/p/cobicos-sunny-day-tagescreme-mit-lsf-15-2233559/|50 ml|"Die Sunny Day ist nicht einfach eine Tagescreme mit Lichtschutzfaktor. 
Sie verbindet die Eigenschaften einer perfekten Tagespflege hinsichtlich effektiver Wirkung und Pflege sowie dem Schutz vor UVA- und UVB-Strahlung mit LSF 15.

Die Sunny Day hat eine angenehm weiche, zarte Textur und lässt sich sehr gut auf die Haut auftragen und verteilen. Die mineralischen Lichtschutzpartikel verteilen sich mikrofein auf der Haut und behalten so den natürlichen Hautton bei.

Der LSF 15 ist ideal, um die empfindliche Haut tagsüber vor UV- und Bildschirmstrahlung zu schützen. Außerdem wird übermäßiger Pigmentierung und Entstehung von Rötungen vorgebeugt. 
Hocheffiziente Wirkstoffe wie der biologische Manukahonig 100+, Hibiskus und Magnolienextrakt unterstützen die Hautregeneration, sind antioxidativ wirksam, glätten die Muskelfasern und Erzielen eine schön gepflegte Haut. Der natürliche Alterungsprozess wird hinausgezögert."||||||||||||||||||||||Non-Organic||||{'target_group': 'Damen', 'manufacturer': 'Cobicos GmbH', 'Herstelleradresse': 'Edelweißstraße 31, 84032 Landshut', 'Kontaktmöglichkeit': 'info@cobicos.de', 'Anwendungshinweis': 'Nach der Reinigung und einem der cobicos Seren auf die Haut auftragen. Ideal auch als Make-Up Grundlage.', 'package_contents': 'Aqua, Titanium Dioxide, Glycerin***, Caprylic/Capric Triglyceride, Cetearyl Olivate, Olea Europaea Oil Unsaponifiables, Sorbitan Olivate, Cocos Nucifera Oil*, Alumina, Polyglyceryl-2- Dipolyhydroxystearate, Mel*, Rosa Canina Fruit Oil*, Parfum**, Caesalpinia Benthamiana Root Extract, Sodium Citrate, Polyglyceryl-3 Diisostearate, Sodium Anisate, Xanthan Gum, Tocopherol, Helianthus Annuus Seed Oil, Sclerotium Gum, Hippophae Rhamnoides Fruit Oil*, Sodium Levulinate, Glyceryl Caprylate, Sorbitan Laurate, Totarol, Limonene**, Avena Strigosa Seed Extract, Lecithin, Magnolia Grandiflora Flower Extract, Hibiscus Sabdariffa Flower Extract, Anisic Acid, Phytic Acid, Potassium Sorbate, Stearic Acid, Alcohol, Levulinic Acid, Citronellol**, Citral**, Sodium Benzoate, Geraniol**, Lactic Acid, Eugenol, Citric Acid, Coumarin, Rosmarinus Officinalis Leaf Extract\n*aus kontrolliert biologischem Anbau\n** aus natürlichen ätherischen Ölen\n*** aus pflanzlichem Ursprung\nDeutsch:\nWasser, Titanium Dioxide = Min', 'skin_type': 'alle Hauttypen', 'Inhalt': '50 ml', 'scope_of_application': 'Tagespflege', 'Produkttyp': 'Creme'}||||||||||||||0|0|2233559_1.png|https://static.mueller.de/5994207450-PV-0/pdzoom/cobicos-sunny-day-tagescreme-mit-lsf-15.webp|2233559_2.png|https://static.mueller.de/5994207450-VV-1/pdzoom/cobicos-sunny-day-tagescreme-mit-lsf-15.webp|2233559_3.png|https://static.mueller.de/5994207450-PB-2/pdzoom/cobicos-sunny-day-tagescreme-mit-lsf-15.webp|2233559_4.png|https://static.mueller.de/5994207450-PB-3/pdzoom/cobicos-sunny-day-tagescreme-mit-lsf-15.webp|2233559_5.png|https://static.mueller.de/5994207450-PB-4/pdzoom/cobicos-sunny-day-tagescreme-mit-lsf-15.webp||||||||||||||Cobicos GmbH||||||||||50 ml|"Aqua, Titanium Dioxide, Glycerin***, Caprylic/Capric Triglyceride, Cetearyl Olivate, Olea Europaea Oil Unsaponifiables, Sorbitan Olivate, Cocos Nucifera Oil*, Alumina, Polyglyceryl-2- Dipolyhydroxystearate, Mel*, Rosa Canina Fruit Oil*, Parfum**, Caesalpinia Benthamiana Root Extract, Sodium Citrate, Polyglyceryl-3 Diisostearate, Sodium Anisate, Xanthan Gum, Tocopherol, Helianthus Annuus Seed Oil, Sclerotium Gum, Hippophae Rhamnoides Fruit Oil*, Sodium Levulinate, Glyceryl Caprylate, Sorbitan Laurate, Totarol, Limonene**, Avena Strigosa Seed Extract, Lecithin, Magnolia Grandiflora Flower Extract, Hibiscus Sabdariffa Flower Extract, Anisic Acid, Phytic Acid, Potassium Sorbate, Stearic Acid, Alcohol, Levulinic Acid, Citronellol**, Citral**, Sodium Benzoate, Geraniol**, Lactic Acid, Eugenol, Citric Acid, Coumarin, Rosmarinus Officinalis Leaf Extract
*aus kontrolliert biologischem Anbau
** aus natürlichen ätherischen Ölen
*** aus pflanzlichem Ursprung
Deutsch:
Wasser, Titanium Dioxide = Min"||True||2233559P|||||||||5
2890938|mueller||||||||2024-10-28|Günther Flugmodelle - 1251 FANTASY SLED KITE, Klassischer Schlitten-Drachen|GÜNTHER FLUGSPIELE||1|Stk.|Home|Spielwaren|Sport & Outdoor|Drachen|Günther Flugmodelle - 1251 FANTASY SLED KITE, Klassischer Schlitten-Drachen|||12,99 €|12,99 €||||||||||||||EUR|Home> Spielwaren> Sport & Outdoor> Drachen> Günther Flugmodelle - 1251 FANTASY SLED KITE, Klassischer Schlitten-Drachen|https://www.mueller.at/p/guenther-flugmodelle-1251-fantasy-sled-kite-klassischer-schlitten-drachen-IPN2890938/|1 Stk.|"Klassischer Schlitten-Drachen aus Ripstop-Polyester
- Farbenprächtige, lichtechte Segel
- 4 x 3 Meter langer Schwanz
- Unzerbrechliche Fiberglasstäbe
- Einfacher Aufbau, schnell flugbereit
- Mit Wickelgriff und Drachenschnur
Farbenfrohe Drachen am Himmel – ganz einfach mit unseren hochwertigen Einleinerdrachen aus Polyester mit ihren farbenprächtigen, lichtechten Segeln und bruchsicheren Fiberglasstäben. Griff und Schnur sind natürlich inklusive. Harmonische Formen, leuchtende Farben und geometrische Muster begeistern und gefesselt vom Blick zum Himmel würde man am liebsten die Zeit anhalten.

Schlittendrachen mit 2 Längsstäben, ohne Querstäbe. Der Wind bringt den Fantasy in seine Schlittenform, die 4 x 3 m langen Schwänze sorgen für stabiles Flugverhalten.

Alter: 6+
Größe: 82 x 61 cm
Wind: 15 - 40 km/h"||||||||6 Jahre||||||||||||||Non-Organic||||"{'target_group': 'Grundschüler|Jugendliche', 'Artikelnummer des Herstellers': '1251', 'Altersempfehlung ab': '6 Jahre', 'Inhalt': '1 Stk.', 'Produkttyp': 'Kinderdrachen'}"||||||||||||||0|0|2890938_1.png|https://static.mueller.de/pdzoom/4001664912513.webp|2890938_2.png|https://static.mueller.de/pdzoom/4001664912513_2.webp||||||||||||||||||||1251||||||||||1 Stk.|||True||2890938P|||||||||10
770823|mueller||||||||2024-10-28|Viessmann 6882 - Muffen braun, 10 Stück|VIESSMANN||1|Stk.|Home|Spielwaren|Modellbau & Modelleisenbahn|Modelleisenbahn|Zubehör|Viessmann 6882 - Muffen braun, 10 Stück||3,99 €|3,99 €||||||||||||||EUR|Home> Spielwaren> Modellbau & Modelleisenbahn> Modelleisenbahn> Zubehör> Viessmann 6882 - Muffen braun, 10 Stück|https://www.mueller.at/p/viessmann-6882-muffen-braun-10-stueck-770823/|1 Stk.|Besonders stabil für eine sichere Befestigung und Stromübertragung.||||||||14 Jahre||||||||||||||Non-Organic||||"{'target_group': 'Erwachsene|Jugendliche', 'Artikelnummer des Herstellers': '6882', 'license': 'Viessmann Zubehör', 'Altersempfehlung ab': '14 Jahre', 'Altersempfehlung bis': '99 Jahre', 'Materialdetails': 'Kunststoff (Hauptsächlich)', 'Material': 'Kunststoff (Hauptsächlich)', 'Inhalt': '1 Stk.', 'Produkttyp': 'Elektrisches Zubehör'}"||||||||Kunststoff (Hauptsächlich)||||||0|0|770823_1.png|https://static.mueller.de/6516992803-PV-0/pdzoom/viessmann-6882-muffen-braun-10-stueck.webp||||||||||||||||||||||6882||||||||||1 Stk.|||True||770823P|||||||||8
770824|mueller||||||||2024-10-28|Viessmann 6883 - Muffen blau, 10 Stück|VIESSMANN||1|Stk.|Home|Spielwaren|Modellbau & Modelleisenbahn|Modelleisenbahn|Zubehör|Viessmann 6883 - Muffen blau, 10 Stück||3,99 €|3,99 €||||||||||||||EUR|Home> Spielwaren> Modellbau & Modelleisenbahn> Modelleisenbahn> Zubehör> Viessmann 6883 - Muffen blau, 10 Stück|https://www.mueller.at/p/viessmann-6883-muffen-blau-10-stueck-770824/|1 Stk.|Besonders stabil für eine sichere Befestigung und Stromübertragung.||||||||14 Jahre||||||||||||||Non-Organic||||"{'target_group': 'Erwachsene|Jugendliche', 'Artikelnummer des Herstellers': '6883', 'license': 'Viessmann Zubehör', 'Altersempfehlung ab': '14 Jahre', 'Altersempfehlung bis': '99 Jahre', 'Materialdetails': 'Kunststoff (Hauptsächlich)', 'Material': 'Kunststoff (Hauptsächlich)', 'Inhalt': '1 Stk.', 'Produkttyp': 'Elektrisches Zubehör'}"||||||||Kunststoff (Hauptsächlich)||||||0|0|770824_1.png|https://static.mueller.de/6516992804-PV-0/pdzoom/viessmann-6883-muffen-blau-10-stueck.webp||||||||||||||||||||||6883||||||||||1 Stk.|||True||770824P|||||||||10
770826|mueller||||||||2024-10-28|Viessmann 6886 - Muffen schwarz, 10 Stück|VIESSMANN||1|Stk.|Home|Spielwaren|Modellbau & Modelleisenbahn|Modelleisenbahn|Zubehör|Viessmann 6886 - Muffen schwarz, 10 Stück||3,99 €|3,99 €||||||||||||||EUR|Home> Spielwaren> Modellbau & Modelleisenbahn> Modelleisenbahn> Zubehör> Viessmann 6886 - Muffen schwarz, 10 Stück|https://www.mueller.at/p/viessmann-6886-muffen-schwarz-10-stueck-770826/|1 Stk.|Besonders stabil für eine sichere Befestigung und Stromübertragung.||||||||14 Jahre||||||||||||||Non-Organic||||"{'target_group': 'Erwachsene|Jugendliche', 'Artikelnummer des Herstellers': '6886', 'license': 'Viessmann Zubehör', 'Altersempfehlung ab': '14 Jahre', 'Altersempfehlung bis': '99 Jahre', 'Materialdetails': 'Kunststoff (Hauptsächlich)', 'Material': 'Kunststoff (Hauptsächlich)', 'Inhalt': '1 Stk.', 'Produkttyp': 'Elektrisches Zubehör'}"||||||||Kunststoff (Hauptsächlich)||||||0|0|770826_1.png|https://static.mueller.de/6516992805-PV-0/pdzoom/viessmann-6886-muffen-schwarz-10-stueck.webp||||||||||||||||||||||6886||||||||||1 Stk.|||True||770826P|||||||||6
770828|mueller||||||||2024-10-28|Viessmann 6887 - Muffen weiß, 10 Stück|VIESSMANN||1|Stk.|Home|Spielwaren|Modellbau & Modelleisenbahn|Modelleisenbahn|Zubehör|Viessmann 6887 - Muffen weiß, 10 Stück||3,99 €|3,99 €||||||||||||||EUR|Home> Spielwaren> Modellbau & Modelleisenbahn> Modelleisenbahn> Zubehör> Viessmann 6887 - Muffen weiß, 10 Stück|https://www.mueller.at/p/viessmann-6887-muffen-weiss-10-stueck-770828/|1 Stk.|Besonders stabil für eine sichere Befestigung und Stromübertragung.||||||||14 Jahre||||||||||||||Non-Organic||||"{'target_group': 'Erwachsene|Jugendliche', 'Artikelnummer des Herstellers': '6887', 'license': 'Viessmann Zubehör', 'Altersempfehlung ab': '14 Jahre', 'Altersempfehlung bis': '99 Jahre', 'Materialdetails': 'Kunststoff (Hauptsächlich)', 'Material': 'Kunststoff (Hauptsächlich)', 'Inhalt': '1 Stk.', 'Produkttyp': 'Elektrisches Zubehör'}"||||||||Kunststoff (Hauptsächlich)||||||0|0|770828_1.png|https://static.mueller.de/6516992806-PV-0/pdzoom/viessmann-6887-muffen-weiss-10-stueck.webp||||||||||||||||||||||6887||||||||||1 Stk.|||True||770828P|||||||||3
770820|mueller||||||||2024-10-28|Viessmann 6880 - Muffen rot, 10 Stück|VIESSMANN||1|Stk.|Home|Spielwaren|Modellbau & Modelleisenbahn|Modelleisenbahn|Zubehör|Viessmann 6880 - Muffen rot, 10 Stück||3,99 €|3,99 €||||||||||||||EUR|Home> Spielwaren> Modellbau & Modelleisenbahn> Modelleisenbahn> Zubehör> Viessmann 6880 - Muffen rot, 10 Stück|https://www.mueller.at/p/viessmann-6880-muffen-rot-10-stueck-770820/|1 Stk.|Besonders stabil für eine sichere Befestigung und Stromübertragung.||||||||14 Jahre||||||||||||||Non-Organic||||"{'target_group': 'Erwachsene|Jugendliche', 'Artikelnummer des Herstellers': '6880', 'license': 'Viessmann Zubehör', 'Altersempfehlung ab': '14 Jahre', 'Altersempfehlung bis': '99 Jahre', 'Materialdetails': 'Kunststoff (Hauptsächlich)', 'Material': 'Kunststoff (Hauptsächlich)', 'Inhalt': '1 Stk.', 'Produkttyp': 'Elektrisches Zubehör'}"||||||||Kunststoff (Hauptsächlich)||||||0|0|770820_1.png|https://static.mueller.de/6516992801-PV-0/pdzoom/viessmann-6880-muffen-rot-10-stueck.webp||||||||||||||||||||||6880||||||||||1 Stk.|||True||770820P|||||||||10
770821|mueller||||||||2024-10-28|Viessmann 6881 - Muffen grün, 10 Stück|VIESSMANN||1|Stk.|Home|Spielwaren|Modellbau & Modelleisenbahn|Modelleisenbahn|Zubehör|Viessmann 6881 - Muffen grün, 10 Stück||3,99 €|3,99 €||||||||||||||EUR|Home> Spielwaren> Modellbau & Modelleisenbahn> Modelleisenbahn> Zubehör> Viessmann 6881 - Muffen grün, 10 Stück|https://www.mueller.at/p/viessmann-6881-muffen-gruen-10-stueck-770821/|1 Stk.|Besonders stabil für eine sichere Befestigung und Stromübertragung.||||||||14 Jahre||||||||||||||Non-Organic||||"{'target_group': 'Erwachsene|Jugendliche', 'Artikelnummer des Herstellers': '6881', 'license': 'Viessmann Zubehör', 'Altersempfehlung ab': '14 Jahre', 'Altersempfehlung bis': '99 Jahre', 'Materialdetails': 'Kunststoff (Hauptsächlich)', 'Material': 'Kunststoff (Hauptsächlich)', 'Inhalt': '1 Stk.', 'Produkttyp': 'Elektrisches Zubehör'}"||||||||Kunststoff (Hauptsächlich)||||||0|0|770821_1.png|https://static.mueller.de/6516992802-PV-0/pdzoom/viessmann-6881-muffen-gruen-10-stueck.webp||||||||||||||||||||||6881||||||||||1 Stk.|||True||770821P|||||||||6
770819|mueller||||||||2024-10-28|Viessmann 6879 - Muffen gelb, 10 Stück|VIESSMANN||1|Stk.|Home|Spielwaren|Modellbau & Modelleisenbahn|Modelleisenbahn|Zubehör|Viessmann 6879 - Muffen gelb, 10 Stück||3,99 €|3,99 €||||||||||||||EUR|Home> Spielwaren> Modellbau & Modelleisenbahn> Modelleisenbahn> Zubehör> Viessmann 6879 - Muffen gelb, 10 Stück|https://www.mueller.at/p/viessmann-6879-muffen-gelb-10-stueck-770819/|1 Stk.|Besonders stabil für eine sichere Befestigung und Stromübertragung.||||||||14 Jahre||||||||||||||Non-Organic||||"{'target_group': 'Erwachsene|Jugendliche', 'Artikelnummer des Herstellers': '6879', 'license': 'Viessmann Zubehör', 'Altersempfehlung ab': '14 Jahre', 'Altersempfehlung bis': '99 Jahre', 'Materialdetails': 'Kunststoff (Hauptsächlich)', 'Material': 'Kunststoff (Hauptsächlich)', 'Inhalt': '1 Stk.', 'Produkttyp': 'Elektrisches Zubehör'}"||||||||Kunststoff (Hauptsächlich)||||||0|0|770819_1.png|https://static.mueller.de/6516992800-PV-0/pdzoom/viessmann-6879-muffen-gelb-10-stueck.webp||||||||||||||||||||||6879||||||||||1 Stk.|||True||770819P|||||||||10
2233548|mueller||||||||2024-10-28|Die 30 Besten Kinderlieder 2 (DVD)|||1|Stk.|Home|Multi-Media|Filme & TV|Kinderfilme|Die 30 Besten Kinderlieder 2 (DVD)|||12,99 €|12,99 €||||||||||||||EUR|Home> Multi-Media> Filme & TV> Kinderfilme> Die 30 Besten Kinderlieder 2 (DVD)|https://www.mueller.at/p/die-30-besten-kinderlieder-2-dvd-2233548/|1 Stk.|Die 30 Besten Kinderlieder 2 (DVD)||||||||||||||||||||||Non-Organic||||{'medium': 'DVD', 'Inhalt': '1 Stk.', 'Hauptgenre': 'Kinder'}||||||||||||||0|0|2233548_1.png|https://static.mueller.de/7097772026-PV-0/pdzoom/die-30-besten-kinderlieder-2-dvd.webp||||||||||||||||||||||||||||||||1 Stk.|||True||2233548P|||||||||5
22663|mueller||||||||2024-10-28|LEITZ Jurismappe A4 gelb|LEITZ||1|Stk.|Home|Schreibwaren|Büro|Ordner & Mappen|Mappen|LEITZ Jurismappe A4 gelb||2,09 €|2,09 €||||||||||||||EUR|Home> Schreibwaren> Büro> Ordner & Mappen> Mappen> LEITZ Jurismappe A4 gelb|https://www.mueller.at/p/leitz-jurismappe-a4-gelb-22663/|1 Stk.|"Jurismappe in bunten Farben für die tägliche Ablage von Unterlagen. Schnelle und einfache Lösung zur Ablage und zum Transport von Dokumenten im Büro oder unterwegs. Mit seitlichen Schutzklappen für eine sichere Aufbewahrung des Inhalts.3 vollflächig verklebte Klappen am Rückdeckel für einen sicheren Halt der Unterlagen
Falzungen an den Klappen für eine individuelle Einstellung auf die Inahltsmenge
Mit Beschriftungslinien auf dem Vorderdeckel
Hochwertiger, stabiler Karton für eine lange Lebensdauer
Für Format A4
Für bis zu 250 Blatt (80 g/m²)
Hergestellt aus 100% Recycling Pendarec Karton (430 g/m²), Blauer Engel"||||||||||||||||||||||Non-Organic||||{'Material': 'Karton', 'Farbe': 'gelb', 'Inhalt': '1 Stk.', 'Produkttyp': 'Mappen'}||||||gelb||||||||0|0|22663_1.png|https://static.mueller.de/6486200333-PV-0/pdzoom/leitz-jurismappe-a4-gelb.webp||||||||||||||||||||||||||||||||1 Stk.|||True||22663P|||||||||35
22664|mueller||||||||2024-10-28|LEITZ Jurismappe A4 blau|LEITZ||1|Stk.|Home|Schreibwaren|Büro|Ordner & Mappen|Mappen|LEITZ Jurismappe A4 blau||2,09 €|2,09 €||||||||||||||EUR|Home> Schreibwaren> Büro> Ordner & Mappen> Mappen> LEITZ Jurismappe A4 blau|https://www.mueller.at/p/leitz-jurismappe-a4-blau-22664/|1 Stk.|"Jurismappe in bunten Farben für die tägliche Ablage von Unterlagen. Schnelle und einfache Lösung zur Ablage und zum Transport von Dokumenten im Büro oder unterwegs. Mit seitlichen Schutzklappen für eine sichere Aufbewahrung des Inhalts.3 vollflächig verklebte Klappen am Rückdeckel für einen sicheren Halt der Unterlagen
Falzungen an den Klappen für eine individuelle Einstellung auf die Inahltsmenge
Mit Beschriftungslinien auf dem Vorderdeckel
Hochwertiger, stabiler Karton für eine lange Lebensdauer
Für Format A4
Für bis zu 250 Blatt (80 g/m²)
Hergestellt aus 100% Recycling Pendarec Karton (430 g/m²), Blauer Engel"||||||||||||||||||||||Non-Organic||||{'scope_of_delivery': '1 Stück', 'Material': 'Karton', 'Farbe': 'blau', 'Inhalt': '1 Stk.', 'Produkttyp': 'Mappen'}||||||blau||||||||0|0|22664_1.png|https://static.mueller.de/6486200769-PV-0/pdzoom/leitz-jurismappe-a4-blau.webp||||||||||||||||||||||||||||||||1 Stk.|||True||22664P|||||||||35
770812|mueller||||||||2024-10-28|Viessmann 6871 - Querlochstecker rot, 10 Stück|VIESSMANN||1|Stk.|Home|Spielwaren|Modellbau & Modelleisenbahn|Modelleisenbahn|Zubehör|Viessmann 6871 - Querlochstecker rot, 10 Stück||4,99 €|4,99 €||||||||||||||EUR|Home> Spielwaren> Modellbau & Modelleisenbahn> Modelleisenbahn> Zubehör> Viessmann 6871 - Querlochstecker rot, 10 Stück|https://www.mueller.at/p/viessmann-6871-querlochstecker-rot-10-stueck-770812/|1 Stk.|Besonders stabil für eine sichere Befestigung und Stromübertragung.||||||||14 Jahre||||||||||||||Non-Organic||||"{'target_group': 'Erwachsene|Jugendliche', 'Artikelnummer des Herstellers': '6871', 'license': 'Viessmann Zubehör', 'Altersempfehlung ab': '14 Jahre', 'Altersempfehlung bis': '99 Jahre', 'Materialdetails': 'Kunststoff (Hauptsächlich)', 'Material': 'Kunststoff (Hauptsächlich)', 'Inhalt': '1 Stk.', 'Produkttyp': 'Elektrisches Zubehör'}"||||||||Kunststoff (Hauptsächlich)||||||0|0|770812_1.png|https://static.mueller.de/6516992794-PV-0/pdzoom/viessmann-6871-querlochstecker-rot-10-stueck.webp||||||||||||||||||||||6871||||||||||1 Stk.|||True||770812P|||||||||10
770813|mueller||||||||2024-10-28|Viessmann 6872 - Querlochstecker grün, 10 Stück|VIESSMANN||1|Stk.|Home|Spielwaren|Modellbau & Modelleisenbahn|Modelleisenbahn|Zubehör|Viessmann 6872 - Querlochstecker grün, 10 Stück||4,99 €|4,99 €||||||||||||||EUR|Home> Spielwaren> Modellbau & Modelleisenbahn> Modelleisenbahn> Zubehör> Viessmann 6872 - Querlochstecker grün, 10 Stück|https://www.mueller.at/p/viessmann-6872-querlochstecker-gruen-10-stueck-770813/|1 Stk.|Besonders stabil für eine sichere Befestigung und Stromübertragung.||||||||14 Jahre||||||||||||||Non-Organic||||"{'target_group': 'Erwachsene|Jugendliche', 'Artikelnummer des Herstellers': '6872', 'license': 'Viessmann Zubehör', 'Altersempfehlung ab': '14 Jahre', 'Altersempfehlung bis': '99 Jahre', 'Materialdetails': 'Kunststoff (Hauptsächlich)', 'Material': 'Kunststoff (Hauptsächlich)', 'Inhalt': '1 Stk.', 'Produkttyp': 'Elektrisches Zubehör'}"||||||||Kunststoff (Hauptsächlich)||||||0|0|770813_1.png|https://static.mueller.de/6516992795-PV-0/pdzoom/viessmann-6872-querlochstecker-gruen-10-stueck.webp||||||||||||||||||||||6872||||||||||1 Stk.|||True||770813P|||||||||10
770814|mueller||||||||2024-10-28|Viessmann 6873 - Querlochstecker braun, 10 Stück|VIESSMANN||1|Stk.|Home|Spielwaren|Modellbau & Modelleisenbahn|Modelleisenbahn|Zubehör|Viessmann 6873 - Querlochstecker braun, 10 Stück||4,99 €|4,99 €||||||||||||||EUR|Home> Spielwaren> Modellbau & Modelleisenbahn> Modelleisenbahn> Zubehör> Viessmann 6873 - Querlochstecker braun, 10 Stück|https://www.mueller.at/p/viessmann-6873-querlochstecker-braun-10-stueck-770814/|1 Stk.|Besonders stabil für eine sichere Befestigung und Stromübertragung.||||||||14 Jahre||||||||||||||Non-Organic||||"{'target_group': 'Erwachsene|Jugendliche', 'Artikelnummer des Herstellers': '6873', 'license': 'Viessmann Zubehör', 'Altersempfehlung ab': '14 Jahre', 'Altersempfehlung bis': '99 Jahre', 'Materialdetails': 'Kunststoff (Hauptsächlich)', 'Material': 'Kunststoff (Hauptsächlich)', 'Inhalt': '1 Stk.', 'Produkttyp': 'Elektrisches Zubehör'}"||||||||Kunststoff (Hauptsächlich)||||||0|0|770814_1.png|https://static.mueller.de/6516992796-PV-0/pdzoom/viessmann-6873-querlochstecker-braun-10-stueck.webp||||||||||||||||||||||6873||||||||||1 Stk.|||True||770814P|||||||||10
770816|mueller||||||||2024-10-28|Viessmann 6874 - Querlochstecker blau, 10 Stück|VIESSMANN||1|Stk.|Home|Spielwaren|Modellbau & Modelleisenbahn|Modelleisenbahn|Zubehör|Viessmann 6874 - Querlochstecker blau, 10 Stück||4,99 €|4,99 €||||||||||||||EUR|Home> Spielwaren> Modellbau & Modelleisenbahn> Modelleisenbahn> Zubehör> Viessmann 6874 - Querlochstecker blau, 10 Stück|https://www.mueller.at/p/viessmann-6874-querlochstecker-blau-10-stueck-770816/|1 Stk.|Besonders stabil für eine sichere Befestigung und Stromübertragung.||||||||14 Jahre||||||||||||||Non-Organic||||"{'target_group': 'Erwachsene|Jugendliche', 'Artikelnummer des Herstellers': '6874', 'license': 'Viessmann Zubehör', 'Altersempfehlung ab': '14 Jahre', 'Altersempfehlung bis': '99 Jahre', 'Materialdetails': 'Kunststoff (Hauptsächlich)', 'Material': 'Kunststoff (Hauptsächlich)', 'Inhalt': '1 Stk.', 'Produkttyp': 'Elektrisches Zubehör'}"||||||||Kunststoff (Hauptsächlich)||||||5.0|1|770816_1.png|https://static.mueller.de/6516992797-PV-0/pdzoom/viessmann-6874-querlochstecker-blau-10-stueck.webp||||||||||||||||||||||6874||||||||||1 Stk.|||True||770816P|||||||||10
770817|mueller||||||||2024-10-28|Viessmann 6877 - Querlochstecker schwarz, 10 Stück|VIESSMANN||1|Stk.|Home|Spielwaren|Modellbau & Modelleisenbahn|Modelleisenbahn|Zubehör|Viessmann 6877 - Querlochstecker schwarz, 10 Stück||4,99 €|4,99 €||||||||||||||EUR|Home> Spielwaren> Modellbau & Modelleisenbahn> Modelleisenbahn> Zubehör> Viessmann 6877 - Querlochstecker schwarz, 10 Stück|https://www.mueller.at/p/viessmann-6877-querlochstecker-schwarz-10-stueck-770817/|1 Stk.|Besonders stabil für eine sichere Befestigung und Stromübertragung.||||||||14 Jahre||||||||||||||Non-Organic||||"{'target_group': 'Erwachsene|Jugendliche', 'Artikelnummer des Herstellers': '6877', 'license': 'Viessmann Zubehör', 'Altersempfehlung ab': '14 Jahre', 'Altersempfehlung bis': '99 Jahre', 'Materialdetails': 'Kunststoff (Hauptsächlich)', 'Material': 'Kunststoff (Hauptsächlich)', 'Inhalt': '1 Stk.', 'Produkttyp': 'Elektrisches Zubehör'}"||||||||Kunststoff (Hauptsächlich)||||||0|0|770817_1.png|https://static.mueller.de/6516992798-PV-0/pdzoom/viessmann-6877-querlochstecker-schwarz-10-stueck.webp||||||||||||||||||||||6877||||||||||1 Stk.|||True||770817P|||||||||6
770818|mueller||||||||2024-10-28|Viessmann 6878 - Querlochstecker weiß, 10 Stück|VIESSMANN||1|Stk.|Home|Spielwaren|Modellbau & Modelleisenbahn|Modelleisenbahn|Zubehör|Viessmann 6878 - Querlochstecker weiß, 10 Stück||4,99 €|4,99 €||||||||||||||EUR|Home> Spielwaren> Modellbau & Modelleisenbahn> Modelleisenbahn> Zubehör> Viessmann 6878 - Querlochstecker weiß, 10 Stück|https://www.mueller.at/p/viessmann-6878-querlochstecker-weiss-10-stueck-770818/|1 Stk.|Besonders stabil für eine sichere Befestigung und Stromübertragung.||||||||14 Jahre||||||||||||||Non-Organic||||"{'target_group': 'Erwachsene|Jugendliche', 'Artikelnummer des Herstellers': '6878', 'license': 'Viessmann Zubehör', 'Altersempfehlung ab': '14 Jahre', 'Altersempfehlung bis': '99 Jahre', 'Materialdetails': 'Kunststoff (Hauptsächlich)', 'Material': 'Kunststoff (Hauptsächlich)', 'Inhalt': '1 Stk.', 'Produkttyp': 'Elektrisches Zubehör'}"||||||||Kunststoff (Hauptsächlich)||||||0|0|770818_1.png|https://static.mueller.de/6516992799-PV-0/pdzoom/viessmann-6878-querlochstecker-weiss-10-stueck.webp||||||||||||||||||||||6878||||||||||1 Stk.|||True||770818P|||||||||10
521380|mueller||||||||2024-10-28|JOJO Omawichtel|JOJO||1|Stk.|Home|Haushalt|Wohnen & Dekorieren|Deko-Zubehör|JOJO Omawichtel|||4,99 €|4,99 €||||||||||||||EUR|Home> Haushalt> Wohnen & Dekorieren> Deko-Zubehör> JOJO Omawichtel|https://www.mueller.at/p/jojo-omawichtel-521380/|1 Stk.|"Kärtchentext:
""Oma so lieb, Oma so nett,
ach wenn ich dich meine Oma nicht hätt`,
Wär's auf der welt so traurig und leer,
denn eine Oma wie dich gitbt`s nie mehr!""

Größe des Wichtels: ca. 9cm
Die Karte wird mit einem zufälligen Wichtel (verschiedene Farben) geliefert.

JOJO Fair-Trade Siegel:
Die JOJO Glückswichtel werden von Hand in BSCI-zertifizierten Betrieben in China hergestellt. D.h. die fairen Arbeitsbedingungen werden dort streng überwacht. Textideen und Grafikdesign sowie Polybeutel- und Kartenproduktion stammen aus Deutschland. 
Dieser liebevolle Omawichtel ist durch seine herzliche Anmutung und den netten Spruch das ideale Geschenk für einen tolle Oma. Durch das leichte Gewicht und die handlichen Maße kann er überall als Glücksbringer, Beschützer, Mutmacher und Talisman mitgetragen werden. Drücke deine Zuneigung auf witzige und charmante Weise aus und die Beschenkten werden sich bei jedem Anblick an die nette Botschaft erinnern und diese bestimmt nicht vergessen!
Jedes Stück ein Unikat: Die Glücksbringer werden sorgfältig von Hand fair produziert.
Damit jeder möglichst lange etwas von diesem Glücksbringer hat, ist er sorgsam in einer wiederverschließbaren , kompostierbaren Schutzfolie verpackt.
Extra Geschenkkarte: Jedem Glückswichtel liegt eine 4-farbige Geschenkkarte (ca. 9x13cm) mit passendem Text auf der Vorderseite bei. Die Rückseite bietet genügend Platz um noch eine persönliche Botschaft ergänzen zu können."||||||||||||||||||||||Non-Organic||||{'Pflegehinweis': 'Nicht waschen', 'manufacturer': 'JOJO Joachim Kürz e.K.', 'Herstelleradresse': 'Dr.-Rudolf-Eberle-Str. 12, DE-79725 Laufenburg', 'Kontaktmöglichkeit': 'info@jojo-line.de', 'Inhalt': '1 Stk.'}||||||||||||||0|0|521380_1.png|https://static.mueller.de/6483405174-PV-0/pdzoom/jojo-omawichtel.webp||||||||||||||||Nicht waschen||||||JOJO Joachim Kürz e.K.||||||||||1 Stk.|||True||521380P|||||||||10
770810|mueller||||||||2024-10-28|Viessmann 6870 - Querlochstecker gelb, 10 Stück|VIESSMANN||1|Stk.|Home|Spielwaren|Modellbau & Modelleisenbahn|Modelleisenbahn|Zubehör|Viessmann 6870 - Querlochstecker gelb, 10 Stück||4,99 €|4,99 €||||||||||||||EUR|Home> Spielwaren> Modellbau & Modelleisenbahn> Modelleisenbahn> Zubehör> Viessmann 6870 - Querlochstecker gelb, 10 Stück|https://www.mueller.at/p/viessmann-6870-querlochstecker-gelb-10-stueck-770810/|1 Stk.|Besonders stabil für eine sichere Befestigung und Stromübertragung.||||||||14 Jahre||||||||||||||Non-Organic||||"{'target_group': 'Erwachsene|Jugendliche', 'Artikelnummer des Herstellers': '6870', 'license': 'Viessmann Zubehör', 'Altersempfehlung ab': '14 Jahre', 'Altersempfehlung bis': '99 Jahre', 'Materialdetails': 'Kunststoff (Hauptsächlich)', 'Material': 'Kunststoff (Hauptsächlich)', 'Inhalt': '1 Stk.', 'Produkttyp': 'Elektrisches Zubehör'}"||||||||Kunststoff (Hauptsächlich)||||||0|0|770810_1.png|https://static.mueller.de/6516992793-PV-0/pdzoom/viessmann-6870-querlochstecker-gelb-10-stueck.webp||||||||||||||||||||||6870||||||||||1 Stk.|||True||770810P|||||||||10
2101690|mueller||||||||2024-10-28|Suicide Squad|||1|Stk.|Home|Multi-Media|Filme & TV|Action & Abenteuer|Suicide Squad|||7,99 €|7,99 €||||||||||||||EUR|Home> Multi-Media> Filme & TV> Action & Abenteuer> Suicide Squad|https://www.mueller.at/p/suicide-squad-2101690/|1 Stk.|It feels good to be bad … Man stellt ein Team aus den gefährlichsten derzeit einsitzenden Superschurken zusammen, rüstet sie mit dem schlagkräftigsten staatlich geprüften Waffenarsenal aus und schickt sie auf ein Himmelfahrtskommando, um einem rätselhaften, unüberwindlichen Wesen den Garaus zu machen: Die amerikanische Geheimagentin Amanda Waller ist überzeugt, dass nur eine heimlich instruierte Gruppe aus bunt zusammengewürfelten, zwielichtigen Gestalten vom Bodensatz der Gesellschaft diese Mission meistern kann – weil sie nichts zu verlieren hat. Doch schon bald merken die Mitglieder der Suicide Squad, dass sie nicht rekrutiert worden sind, weil sie eine Chance auf Erfolg haben – vielmehr sollen sie praktische Sündenböcke abgeben, wenn das Unternehmen unweigerlich scheitert. Wie aber reagieren sie auf diese Erkenntnis? Stellen sie sich der Aufgabe, um beim Versuch draufzugehen? Oder beschließen sie, dass jeder seine eigene Haut retten muss?||||||||||||||||||||||Non-Organic||||{'medium': 'DVD', 'Untertitel': 'Französisch,Holländisch', 'manufacturer': 'Warner Bros (Universal Pictures)', 'Bildformat': 'Widescreen', 'Zusatzinfos / Bonusmaterial beim Film dabei': 'Verpatzte Szenen;', 'Inhalt': '1 Stk.', 'Laufzeit in min (gesamt)': '118', 'Produktionsjahr': '2016', 'Produktionsland': 'USA', 'Regisseur': 'David Ayer', 'Schauspieler': 'Viola Davis,Joel Kinnaman,Cara Delevingne,Jai Courtney,Scott Eastwood,Margot Robbie,Jared Leto,Will Smith', 'Special Edition': 'Nein', 'Tonformat-Sprache': 'Deutsch,Englisch,Französisch,Italienisch', 'Untertitel für Gehörlose': 'Deutsch,Englisch,Italienisch', 'packaging_type': 'Softbox', 'Hauptgenre': 'Action'}||||||||||||||0|0|2101690_1.png|https://static.mueller.de/videojakob_5051890302663_pv_499437/pdzoom/suicide-squad.webp|2101690_2.png|https://static.mueller.de/pdzoom/videojakob_5051890302663_pr_499437-back.webp|2101690_3.png|https://static.mueller.de/videojakob_5051890302663_pd_39115563/pdzoom/suicide-squad.webp|2101690_4.png|https://static.mueller.de/videojakob_5051890302663_pd_39115797/pdzoom/suicide-squad.webp|2101690_5.png|https://static.mueller.de/videojakob_5051890302663_pd_39116047/pdzoom/suicide-squad.webp|2101690_6.png|https://static.mueller.de/videojakob_5051890302663_pd_39117063/pdzoom/suicide-squad.webp||||||||||||Warner Bros (Universal Pictures)||||||||||1 Stk.|||True||2101690P|||||||||5
2365345|mueller||||||||2024-10-28|Starter-Box Schwestern|||1|Stk.|Home|Multi-Media|Musik|Hörspiele|Starter-Box Schwestern|||12,99 €|12,99 €||||||||||||||EUR|Home> Multi-Media> Musik> Hörspiele> Starter-Box Schwestern|https://www.mueller.at/p/starter-box-schwestern-2365345/|1 Stk.|||||||||||||||||||||||Non-Organic||||{'medium': 'CD', 'Spieldauer in Min.': '190', 'Künstler': 'Barbie', 'Inhalt': '1 Stk.', 'Laufzeit in min (gesamt)': '190', 'Anzahl Medien im Artikel': '3', 'genre': 'Hörspiel (Kinder)', 'Label': 'EDELKIDS'}||||||||||||||0|0|2365345_1.png|https://static.mueller.de/pdzoom/phononet_4029759128458_pv_4029759128458-0600px-001.webp|2365345_2.png|https://static.mueller.de/pdzoom/phononet_4029759128458_pr_4029759128458-0600px-002.webp|2365345_3.png|https://static.mueller.de/6134909033-PR-1/pdzoom/starter-box-schwestern.webp||||||||||||||||||||||||||||1 Stk.|||True||2365345P|||||||||5
2365352|mueller||||||||2024-10-28|Paw Patrol - Stickerheft|TOTUM||1|Stk.|Home|Spielwaren|Kostüme & Partyartikel|Trends|Paw Patrol - Stickerheft|||2,49 €|2,49 €||||||||||||||EUR|Home> Spielwaren> Kostüme & Partyartikel> Trends> Paw Patrol - Stickerheft|https://www.mueller.at/p/paw-patrol-stickerheft-2365352/|1 Stk.|Paw Patrol - Stickerheft||||||||3 Jahre||||||||||||||Non-Organic||||{'target_group': 'Kindergartenkinder', 'Artikelnummer des Herstellers': '720329', 'license': 'Paw Patrol', 'Altersempfehlung ab': '3 Jahre', 'Inhalt': '1 Stk.', 'Produkttyp': 'Kleinspielzeug'}||||||||||||||0|0|2365352_1.png|https://static.mueller.de/6519469376-PV-0/pdzoom/paw-patrol-stickerheft.webp||||||||||||||||||||||720329||||||||||1 Stk.|||True||2365352P|||||||||10
271804|mueller||||||||2024-10-28|POINT OF ENTRY|||1|Stk.|Home|Multi-Media|Musik|Rock|POINT OF ENTRY|||7,99 €|7,99 €||||||||||||||EUR|Home> Multi-Media> Musik> Rock> POINT OF ENTRY|https://www.mueller.at/p/point-of-entry-271804/|1 Stk.|||||||||||||||||||||||Non-Organic||||{'medium': 'CD', 'Künstler': 'Judas Priest', 'Inhalt': '1 Stk.', 'Anzahl Medien im Artikel': '1', 'genre': 'Rock international', 'Label': 'SONY MUSIC'}||||||||||||||0|0|271804_1.png|https://static.mueller.de/pdzoom/phononet_5099750213223_pv_5099750213223-0600px-001.webp|271804_2.png|https://static.mueller.de/pdzoom/phononet_5099750213223_pr_5099750213223-0600px-002.webp|271804_3.png|https://static.mueller.de/5822195775-PR-1/pdzoom/point-of-entry.webp||||||||||||||||||||||||||||1 Stk.|||True||271804P|||||||||5
271806|mueller||||||||2024-10-28|Painkiller|||1|Stk.|Home|Multi-Media|Musik|Rock|Painkiller|||11,99 €|11,99 €||||||||||||||EUR|Home> Multi-Media> Musik> Rock> Painkiller|https://www.mueller.at/p/painkiller-271806/|1 Stk.|||||||||||||||||||||||Non-Organic||||{'medium': 'CD', 'Künstler': 'Judas Priest', 'Inhalt': '1 Stk.', 'Anzahl Medien im Artikel': '1', 'genre': 'Rock international', 'Label': 'SONY MUSIC'}||||||||||||||0|0|271806_1.png|https://static.mueller.de/pdzoom/phononet_5099750213926_pv_5099750213926-0600px-001.webp|271806_2.png|https://static.mueller.de/pdzoom/phononet_5099750213926_pr_5099750213926-0600px-002.webp|271806_3.png|https://static.mueller.de/448659590-PR-1/pdzoom/painkiller.webp||||||||||||||||||||||||||||1 Stk.|||True||271806P|||||||||5
207282|mueller||||||||2024-10-28|Mega Bloks Bausteine-Beutel bunt (60 Teile), Steck-Bausteine Kinder, Bauklötze|MEGA BLOKS||1|Stk.|Home|Spielwaren|Baby & Kleinkind|Kleinkindspielzeug|Mega Bloks Bausteine-Beutel bunt (60 Teile), Steck-Bausteine Kinder, Bauklötze|||17,99 €|17,99 €|17,99 €|11,99 €||||33%|Sie sparen 33%|||||||EUR|Home> Spielwaren> Baby & Kleinkind> Kleinkindspielzeug> Mega Bloks Bausteine-Beutel bunt (60 Teile), Steck-Bausteine Kinder, Bauklötze|https://www.mueller.at/p/mega-bloks-bausteine-beutel-bunt-60-teile-steck-bausteine-kinder-baukloetze-207282/|1 Stk.|"Der preisgekrönte mittelgroße Bausteinebeutel von Mega Bloks First Builders bietet endlosen Bauspaß. Die leuchtend bunten First-Builders-Bausteine in den Grundfarben fördern das Entdecken mit den Händen und das kreative Spiel. Sie haben genau die richtige Größe, damit kleine Kinder mit ihnen tolle Dinge, wie hohe Türme oder fantastische Burgen, bauen können. Nach dem Spielen können die Bausteine bequem in dem neuen, PVC-freien und umweltfreundlichen Beutel verstaut werden.
Merkmale:
• 60 First-Builders-Bausteine für stundenlangen Spielspaß
• Klassische Bausteine in den Grundfarben
• Umweltfreundlicher, PVC-freier Aufbewahrungsbeutel mit Trageriemen
• Passend für weitere First-Builders-Produkte von Mega Bloks für noch mehr Spaß"||||||||12 Monate||||||||||||||Non-Organic||||"{'target_group': 'Kleinkinder|Kindergartenkinder', 'manufacturer': 'Mattel GmbH', 'Herstelleradresse': 'Solmsstr. 83 60486 Frankfurt', 'Kontaktmöglichkeit': 'https://www.mattel.de/', 'Artikelnummer des Herstellers': 'DCH55', 'license': 'Mega Bloks Bausteine und Lernspielzeug', 'Altersempfehlung ab': '12 Monate', 'Altersempfehlung bis': '5 Jahre', 'Materialdetails': 'Kunststoff (Hauptsächlich)', 'Material': 'Kunststoff (Hauptsächlich)', 'Inhalt': '1 Stk.', 'Produkttyp': 'Erstes Konstruieren'}"||||||||Kunststoff (Hauptsächlich)||||||4.907|43|207282_1.png|https://static.mueller.de/72090646-PV-0/pdzoom/mega-bloks-bausteine-beutel-bunt-60-teile-steck-bausteine-kinder-baukloetze.webp|207282_2.png|https://static.mueller.de/72090646-VV-1/pdzoom/mega-bloks-bausteine-beutel-bunt-60-teile-steck-bausteine-kinder-baukloetze.webp|207282_3.png|https://static.mueller.de/72090646-PB-2/pdzoom/mega-bloks-bausteine-beutel-bunt-60-teile-steck-bausteine-kinder-baukloetze.webp|207282_4.png|https://static.mueller.de/72090646-PB-3/pdzoom/mega-bloks-bausteine-beutel-bunt-60-teile-steck-bausteine-kinder-baukloetze.webp|207282_5.png|https://static.mueller.de/72090646-PB-4/pdzoom/mega-bloks-bausteine-beutel-bunt-60-teile-steck-bausteine-kinder-baukloetze.webp|207282_6.png|https://static.mueller.de/72090646-PB-5/pdzoom/mega-bloks-bausteine-beutel-bunt-60-teile-steck-bausteine-kinder-baukloetze.webp||||||||||||Mattel GmbH||||||||||1 Stk.|||True||207282P|||||||||10
2101683|mueller||||||||2024-10-28|Suicide Squad (Kinofassung & Extended Cut) [2 BRs]|||1|Stk.|Home|Multi-Media|Filme & TV|Action & Abenteuer|Suicide Squad (Kinofassung & Extended Cut)  [2 BRs]|||5,99 €|5,99 €||||||||||||||EUR|Home> Multi-Media> Filme & TV> Action & Abenteuer> Suicide Squad (Kinofassung & Extended Cut)  [2 BRs]|https://www.mueller.at/p/suicide-squad-kinofassung-extended-cut-2-brs-2101683/|1 Stk.|It feels good to be bad … Man stellt ein Team aus den gefährlichsten derzeit einsitzenden Superschurken zusammen, rüstet sie mit dem schlagkräftigsten staatlich geprüften Waffenarsenal aus und schickt sie auf ein Himmelfahrtskommando, um einem rätselhaften, unüberwindlichen Wesen den Garaus zu machen: Die amerikanische Geheimagentin Amanda Waller ist überzeugt, dass nur eine heimlich instruierte Gruppe aus bunt zusammengewürfelten, zwielichtigen Gestalten vom Bodensatz der Gesellschaft diese Mission meistern kann – weil sie nichts zu verlieren hat. Doch schon bald merken die Mitglieder der Suicide Squad, dass sie nicht rekrutiert worden sind, weil sie eine Chance auf Erfolg haben – vielmehr sollen sie praktische Sündenböcke abgeben, wenn das Unternehmen unweigerlich scheitert. Wie aber reagieren sie auf diese Erkenntnis? Stellen sie sich der Aufgabe, um beim Versuch draufzugehen? Oder beschließen sie, dass jeder seine eigene Haut retten muss?||||||||||||||||||||||Non-Organic||||"{'medium': 'Blu-ray Disc', 'Untertitel': 'Französisch,Spanisch,Holländisch', 'manufacturer': 'Warner Bros (Universal Pictures)', 'Bildformat': 'HD|Widescreen', 'Zusatzinfos / Bonusmaterial beim Film dabei': 'Task Force X: Ein Team, eine Mission;\nStärke und Schnelligkeit des Teams;\nJoker & Harley: Das It-Pärchen der Unterwelt;\nFaktencheck;\nVerpatzte Szenen;', 'Inhalt': '1 Stk.', 'Laufzeit in min (gesamt)': '135', 'Produktionsjahr': '2016', 'Produktionsland': 'USA', 'Regisseur': 'David Ayer', 'Schauspieler': 'Viola Davis,Joel Kinnaman,Cara Delevingne,Jai Courtney,Scott Eastwood,Margot Robbie,Jared Leto,Will Smith', 'Special Edition': 'Nein', 'Tonformat-Sprache': 'Deutsch,Englisch,Deutsch,Italienisch,Spanisch,Französisch', 'Untertitel für Gehörlose': 'Deutsch,Englisch,Italienisch', 'packaging_type': 'Softbox', 'Hauptgenre': 'Action'}"||||||||||||||0|0|2101683_1.png|https://static.mueller.de/videojakob_5051890302656_pv_499431/pdzoom/suicide-squad-kinofassung-extended-cut-2-brs.webp|2101683_2.png|https://static.mueller.de/pdzoom/videojakob_5051890302656_pr_499431-back.webp|2101683_3.png|https://static.mueller.de/videojakob_5051890302656_pd_39115563/pdzoom/suicide-squad-kinofassung-extended-cut-2-brs.webp|2101683_4.png|https://static.mueller.de/videojakob_5051890302656_pd_39115797/pdzoom/suicide-squad-kinofassung-extended-cut-2-brs.webp|2101683_5.png|https://static.mueller.de/videojakob_5051890302656_pd_39116047/pdzoom/suicide-squad-kinofassung-extended-cut-2-brs.webp|2101683_6.png|https://static.mueller.de/videojakob_5051890302656_pd_39117063/pdzoom/suicide-squad-kinofassung-extended-cut-2-brs.webp||||||||||||Warner Bros (Universal Pictures)||||||||||1 Stk.|||True||2101683P|||||||||5
2654631|mueller||||||||2024-10-28|Wieso? Weshalb? Warum? Junior - Ich kann schon zählen|-||1|Stk.|Home|Bücher|Schule & Lernen|Wieso? Weshalb? Warum? Junior - Ich kann schon zählen||||12,40 €|12,40 €||||||||||||||EUR|Home> Bücher> Schule & Lernen> Wieso? Weshalb? Warum? Junior - Ich kann schon zählen|https://www.mueller.at/p/wieso-weshalb-warum-junior-ich-kann-schon-zaehlen-2654631/|1 Stk.|1, 2, 3 … 8, 9, 10 – anfangs gar nicht so einfach, doch bald schon kinderleicht. In diesem Sachbilderbuch lernen Kinder von 2-4 Jahren Ziffern und Zahlwörter von 1–10 kennen. Und sie erfahren, dass man fast alles zählen kann – und was vielleicht nicht. Allein an unserem Körper sind viele Dinge ein oder zwei oder sogar fünf Mal vorhanden. Praktisch auch, dass man die Hände zum Abzählen benutzen kann.  Zählen zu können hilft aber auch dabei, Dinge zu vergleichen, zu sortieren und zuzuordnen. Welches Kind hat mehr Eiskugeln, welches weniger? Wie müssen die Bälle verteilt werden, damit jedes Kind gleich viel hat? Und wie viele Teller braucht das Geburtstagskind für sich und seine drei Gäste? Klappen helfen beim Vergleichen des gebauten Turms und beim Suchen von Paaren. Viele Spiele fördern das Verstehen und führen so ganz nebenbei zu einem ersten mathematischen Grundverständnis.  Wieso? Weshalb? Warum? junior Die Sachbuchreihe für Kinder von 2-4 Jahren • Beantwortet erste Kinderfragen • Stabile, handliche Klappen vermitteln spielerisch erstes Sachwissen • Klare und großzügige Bilder laden zum selbstständigen Entdecken ein • Kompetent recherchiert und geprüft Jeden Tag entdecken Kinder etwas Neues – und haben viele Fragen. Wann kommt die Feuerwehr? Was machen die Tiere im Winter? Warum muss ich Zähne putzen? Die beliebte Sachbuchreihe Wieso? Weshalb? Warum? junior beantwortet die Fragen der Kinder auf Augenhöhe. Sie beleuchtet die unterschiedlichsten Themen aus der Alltags- und Interessenswelt der Kinder altersgerecht und mit viel Liebe zum Detail. Die Reihe ist speziell auf kleine Hände und die Bedürfnisse der Kleinsten angepasst. Klare und liebevolle Bilder, kurze Sachtexte sowie handliche Klappen, die Bewegungen veranschaulichen und überraschende und lustige Einblicke gewähren, ermöglichen Kindern, sich ihre Themen selbst zu erschließen. Der Spaß am eigenhändigen Entdecken, die liebevolle Umsetzung und die qualitativ hochwertige Ausstattung garantieren langanhaltende Freude an jedem einzelnen Buch.  Spielerisch die Welt entdecken Voller Neugier und spielerischer Freude wollen Kinder alles ganz genau wissen und haben viele Fragen. Gar nicht so einfach, die passenden Antworten zu finden. Wieso? Weshalb? Warum? beantwortet die vielen Fragen auf Augenhöhe der Kinder. Mit den Büchern dieser Reihe können Kinder den Dingen auf den Grund gehen, selbstständig Zusammenhänge verstehen und erkennen, was dahintersteckt. So werden sie liebevoll in ihrer Entwicklung gefördert. Diese spielerische Herangehensweise und der Detailreichtum der Inhalte garantieren lange Freude an jedem einzelnen Buch. Seit über 20 Jahren begleitet die Wissensreihe Kinder und Eltern auf ihrer gemeinsamen Entdeckerreise zu den verschiedensten Themen, denen Kindern in ihrem Alltag begegnen oder an denen sie ein besonderes Interesse haben. Spielerische Elemente, ein humorvoller Blick, die Nähe zum Kind, die liebevolle Umsetzung und die qualitativ hochwertige Ausstattung machen Wieso? Weshalb? Warum? zur Nr. 1 im Kindersachbuchmarkt. Und so findet jeder Entdecker das passende Wissen: Wieso? Weshalb? Warum? junior für Kinder von 2-4 Jahren Wieso? Weshalb? Warum? für Kinder von 4-7 Jahren  Wieso? Weshalb? Warum? ProfiWissen für Kinder von 8-12 Jahren||||||||2 Jahre||||||||||||||Non-Organic||||"{'sound_included': 'Nein', 'target_group': 'Kleinkinder|Kindergartenkinder', 'manufacturer': 'Ravensburger Verlag GmbH', 'Artikelnummer des Herstellers': '32980', 'license': 'Ravensburger Kinderbücher', 'Altersempfehlung ab': '2 Jahre', 'Altersempfehlung bis': '4 Jahre', 'genre': 'Lernen', 'publisher': 'Ravensburger Verlag GmbH', 'Einband': 'Spiralbindung', 'publishing_year': '2020', 'Inhalt': '1 Stk.', 'ISBN Ausgangsbuch': '9783473329809', 'Produkttyp': 'Malen & Malen nach Zahlen', 'page_number': '16'}"||||||||||||||0|0|2654631_1.png|https://static.mueller.de/pdzoom/ntg_pv_9783473329809.webp||||||||||||||||||||||Ravensburger Verlag GmbH||||||||||1 Stk.|||True||2654631P|||||||||10
2890998|mueller||||||||2024-10-28|Garnier Skin Active Hyaluron Cryo Jelly Augen-Tuchmaske Gurke|GARNIER||1|Stk.|Home|Drogerie|Pflege|Gesichtspflege|Spezialpflege|Maske|Garnier Skin Active Hyaluron Cryo Jelly Augen-Tuchmaske Gurke|2,45 €|2,45 €||||||||||||||EUR|Home> Drogerie> Pflege> Gesichtspflege> Spezialpflege> Maske> Garnier Skin Active Hyaluron Cryo Jelly Augen-Tuchmaske Gurke|https://www.mueller.at/p/garnier-skin-active-hyaluron-cryo-jelly-augen-tuchmaske-gurke-IPN2890998/|1 Stk.|Die SkinActive Hyaluron Cryo Jelly Anti-Müdigkeit Gel-Augen-Tuchmaske von Garnier sorgt für einen wacheren und wohl ausgeruhten Blick. Dafür bieten die gelartigen Augenmasken-Pads einen Cooling-Effekt, welcher dabei hilft, Anzeichen von Müdigkeit zu mildern und die Hautbarriere zu schützen. Dank der Augenpads wird die Haut um bis zu -7°C heruntergekühlt, wodurch ein sofortiges Frischegefühl rund um die Augenpartie entsteht. Die vegane Formel mit Glycerin, Hyaluronsäure und Menthol wurde speziell für die Bedürfnisse einer müde aussehenden Augenpartie entwickelt und reduziert Anzeichen von Müdigkeit Tag für Tag, während Augenringe sichtbar gemildert werden. Gelartige Augenmasken-Pads mit Cooling-Effekt – kühlen die Haut um bis zu -7°C herunter||||||||||||||||||||||Non-Organic||||"{'target_group': 'Unisex', 'manufacturer': ""L'Oréal Deutschland GmbH"", 'Herstelleradresse': 'TSA 75000 93684 ST OUEN CEDEX FR', 'Kontaktmöglichkeit': '0211 544 77191', 'Anwendungshinweis': 'Zuerst die Haut entlang der Augen gründlich reinigen und abtrocknen. Nun die Augenpads der Verpackung entnehmen und entlang der Augenpartie auflegen. Dabei leicht andrücken. Nun die kühlende Augenmaske für eine Dauer von etwa 15 Minuten einwirken lassen. Nach dieser Zeit die Pads entfernen. Die entstandenen Rückstände können nun entweder sanft einmassiert oder mit einem Wattepad entfernt werden. Die Tuchmaske für die Augen eignet sich für eine regelmäßige Anwendung, um für einen wacheren und wohl ausgeruhten Blick zu sorgen.', 'package_contents': 'AQUA / WATER • GLYCERIN • PROPANEDIOL • BUTYLENE GLYCOL • PENTYLENE GLYCOL • CI 19140 / YELLOW 5 • CI 42090 / BLUE 1 • CUCUMIS SATIVUS FRUIT EXTRACT / CUCUMBER FRUIT EXTRACT • DIPOTASSIUM GLYCYRRHIZATE • GLYCERYL ACRYLATE/ACRYLIC ACID COPOLYMER • HYDROXYACETOPHENONE • MENTHOL • PHENOXYETHANOL • PVM/MA COPOLYMER • SODIUM HYALURONATE • SODIUM POLYACRYLATE • SODIUM POLYACRYLATE STARCH • XANTHAN GUM (F.I.L. Z70014840/1).', 'Inhalt': '1 Stk.', 'scope_of_application': 'Spezialpflege', 'Batterien erforderlich': 'Nein', 'Produkttyp': 'Lotion'}"||||||||||||||4.5408|98|2890998_1.png|https://static.mueller.de/markant_03600542500500_pv_3904230/pdzoom/garnier-skin-active-hyaluron-cryo-jelly-augen-tuchmaske-gurke.webp|2890998_2.png|https://static.mueller.de/markant_03600542500500_pr_3904231/pdzoom/garnier-skin-active-hyaluron-cryo-jelly-augen-tuchmaske-gurke.webp||||||||||||||||||||L'Oréal Deutschland GmbH||||||||||1 Stk.|AQUA / WATER • GLYCERIN • PROPANEDIOL • BUTYLENE GLYCOL • PENTYLENE GLYCOL • CI 19140 / YELLOW 5 • CI 42090 / BLUE 1 • CUCUMIS SATIVUS FRUIT EXTRACT / CUCUMBER FRUIT EXTRACT • DIPOTASSIUM GLYCYRRHIZATE • GLYCERYL ACRYLATE/ACRYLIC ACID COPOLYMER • HYDROXYACETOPHENONE • MENTHOL • PHENOXYETHANOL • PVM/MA COPOLYMER • SODIUM HYALURONATE • SODIUM POLYACRYLATE • SODIUM POLYACRYLATE STARCH • XANTHAN GUM (F.I.L. Z70014840/1).||True||2890998P|||||||||10
2997716|mueller||||||||2024-10-28|Spy x Family - Staffel 1 (Part 1) - Vol.1|||1|Stk.|Home|Multi-Media|Filme & TV|Anime|Spy x Family - Staffel 1 (Part 1) - Vol.1|||22,99 €|22,99 €||||||||||||||EUR|Home> Multi-Media> Filme & TV> Anime> Spy x Family - Staffel 1 (Part 1) - Vol.1|https://www.mueller.at/p/spy-x-family-staffel-1-part-1-vol-1-IPN2997716/|1 Stk.|"Sein Name ist Forger. Loid Forger. Codename: Twilight. Der Auftrag: „Finde eine Familie als Tarnung, infiltriere die berühmte Eden-Akademie und verhindere den drohenden Krieg zwischen Ost und West!“ Was Westalis’ bester Spion allerdings nicht weiß: Waisenkind Anya, die er als seine Tochter bei sich aufnimmt, kann Gedanken lesen. Und Yor, die eine Scheinehe mit ihm eingeht, ist eigentlich eine Auftragskillerin. Nach zahlreichen erfolgreich abgeschlossenen Missionen wird Twilight damit vor seine bisher größte Herausforderung gestellt: sein chaotisches Familienleben zu organisieren. Werden die drei es schaffen, die Aufnahmeprüfung der Eden-Akademie zu meistern? Oder ist Twilights neue Mission bereits von vornherein zum Scheitern verurteilt?

Comedy, Action und ein Trio, das man einfach lieben muss! Von WIT STUDIO (Attack on Titan) und CloverWorks (Fairy Tail) nach dem gleichnamigen Manga-Bestseller von Tatsuya Endo!"||||||||||||||||||||||Non-Organic||||"{'medium': 'DVD', 'Untertitel': 'Deutsch', 'manufacturer': 'AV Visionen GmbH', 'Bildformat': '16:9', 'Inhalt': '1 Stk.', 'Laufzeit in min (gesamt)': '100', 'Produktionsjahr': '2022', 'Produktionsland': 'Japan', 'Regisseur': 'Kazuhiro Furuhashi', 'Special Edition': 'Nein', 'Tonformat-Sprache': 'Deutsch,Japanisch', 'Hauptgenre': 'Anime|Comedy|TV-Serie'}"||||||||||||||0|0|2997716_1.png|https://static.mueller.de/videojakob_7630017532138_pv_670051/pdzoom/spy-x-family-staffel-1-part-1-vol-1.webp||||||||||||||||||||||AV Visionen GmbH||||||||||1 Stk.|||True||2997716P|||||||||4
2208616|mueller||||||||2024-10-28|BBN Professional Kick Speed Evolution Caps|BBN||85.2|g|Home|Drogerie|Lebensmittel|Nahrungsergänzung|BBN Professional Kick Speed Evolution Caps|||16,99 €|16,99 €|||||||||||199,41 € / 1 kg|||EUR|Home> Drogerie> Lebensmittel> Nahrungsergänzung> BBN Professional Kick Speed Evolution Caps|https://www.mueller.at/p/bbn-professional-kick-speed-evolution-caps-2208616/|85.2 g|"der ultimative Kick aus Guarana, Koffein, Taurin, Inosit, Vitaminen und Arginin  200 mg Koffein pro Kapsel  mit Vitamin B2, B6, B12, Vitamin C und Niacin optimiert Vitamin B2, B6, B12, Vitamin C und Niacin tragen zur Verringerung von Müdigkeit und Ermüdung bei gelatinefreie Kapsel Achtung: Enthält Koffein (200mg/Tagesverzehrmenge)**.Inhalt: 85,2 g (80 Kapseln à 1065 mg) Die Professional Kick Speed Evolution Caps von Best Body Nutrition sind der ultimative Kick. Die gelatinefreien Kapseln enthalten hochdosiertes Guarana, Koffein, Taurin, Inosit, Vitamine und Arginin. Eine Kapsel enthält 200 mg Koffein, das entspricht einer Menge von ca. 3 Tassen Kaffee. Somit sind die Kick Speed Evolution Caps perfekt für die volle Power beim Training*. Das enthaltene Guarana Extrakt wird aus den roten Früchten einer südamerikanischen koffeinhaltigen Lianenpflanze gewonnen. Sie enthalten 4 - 8 % Koffein. Das Besondere daran ist, dass das Koffein in Guarana an Gerbstoffe gebunden ist. Koffein ist der Hauptwirkstoff zum Beispiel im Kaffee. Es kommt aber auch in über 60 Pflanzen wie zum Beispiel Kaffeestrauch, Teestrauch oder Kolanuss vor. Die Professional Kick Speed Evolution Caps enthalten die beiden Aminosüuren Taurin und L-Arginin. Taurin zählt zu den Aminosulfonsüuren. Der menschliche Körper kann Taurin selbst herstellen. Zusätzlich nimmt er es über die Nahrung auf. Vor allem Fleisch, Fisch und Milchprodukte enthalten Taurin. L-Arginin ist eine semi-essentielle Aminosäure. Der Körper kann es zum Teil selbst herstellen. Lebensmittel wie Hühnereier, Lachs, Schweinefleisch oder Hühnchenbrustfilet enthalten L-Arginin. Die zusätzlich in den Professional Kick Speed Evolution Caps enthaltenen Vitamine B2, B6, B12, Vitamin C und Niacin sorgen für den extra Kick. Vitamine sind essentielle Nährstoffe, die der Körper nicht selbst herstellen kann. Das heißt, dass sie ihm über die Nahrung oder Supplemente zur Verfügung gestellt werden müssen. Zum Beispiel tragen die Vitamine B2, B6 und B12 sowie das Niacin zur Verringerung von Müdigkeit und Ermüdung bei. Weiterhin leisten das Vitamin B6, B12 und Vitamin C einen positiven Beitrag zu einem normalen Energiestoffwechsel und zur normalen Funktion des Immunsystems. Best Body Nutrition empfiehlt 1 Professional Kick Speed Evolution Cap pro Tag. Die Caps sind ideal für Sport und bei Outdoor-Aktivitäten, um den Körper mit dem Extrakick zu unterstützen*. Erhältlich sind die Professional Kick Speed Evolution Caps in der Dose mit 80 Kapseln.
Neben Sportlern sind die Professional Kick Speed Evolution Caps auch für all jene eine Option, die in bestimmten Situationen einen zusützlichen Kick benötigen*! Dazu zählen z.B. Studenten während der Prüfungszeit, Büroangestellte nach der Mittagspause, Autofahrer, Kellner in der Spätschicht und alle Nachtschwärmer.
Die Professional Kick Speed Evolution Caps werden unter der Einhaltung strenger Produktionsrichtlinien hergestellt. Dadurch garantiert Best Body Nutrition höchste Qualität sowohl bei der Produktion als auch bei der Verpackung und beim Transport.
* Niacin, Vitamin B6, Folsäure und Pantothensäure trägt zur Verringerung von Müdigkeit und Ermüdung bei.
** Hinweis: Enthält Koffein (200mg/Tagesverzehrmenge). Nicht geeignet für stillende Frauen und Personen, die einen Herzinfarkt erlitten haben. Bitte fragen Sie Ihren Arzt bei Einnahme blutdrucksenkender Medikamente, Nieren- oder Lebererkrankungen sowie bei einer Diät mit niedriger Proteinzufuhr. Bei Konsum größerer Mengen Koffein in Zusammenhang mit sportlicher Betätigung oder mit dem Genuss von alkoholischen Getränken können unerwünschte Wirkungen nicht ausgeschlossen werden.
Die angegebene empfohlene tägliche Verzehrsmenge darf nicht überschritten werden! Kein Ersatz für eine abwechslungsreiche und ausgewogene Ernährung und eine gesunde Lebensweise. Nicht in Reichweite von kleinen Kindern lagern.
Das Produkt geschlossen, trocken, lichtgeschützt und bei Raumtemperatur bis max. 25 °C lagern. Nach dem öffnen innerhalb von 3 Monaten aufbrauchen.
Best Body Nutrition Kick Speed Evolution Caps, Nahrungsergänzungsmittel mit Guarana, Taurin, L-Arginin, Inosit und Koffein. Enthält Koffein. Für Kinder und schwangere Frauen nicht empfohlen (200 mg pro Kapsel)."||Das Produkt geschlossen, trocken, lichtgeschützt und bei Raumtemperatur bis max. 25 °C lagern. Nach dem öffnen innerhalb von 3 Monaten aufbrauchen.|||DE|||||||||||||||||Non-Organic||||{'Lagerhinweis': 'Das Produkt geschlossen, trocken, lichtgeschützt und bei Raumtemperatur bis max. 25 °C lagern. Nach dem öffnen innerhalb von 3 Monaten aufbrauchen.', 'manufacturer': 'Fitnesshotline GmbH', 'Herstelleradresse': 'Beethovenstraße 9, 08209 Auerbach, Germany', 'Kontaktmöglichkeit': 'personal@best-body.com', 'Herkunftsland': 'DE', 'Inhalt': '85.2 g', 'Zutaten': '32,9 % Guaranaextrakt, Hydroxypropylmethylcellulose (Kapsel), 15,5 % Koffein, 13,8 % Inosit, 9,4 % L-Arginin, 9,4 % Taurin, Trennmittel (Magnesiumsalze der Speisefettsäuren, Siliciumdioxid), L-Ascorbinsäure, Nicotinamid, Pyridoxinhydrochlorid, Riboflavine, Cyanocobalamin.', 'Produkttyp': 'Nahrungsergänzung', 'warning_notice': 'Die angegebene empfohlene tägliche Verzehrsmenge darf nicht überschritten werden. Nahrungsergänzungsmittel sollten nicht als Ersatz für eine ausgewogene und abwechslungsreiche Ernährung dienen. Achten Sie auf eine gesunde Lebensweise. Außerhalb der Reichweite von kleinen Kindern aufbewahren.'}||||||||||||||0|0|2208616_1.png|https://static.mueller.de/7021078295-PV-0/pdzoom/bbn-professional-kick-speed-evolution-caps.webp||||||||||||||||||||||Fitnesshotline GmbH||||||||||85.2 g|||True||2208616P|||||||||10
2997719|mueller||||||||2024-10-28|Hama Nachfüllkassetten für Klebe-Roller 2x450 Tapes, permanent, Doppelpack|HAMA||1|Stk.|Home|Schreibwaren|Bastelbedarf|Kleber|Hama Nachfüllkassetten für Klebe-Roller 2x450 Tapes, permanent, Doppelpack|||5,99 €|5,99 €||||||||||||||EUR|Home> Schreibwaren> Bastelbedarf> Kleber> Hama Nachfüllkassetten für Klebe-Roller 2x450 Tapes, permanent, Doppelpack|https://www.mueller.at/p/hama-nachfuellkassetten-fuer-klebe-roller-2x450-tapes-permanent-doppelpack-IPN2997719/|1 Stk.|- zum handlichen und präzisen Einklebern von Fotos, Grußkarten, Rezepten, Zeitungsausschnitten, etc.- 2 Nachfüllkassetten mit je 450 Tapes, passend für den Hama Klebe-Roller- für alle Arten von Fotopapier geeignet- dauerhaft beidseitig selbstklebende Tapes mit 8 x 10 mm- je nach Bedarf: als einzelne Fototapes verwenden oder als durchgehende Klebestreifen- einfaches und sauberes Abrollen, gerade oder in Kontur, z.B. Wellen oder Kurven- sauberes Kleben: dank Roller berührungsfrei anzubringen- nachhaltiges Nachfüllsystem: superleichtes Nachfüllen durch Kassettensystem- säurefrei und archivierungssicher- lösemittelfrei||||||||||||||||||||||Non-Organic||||{'manufacturer': 'Hama GmbH & Co. KG', 'Herstelleradresse': 'Dresdner Str. 9, 86653 Monheim', 'Kontaktmöglichkeit': 'info.de@hama.de', 'Inhalt': '1 Stk.', 'Produkttyp': 'Kleber'}||||||||||||||0|0|2997719_1.png|https://static.mueller.de/pdzoom/4007249076618-pv.webp|2997719_2.png|https://static.mueller.de/4007249076618-pd-1/pdzoom/hama-nachfuellkassetten-fuer-klebe-roller-2x450-tapes-permanent-doppelpack.webp||||||||||||||||||||Hama GmbH & Co. KG||||||||||1 Stk.|||True||2997719P|||||||||20
2890984|mueller||||||||2024-10-28|Westmark Pizzaschere Antonio|WESTMARK||1|Stk.|Home|Haushalt|Kochen & Backen|Küchenhelfer & -textilien|Spezialhelfer|Westmark Pizzaschere Antonio||9,99 €|9,99 €||||||||||||||EUR|Home> Haushalt> Kochen & Backen> Küchenhelfer & -textilien> Spezialhelfer> Westmark Pizzaschere Antonio|https://www.mueller.at/p/westmark-pizzaschere-antonio-IPN2890984/|1 Stk.|"
einfaches und vollständiges Durchschneiden von Pizzaböden und Flammkuchen
mit Servierfunktion
einfaches Reinigen, da zerlegbar
"||||||||||||||||||||||Non-Organic||||"{'Gewicht': '124', 'Pflegehinweis': 'Handwäsche empfohlen', 'manufacturer': 'Westmark GmbH', 'Herstelleradresse': 'Bielefelder Str. 125, 57368 Lennestadt-Elspe', 'Kontaktmöglichkeit': 'info@westmark.de', 'Materialdetails': 'Edelstahl,PP,TPR', 'Material': 'Edelstahl|Polypropylen', 'Höhe': '1.2 cm', 'Breite': '7.7 cm', 'Tiefe': '27.5 cm', 'Inhalt': '1 Stk.'}"||||||||Edelstahl,PP,TPR||||||0|0|2890984_1.png|https://static.mueller.de/pdzoom/4004094137464_PV.webp|2890984_2.png|https://static.mueller.de/pdzoom/4004094137464_PD3.webp|2890984_3.png|https://static.mueller.de/pdzoom/4004094137464_PD1.webp|2890984_4.png|https://static.mueller.de/pdzoom/4004094137464_PD4.webp|2890984_5.png|https://static.mueller.de/pdzoom/4004094137464_PD2.webp||||||||Handwäsche empfohlen||||||Westmark GmbH||||||||||1 Stk.|||False||2890984P|||||||||1
2890986|mueller||||||||2024-10-28|ESTÉE LAUDER HI-Lustre Lipstick|ESTÉE LAUDER||3.5|g|Home|Parfümerie|Make-up|Lippen|Lippenstift|ESTÉE LAUDER HI-Lustre Lipstick||45,95 €|45,95 €||||||||||||||EUR|Home> Parfümerie> Make-up> Lippen> Lippenstift> ESTÉE LAUDER HI-Lustre Lipstick|https://www.mueller.at/p/estee-lauder-hi-lustre-lipstick-IPN2890986/|3.5 g|"Make the moment. Ein passender Lippenstift für jeden Moment. 
Dieser langanhaltende Lippenstift verleiht den Lippen eine ausdrucksstarke, angenehm zu tragende Farbe, die allen Hauttönen schmeichelt. Der intensive Lippenstift ist farbecht und hält 10 Stunden lang, ohne zu verlaufen, abzufärben oder sich ins Fältchen abzusetzen.

Hi-Lustre-Finish: Die schimmernde Farbe erzeugt einen dimensionalen, funkelnden Glanz. Mittelstark deckender Lippenstift mit sofortiger aufpolsternder und pflegender Wirkung. (Wenn Sie mehr Farbtöne wünschen, sehen Sie sich auch unsere Matte und Creme Finishes an). Der natürlich gewonnene Moisture Lock Complex* sorgt während des Tragens für zusätzliche Pflege. Die Lippen sehen sofort voller und geschmeidiger aus und erhalten mit der Zeit ein definierteres und ebenmäßigeres Aussehen – auch nach dem Entfernen des Lippenstifts.

Die von ExpertInnen konzipierte Spitze des Lippenstifts ist perfekt geformt, um die Konturen Ihrer Lippen mit müheloser Präzision zu  konturieren. Das goldene Etui ist ein wahres Schmuckstück, das angenehm in der Hand liegt. Speziell entwickelt, um in einer ausgewählten Auswahl unserer beliebtesten Lippenstiftfarben nachgefüllt zu werden.

#LeaveYourMark: Dieser langanhaltende Lippenstift ist für jeden und für jeden Moment perfekt.

BESONDERER INHALTSSTOFF: Moisture Lock Complex
Unser hochwirksamer, natürlich gewonnener* Moisture Lock Complex enthält eine Kombination aus wirksamen Ölen und einem leistungsstarken Pflanzenextrakt, der die Lippen sofort pflegt und aufpolstert, während er zugleich die Feuchtigkeit auf den Lippen langfristig erhält.
- Ein Trio aus wirksamen Ölen: Rotes Himbeersamenöl, Wiesenschaumkrautsamenöl und Aprikosenkernöl pflegen die Lippen.
- Salicornea Herbacea-Extrakt: Hochwirksamer Pflanzenextrakt, der den Lippen langanhaltend Feuchtigkeit spendet und für einen angenehmen Tragekomfort sorgt.

*Gemäß ISO-Norm 16128. Aus pflanzlichen Quellen, nicht-erdölhaltigen mineralischen Quellen und/oder Wasser."||||||||||||||||||||||Non-Organic||||{'consistency': 'Stift', 'target_group': 'Damen', 'Anwendungshinweis': 'Für einen Farbakzent einmal auftragen oder weiter auftragen, um die Deckkraft zu erhöhen und die Farbwirkung dieses langanhaltenden Lippenstifts zu intensivieren.', 'package_contents': 'Octyldodecanol, Neopentyl Glycol Diheptanoate, Polyethylene, Silica, Trimethylpentanediol/Adipic Acid/Glycerin Crosspolymer, Nylon-12, Pentaerythrityl Tetraisostearate, Oleic/Linoleic/Linolenic Polyglycerides, Caprylic/Capric Triglyceride, Disteardimonium Hectorite, Polyglyceryl-3 Diisostearate, Tocopherol, Salicornia Herbacea Extract, Polydecene, Stearalkonium Hectorite, Rubus Idaeus (Raspberry) Seed Oil, Limnanthes Alba (Meadowfoam) Seed Oil, Prunus Armeniaca (Apricot) Kernel Oil, Moringa Oil/Hydrogenated Moringa Oil Esters, Microcrystalline Wax\\Cera Microcristallina\\Cire Microcristalline, Propylene Carbonate, Lecithin, Saccharin, Fragrance (Parfum), Tocopheryl Acetate, Pentaerythrityl Tetra-Di-T-Butyl Hydroxyhydrocinnamate, [+/- Mica, Titanium Dioxide (Ci 77891), Iron Oxides (Ci 77491), Iron Oxides (Ci 77492), Iron Oxides (Ci 77499), Bismuth Oxychloride (Ci 77163), Blue 1 Lake (Ci 42090), Carmine (Ci 75470), Manganese Violet (Ci 77742), Red 6 (Ci 15850), Red 7 (Ci 15850), Red 7 Lake (Ci 15850), Red 21 (Ci 45380), Red 22 Lake (Ci 45380), Red 27 (Ci 45410), Red 28 Lake (Ci 45410), Red 30 Lake (Ci 73360), Red 33 Lake (Ci 17200), Yellow 5 Lake (Ci 19140), Yellow 6 Lake (Ci 15985) Bitte beachten Sie, dass sich die Liste der Inhaltsstoffe von Zeit zu Zeit ändern oder variieren kann. Die aktuellste Liste der Inhaltsstoffe finden Sie auf der Produktverpackung, die Sie erhalten.', 'Farbnummer': '563', 'Farbe': 'Hot Kiss', 'Inhalt': '3.5 g', 'scope_of_application': 'Lippen', 'Produkttyp': 'Lippenfarbe'}||||||Hot Kiss||||||||0|0|2890986_1.png|https://static.mueller.de/pdzoom/887167617933_neu.webp|2890986_2.png|https://static.mueller.de/pdzoom/887167617933_4neu.webp|2890986_3.png|https://static.mueller.de/pdzoom/887167617933_3neu.webp|2890986_4.png|https://static.mueller.de/pdzoom/887167617933_2neu.webp|2890986_5.png|https://static.mueller.de/pdzoom/887167617933_1neu.webp||||||||||||||||||||||||3.5 g|Octyldodecanol, Neopentyl Glycol Diheptanoate, Polyethylene, Silica, Trimethylpentanediol/Adipic Acid/Glycerin Crosspolymer, Nylon-12, Pentaerythrityl Tetraisostearate, Oleic/Linoleic/Linolenic Polyglycerides, Caprylic/Capric Triglyceride, Disteardimonium Hectorite, Polyglyceryl-3 Diisostearate, Tocopherol, Salicornia Herbacea Extract, Polydecene, Stearalkonium Hectorite, Rubus Idaeus (Raspberry) Seed Oil, Limnanthes Alba (Meadowfoam) Seed Oil, Prunus Armeniaca (Apricot) Kernel Oil, Moringa Oil/Hydrogenated Moringa Oil Esters, Microcrystalline Wax\Cera Microcristallina\Cire Microcristalline, Propylene Carbonate, Lecithin, Saccharin, Fragrance (Parfum), Tocopheryl Acetate, Pentaerythrityl Tetra-Di-T-Butyl Hydroxyhydrocinnamate, [+/- Mica, Titanium Dioxide (Ci 77891), Iron Oxides (Ci 77491), Iron Oxides (Ci 77492), Iron Oxides (Ci 77499), Bismuth Oxychloride (Ci 77163), Blue 1 Lake (Ci 42090), Carmine (Ci 75470), Manganese Violet (Ci 77742), Red 6 (Ci 15850), Red 7 (Ci 15850), Red 7 Lake (Ci 15850), Red 21 (Ci 45380), Red 22 Lake (Ci 45380), Red 27 (Ci 45410), Red 28 Lake (Ci 45410), Red 30 Lake (Ci 73360), Red 33 Lake (Ci 17200), Yellow 5 Lake (Ci 19140), Yellow 6 Lake (Ci 15985) Bitte beachten Sie, dass sich die Liste der Inhaltsstoffe von Zeit zu Zeit ändern oder variieren kann. Die aktuellste Liste der Inhaltsstoffe finden Sie auf der Produktverpackung, die Sie erhalten.||False||2890986P|||||||||10
2890987|mueller||||||||2024-10-28|Garnier Skin Active Hyaluron Cryo Jelly Tuchmaske|GARNIER||1|Stk.|Home|Drogerie|Pflege|Gesichtspflege|Spezialpflege|Maske|Garnier Skin Active Hyaluron Cryo Jelly Tuchmaske|2,25 €|2,25 €||||||||||||||EUR|Home> Drogerie> Pflege> Gesichtspflege> Spezialpflege> Maske> Garnier Skin Active Hyaluron Cryo Jelly Tuchmaske|https://www.mueller.at/p/garnier-skin-active-hyaluron-cryo-jelly-tuchmaske-IPN2890987/|1 Stk.|Die SkinActive Hyaluron Cryo Jelly Anti-Müdigkeit Gel-Tuchmaske von Garnier ist eine gelartige Tuchmaske für müde aussehende Haut. Dabei wirkt die kühlende Maske im Gesicht wie eine zweite Haut und kühlt diese um bis zu -7°C herunter. Dadurch werden Anzeichen von Müdigkeit sofort reduziert und die Haut erscheint sichtbar straffer. Die Gesichtsmaske besteht aus einem gelartigen Tuch, welches in ein geliertes Serum getränkt ist. Neben Glycerin und Hyaluronsäure ist es auch mit Menthol angereichert – für ein sofortiges Frischegefühl. Zudem schützt die einfach anzuwendende Tuchmaske die Hautbarriere und spendet bis zu 24 Stunden Feuchtigkeit – zur Fördrung von erholt aussehenden Gesichtspartien. Kühlende, gelartige Tuchmaske, die wie eine zweite Haut wirkt und um bis zu -7°C herunterkühlt||||||||||||||||||||||Non-Organic||||"{'target_group': 'Unisex', 'manufacturer': ""L'Oréal Deutschland GmbH"", 'Herstelleradresse': 'TSA 75000 93684 ST OUEN CEDEX FR', 'Kontaktmöglichkeit': '0211 544 77191', 'Anwendungshinweis': 'Vor der Verwendung der Garnier SkinActive Hyaluron Cryo Jelly Anti-Müdigkeit Gel-Tuchmaske das Gesicht gründlich reinigen und abtrocknen. Nun die Gesichtsmaske auseinanderfalten und auf das Gesicht auflegen. Dabei die Tuchmaske sanft an die Gesichtskonturen anpassen. Nach einer Einwirkzeit von etwa 15 Minuten die Rückstände entweder einmassieren oder mit einem Wattepad entfernen. Die kühlende Maske für das Gesicht eignet sich für eine regelmäßige Anwendung, um die Haut mit Feuchtigkeit zu versorgen und zu straffen.', 'package_contents': 'AQUA / WATER • GLYCERIN • PROPANEDIOL • BUTYLENE GLYCOL • PENTYLENE GLYCOL • CAPRYLYL/CAPRYL GLUCOSIDE • CI 19140 / YELLOW 5 • CI 42090 / BLUE 1 • CITRONELLOL • CUCUMIS SATIVUS FRUIT EXTRACT / CUCUMBER FRUIT EXTRACT • DIPOTASSIUM GLYCYRRHIZATE • GLYCERYL ACRYLATE/ACRYLIC ACID COPOLYMER • HYDROXYACETOPHENONE • LIMONENE • LINALOOL • MENTHOL • PHENOXYETHANOL • PVM/MA COPOLYMER • SODIUM HYALURONATE • SODIUM POLYACRYLATE • SODIUM POLYACRYLATE STARCH • XANTHAN GUM • PARFUM / FRAGRANCE (F.I.L. Z70012829/1).', 'Inhalt': '1 Stk.', 'scope_of_application': 'Spezialpflege', 'Batterien erforderlich': 'Nein', 'Produkttyp': 'Lotion'}"||||||||||||||4.8|100|2890987_1.png|https://static.mueller.de/markant_03600542500555_pv_3904193/pdzoom/garnier-skin-active-hyaluron-cryo-jelly-tuchmaske.webp|2890987_2.png|https://static.mueller.de/markant_03600542500555_pr_4343401/pdzoom/garnier-skin-active-hyaluron-cryo-jelly-tuchmaske.webp|2890987_3.png|https://static.mueller.de/markant_03600542500555_pd_3904177/pdzoom/garnier-skin-active-hyaluron-cryo-jelly-tuchmaske.webp|2890987_4.png|https://static.mueller.de/markant_03600542500555_pd_3904176/pdzoom/garnier-skin-active-hyaluron-cryo-jelly-tuchmaske.webp|2890987_5.png|https://static.mueller.de/markant_03600542500555_pd_3925281/pdzoom/garnier-skin-active-hyaluron-cryo-jelly-tuchmaske.webp|2890987_6.png|https://static.mueller.de/markant_03600542500555_pd_3925283/pdzoom/garnier-skin-active-hyaluron-cryo-jelly-tuchmaske.webp||||||||||||L'Oréal Deutschland GmbH||||||||||1 Stk.|AQUA / WATER • GLYCERIN • PROPANEDIOL • BUTYLENE GLYCOL • PENTYLENE GLYCOL • CAPRYLYL/CAPRYL GLUCOSIDE • CI 19140 / YELLOW 5 • CI 42090 / BLUE 1 • CITRONELLOL • CUCUMIS SATIVUS FRUIT EXTRACT / CUCUMBER FRUIT EXTRACT • DIPOTASSIUM GLYCYRRHIZATE • GLYCERYL ACRYLATE/ACRYLIC ACID COPOLYMER • HYDROXYACETOPHENONE • LIMONENE • LINALOOL • MENTHOL • PHENOXYETHANOL • PVM/MA COPOLYMER • SODIUM HYALURONATE • SODIUM POLYACRYLATE • SODIUM POLYACRYLATE STARCH • XANTHAN GUM • PARFUM / FRAGRANCE (F.I.L. Z70012829/1).||True||2890987P|||||||||10
2997702|mueller||||||||2024-10-28|Mob Psycho 100 - Staffel 2 - Gesamtausgabe - Bundle Vol.1-2 [2 DVDs]|||1|Stk.|Home|Multi-Media|Filme & TV|Anime|Mob Psycho 100 - Staffel 2 - Gesamtausgabe - Bundle Vol.1-2  [2 DVDs]|||64,99 €|64,99 €||||||||||||||EUR|Home> Multi-Media> Filme & TV> Anime> Mob Psycho 100 - Staffel 2 - Gesamtausgabe - Bundle Vol.1-2  [2 DVDs]|https://www.mueller.at/p/mob-psycho-100-staffel-2-gesamtausgabe-bundle-vol-1-2-2-dvds-IPN2997702/|1 Stk.|"Geister schlafen bekanntlich nicht, weshalb auch Mob nach wie vor bei seinem Meister Reigen im Büro arbeitet. Als eines Tages tote Hose herrscht, besuchen sie eine Stadt, um den dort erzählten düsteren Legenden nachzugehen. Ob ein Hund mit Menschengesicht oder die berühmt-berüchtigte „Lady Die Hard“ – wie gewohnt kann es keiner mit Mobs überragenden Psi-Kräften aufnehmen. Nach dem letzten großen Exorzismus, mit dem Schwindelmedium Reigen nun auch voller Stolz auf seiner nagelneuen Homepage prahlt, wird das Büro mit Aufträgen nur so überschüttet. Einer davon führt das Geisterjäger-Duo zu einem verlassenen Haus, in dem eine Familie spuken soll. Doch diese ist freundlich gesinnt und stellt Mob vor eine schwierige Entscheidung: Beseitigt er die Geister, wie von den zahlenden Klienten gewünscht, oder hört er auf seine immer lauter werdenden Gefühle?

Die zweite Staffel legt die gleiche Portion trockenen Humor und einzigartige Animation wie ihr Vorgänger an den Tag – doch entwickelt zeitgleich mit ihrem Protagonisten auch eine bedeutungsvolle Tiefe."||||||||||||||||||||||Non-Organic||||"{'medium': 'DVD', 'Untertitel': 'Deutsch', 'manufacturer': 'AV Visionen GmbH', 'Bildformat': '16:9', 'Zusatzinfos / Bonusmaterial beim Film dabei': 'Booklet; 4 Artcards; Clean Ending', 'Inhalt': '1 Stk.', 'Laufzeit in min (gesamt)': '325', 'Produktionsjahr': '2019', 'Produktionsland': 'Japan', 'Regisseur': 'Yuzuru Tachikawa', 'Special Edition': 'Nein', 'Tonformat-Sprache': 'Deutsch,Japanisch', 'Hauptgenre': 'Anime|Action|Comedy|TV-Serie'}"||||||||||||||0|0|2997702_1.png|https://static.mueller.de/videojakob_7630017535290_pv_669922/pdzoom/mob-psycho-100-staffel-2-gesamtausgabe-bundle-vol-1-2-2-dvds.webp||||||||||||||||||||||AV Visionen GmbH||||||||||1 Stk.|||True||2997702P|||||||||4
2997703|mueller||||||||2024-10-28|Mob Psycho 100 - Staffel 2 - Gesamtausgabe - Bundle Vol.1-2 [2 BRs]|||1|Stk.|Home|Multi-Media|Filme & TV|Anime|Mob Psycho 100 - Staffel 2 - Gesamtausgabe - Bundle Vol.1-2  [2 BRs]|||74,99 €|74,99 €||||||||||||||EUR|Home> Multi-Media> Filme & TV> Anime> Mob Psycho 100 - Staffel 2 - Gesamtausgabe - Bundle Vol.1-2  [2 BRs]|https://www.mueller.at/p/mob-psycho-100-staffel-2-gesamtausgabe-bundle-vol-1-2-2-brs-IPN2997703/|1 Stk.|"Geister schlafen bekanntlich nicht, weshalb auch Mob nach wie vor bei seinem Meister Reigen im Büro arbeitet. Als eines Tages tote Hose herrscht, besuchen sie eine Stadt, um den dort erzählten düsteren Legenden nachzugehen. Ob ein Hund mit Menschengesicht oder die berühmt-berüchtigte „Lady Die Hard“ – wie gewohnt kann es keiner mit Mobs überragenden Psi-Kräften aufnehmen. Nach dem letzten großen Exorzismus, mit dem Schwindelmedium Reigen nun auch voller Stolz auf seiner nagelneuen Homepage prahlt, wird das Büro mit Aufträgen nur so überschüttet. Einer davon führt das Geisterjäger-Duo zu einem verlassenen Haus, in dem eine Familie spuken soll. Doch diese ist freundlich gesinnt und stellt Mob vor eine schwierige Entscheidung: Beseitigt er die Geister, wie von den zahlenden Klienten gewünscht, oder hört er auf seine immer lauter werdenden Gefühle?

Die zweite Staffel legt die gleiche Portion trockenen Humor und einzigartige Animation wie ihr Vorgänger an den Tag – doch entwickelt zeitgleich mit ihrem Protagonisten auch eine bedeutungsvolle Tiefe."|||||||||||||||Europa, Vorderasien, Afrika, Australien|||||||Non-Organic||||"{'medium': 'Blu-ray Disc', 'Untertitel': 'Deutsch', 'manufacturer': 'AV Visionen GmbH', 'Bildformat': 'HD', 'Zusatzinfos / Bonusmaterial beim Film dabei': 'Booklet; 4 Artcards; Clean Ending', 'Inhalt': '1 Stk.', 'Laufzeit in min (gesamt)': '325', 'Produktionsjahr': '2019', 'Produktionsland': 'Japan', 'Regionalcode': 'Europa, Vorderasien, Afrika, Australien', 'Regisseur': 'Yuzuru Tachikawa', 'Special Edition': 'Nein', 'Tonformat-Sprache': 'Deutsch,Japanisch', 'Hauptgenre': 'Anime|Action|Comedy|TV-Serie'}"||||||||||||||0|0|2997703_1.png|https://static.mueller.de/videojakob_7630017535283_pv_669921/pdzoom/mob-psycho-100-staffel-2-gesamtausgabe-bundle-vol-1-2-2-brs.webp||||||||||||||||||||||AV Visionen GmbH||||||||||1 Stk.|||True||2997703P|||||||||5
2180735|mueller||||||||2024-10-28|BLUE STAR Blau Aktiv Chlor|BLUE STAR||150|g|Home|Drogerie|Haushalt|Putzen & Reinigen|WC-Reiniger & -Steine|BLUE STAR Blau Aktiv Chlor||5,45 €|5,45 €|||||||||||36,33 € / 1 kg|||EUR|Home> Drogerie> Haushalt> Putzen & Reinigen> WC-Reiniger & -Steine> BLUE STAR Blau Aktiv Chlor|https://www.mueller.at/p/blue-star-blau-aktiv-chlor-IPN2180735/|150 g|Blue Star Blau Aktiv mit Geruchsstopp-Technologie bildet eine Schutzschicht auf der Wasseroberfläche, die vor unangenehmen Gerüchen schützt. Es sorgt nach jeder Spülung für langanhaltende Frische sowie eine saubere & frische Toilette.||||||||||||||||||||||Non-Organic||||{'manufacturer': 'Henkel Central Eastern Europe GmbH', 'Herstelleradresse': 'Erdbergstraße 29, 1030 Wien', 'Kontaktmöglichkeit': 'corporate.communicationsaustria@henkel.com', 'Anwendungshinweis': 'Blue Star Blau Aktiv WC Beckenstein am Beckenrand einhängen. Sprizter auf WC-Sitz, WC-Deckel oder anderen empfindlichen Oberflächen sofort mit klarem Wasser sorgfältig entfernen.', 'package_contents': '> 30% anionische Tenside; 5-15% nichtionische Tenside; < 5% Bleichmittel auf Chlorbasis; Duftstoffe', 'product_property': 'duftend', 'Inhalt': '150 g', 'Produkttyp': 'WC-Steine & -Düfte'}||||||||||||||0|0|2180735_1.png|https://static.mueller.de/pdzoom/9000101017823.webp||||||||||||||||||||||Henkel Central Eastern Europe GmbH||||||||||150 g|> 30% anionische Tenside; 5-15% nichtionische Tenside; < 5% Bleichmittel auf Chlorbasis; Duftstoffe||True||2180735P||||Achtung Verursacht Hautreizungen. Verursacht schwere Augenreizungen. Ist ärtzlicher Rat erforderlich, Verpackung oder Kennzeichnungsetikett bereithalten. Darf nicht in die Hände von Kindern gelangen. Schutzhandschuhe / Augenschutz tragen. BEI BERÜHRUNG MIT DER HAUT: Mit viel Wasser waschen. BEI KONTAKT MIT DEN AUGEN: Einige Minuten behutsam mit Wasser spülen. Eventuell vorhandene Kontaktlinsen nach Möglichkeit entfernen. Weiter spülen. Bei anhaltender Augenreizung: Ärtzlichen Rat einholen / ärtzliche Hilfe hinzuziehen.|||||5
2654656|mueller||||||||2024-10-28|Ravensburger Beschäftigung - GraviTrax. Das Buch für Fans und Profis - Baupläne, Challenges, Know-How|RAVENSBURGER BESCHÄFTIGUNG||1|Stk.|Home|Spielwaren|Experimentieren & Forschen|Ravensburger Beschäftigung - GraviTrax. Das Buch für Fans und Profis - Baupläne, Challenges, Know-How||||15,50 €|15,50 €||||||||||||||EUR|Home> Spielwaren> Experimentieren & Forschen> Ravensburger Beschäftigung - GraviTrax. Das Buch für Fans und Profis - Baupläne, Challenges, Know-How|https://www.mueller.at/p/ravensburger-beschaeftigung-gravitrax-das-buch-fuer-fans-und-profis-bauplaene-challenges-know-how-2654656/|1 Stk.|Ein Buch vollgepackt mit GraviTrax! Hier findest du 20 Anleitungen für nagelneue Bahnen mit ganz besonderen Effekten: Kugeln, die aus der Tiptube in den Wirbel rollen, verschlungene Tracks, bei denen keiner weiß, welche Kugel zuerst ankommen wird, oder eine Bahn mit einem T-förmigen Grundriss. Jede Bahn hat ihr ganz spezielles Feature, viele davon kannst du in deine eigenen Bahnen einbauen und sie in eine völlig neue Dimension heben.  Einige Baupläne sind zusätzlich mit Aufgaben verknüpft, die knifflige Herausforderungen mit sich bringen: Schaffst du es, mit vorgegebenen Bauteilen die Bahn zu vervollständigen, sodass die rote Kugel schneller im Ziel ist als die blaue? Gelingt es dir, eine Bahn zu entwerfen, auf der die Kugel länger unterwegs ist als auf der Bahn aus der Anleitung? Kannst du ein gesamtes Starterset auf zwei Bodenplatten verbauen?  Neben einer Riesenmenge Bauspaß bietet das Buch Know-How für wahre Profis: Wie funktioniert die Gauß-Kanone? Was hat der Looping mit Schwerkraft zu tun und warum kippt die Tiptube? Diese und mehr Fragen werden anschaulich beantwortet.   Hinweise zum Bauen:  Zwölf der Bahnen sind mit je einem Starterset nachbaubar, für zwei Bahnen benötigst du je zwei Startersets und für sechs Bahnen ein Starterset plus je eine der folgenden Erweiterungen: Tunnel, Looping, Kaskade, Flip, Tiptube oder Transfer.  Viele Bahnen kannst du außerdem auch in der GraviTrax-App öffnen und dort starten und umbauen.||||||||8 Jahre||||||||||||||Non-Organic||||"{'target_group': 'Erwachsene|Grundschüler|Jugendliche', 'Artikelnummer des Herstellers': '9783473417193', 'license': 'GraviTrax', 'Altersempfehlung ab': '8 Jahre', 'publisher': 'Ravensburger Verlag GmbH', 'Inhalt': '1 Stk.', 'Produkttyp': 'Sonstige Kästen', 'page_number': '120'}"||||||||||||||0|0|2654656_1.png|https://static.mueller.de/6807703831-PV-0/pdzoom/ravensburger-beschaeftigung-gravitrax-das-buch-fuer-fans-und-profis-bauplaene-challenges-know-how.webp||||||||||||||||||||||9783473417193||||||||||1 Stk.|||False||2654656P|||||||||1
2997705|mueller||||||||2024-10-28|My Hero Academia - 6. Staffel - Vol.4|||1|Stk.|Home|Multi-Media|Filme & TV|Anime|My Hero Academia - 6. Staffel - Vol.4|||47,99 €|47,99 €||||||||||||||EUR|Home> Multi-Media> Filme & TV> Anime> My Hero Academia - 6. Staffel - Vol.4|https://www.mueller.at/p/my-hero-academia-6-staffel-vol-4-IPN2997705/|1 Stk.|"Der junge Izuku Midoriya hat nur einen Traum: Er möchte eines Tages ein Superheld werden – genau wie sein großes Idol All Might! Diese Seifenblase zerplatzt, als er feststellt, dass er einer der wenigen Menschen ist, die keine angeborene Spezialität – also eine besondere Fähigkeit – besitzen. Aber auch als Normalo will Izuku nicht aufgeben und bewirbt sich trotz der Lästereien seiner Mitschüler für die Aufnahmeprüfung an der Yuei-Akademie für Superhelden …

Weiter und immer weiter: Mit Action, Humor und Coolness im Stil des gleichnamigen Mangas trumpfen die Helden groß auf – animiert von Studio Bones (Eureka Seven, Ouran High School Host Club). Plus Ultra!"|||||||||||||||Europa, Vorderasien, Afrika, Australien|||||||Non-Organic||||"{'medium': 'Blu-ray Disc', 'Untertitel': 'Deutsch', 'manufacturer': 'AV Visionen GmbH', 'Bildformat': '16:9|HD', 'Inhalt': '1 Stk.', 'Laufzeit in min (gesamt)': '175', 'Produktionsjahr': '2016', 'Produktionsland': 'Japan', 'Regionalcode': 'Europa, Vorderasien, Afrika, Australien', 'Regisseur': 'Kenji Nagasaki', 'Special Edition': 'Nein', 'Tonformat-Sprache': 'Deutsch,Japanisch', 'Hauptgenre': 'Anime|Action|Comedy|TV-Serie'}"||||||||||||||0|0|2997705_1.png|https://static.mueller.de/videojakob_7630017532411_pv_663002/pdzoom/my-hero-academia-6-staffel-vol-4.webp||||||||||||||||||||||AV Visionen GmbH||||||||||1 Stk.|||True||2997705P|||||||||5
2997709|mueller||||||||2024-10-28|Re:ZERO -Starting Life in Another World - OVAs|||1|Stk.|Home|Multi-Media|Filme & TV|Anime|Re:ZERO -Starting Life in Another World - OVAs|||37,99 €|37,99 €||||||||||||||EUR|Home> Multi-Media> Filme & TV> Anime> Re:ZERO -Starting Life in Another World - OVAs|https://www.mueller.at/p/re-zero-starting-life-in-another-world-ovas-IPN2997709/|1 Stk.|"Memory Snow

Der Kampf gegen die Ulgarm, eine der großen Magiebestien, ist vorbei und im Roswaal-Anwesen herrscht wieder Frieden. Doch lange ausruhen kann sich Subaru nicht, schließlich wartet eine streng geheime Mission auf ihn: ein geeignetes Plätzchen für sein Date mit Emilia zu finden! Doch tollpatschig, wie er nun mal ist, wird er trotz Verkleidung sofort von den Kindern des Dorfes Arlam enttarnt. Fällt sein Plan nun ins Wasser?

The Frozen Bond

Emilias Erinnerungen an ihre frühere Kindheit liegen noch immer tief in ihrem Inneren verborgen. Obwohl sie ein bestimmter Traum, der sich Nacht für Nacht immer aufs Neue wiederholt, morgens mit Tränen in den Augen erwachen lässt, kann sie sich an keine Details erinnern. Eines Tages taucht jedoch ein mysteriöses Wesen auf, das Emilias bloße Existenz infrage stellt – und zudem ein Vorbote für jede Menge Unheil ist …"|||||||||||||||Europa, Vorderasien, Afrika, Australien|||||||Non-Organic||||"{'medium': 'Blu-ray Disc', 'Untertitel': 'Deutsch', 'manufacturer': 'AV Visionen GmbH', 'Bildformat': '16:9|HD', 'Zusatzinfos / Bonusmaterial beim Film dabei': 'Artcards; Poster', 'Inhalt': '1 Stk.', 'Laufzeit in min (gesamt)': '136', 'Produktionsland': 'Japan', 'Regionalcode': 'Europa, Vorderasien, Afrika, Australien', 'Special Edition': 'Nein', 'Tonformat-Sprache': 'Deutsch,Japanisch', 'Hauptgenre': 'Anime|Unterhaltung|Action|Fantasy'}"||||||||||||||0|0|2997709_1.png|https://static.mueller.de/videojakob_7630017533463_pv_666829/pdzoom/re-zero-starting-life-in-another-world-ovas.webp||||||||||||||||||||||AV Visionen GmbH||||||||||1 Stk.|||True||2997709P|||||||||2
232247|mueller||||||||2024-10-28|DECLARÉ MEN Vitamineral Anti-Wrinkle Energizing Cream|DECLARÉ||75|ml|Home|Parfümerie|Pflege|Gesichtspflege|Tagespflege|DECLARÉ MEN Vitamineral Anti-Wrinkle Energizing Cream||36,85 €|36,85 €|||||||||||491,33 € / 1 l|||EUR|Home> Parfümerie> Pflege> Gesichtspflege> Tagespflege> DECLARÉ MEN Vitamineral Anti-Wrinkle Energizing Cream|https://www.mueller.at/p/declare-men-vitamineral-anti-wrinkle-energizing-cream-232247/|75 ml|Energie-Pflege für vitalisierte, glatte Haut. Die hochwirksame, erfrischend leichte Creme pflegt anspruchsvolle Haut nachhaltig und intensiv auf mehreren Ebenen: Der Declaré src-complex™ stärkt die Widerstandskraft, beruhigt Irritationen wirksam und schützt die Zellen. Die Haut wird optimal mit Vitaminen, Mineralien und extra viel Feuchtigkeit versorgt. Bestehende Falten und Linien werden reduziert. Die Haut wird perfekt vitalisiert und aktiviert. Für gestärkte Haut voller Ausstrahlung. Ideal für normale bis Mischhaut oder zur Pflege während der warmen Jahreszeit.||||||||||||||||||||||Non-Organic||||"{'target_group': 'Herren', 'manufacturer': 'Troll Cosmetics GmbH', 'Herstelleradresse': 'Zechwaldstr. 1, 88131 Lindau', 'Anwendungshinweis': 'Morgens und / oder abends auf die gereinigte und / oder rasierte Haut auftragen. Bei Anwendung am Tag zum Schutz zusätzlich Daily Shield Cell & UV Protection Concentrate verwenden.', 'package_contents': 'AQUA (WATER), BUTYLENE GLYCOL, CETEARYL ALCOHOL, GLYCERIN, C12-15 ALKYL BENZOATE, DICAPRYLYL CARBONATE, ISOSTEARYL ISOSTEARATE, STEARETH-21, GLYCERYL STEARATE, CETYL ALCOHOL, PENTYLENE GLYCOL, TOCOPHERYL ACETATE, MARIS AQUA (SEA WATER), PHENOXYETHANOL, SODIUM ASCORBYL PHOSPHATE, PARFUM (FRAGRANCE), XANTHAN GUM, ECTOIN, GLYCERYL CAPRYLATE, FAEX EXTRACT (YEAST EXTRACT), ALLANTOIN, CAPRYLYL GLYCOL, DIMETHICONE, TETRASODIUM GLUTAMATE DIACETATE, CITRIC ACID, RETINYL PALMITATE, BISABOLOL, HYDROLYZED LUPINE PROTEIN, SODIUM HYALURONATE, CAPRYLIC/CAPRIC TRIGLYCERIDE, HYDROLYZED LINSEED EXTRACT, LECITHIN, ASCORBYL PALMITATE, SODIUM BENZOATE, SODIUM HYDROXIDE, ETHYLHEXYLGLYCERIN, TOCOPHEROL', 'skin_type': 'alle Hauttypen', 'product_property': 'feuchtigkeitsspendend|glättend|beruhigend', 'Inhalt': '75 ml', 'scope_of_application': 'Tagespflege', 'Produkttyp': 'Creme'}"||||||||||||||0|0|232247_1.png|https://static.mueller.de/489722869-PV-0/pdzoom/declare-men-vitamineral-anti-wrinkle-energizing-cream.webp||||||||||||||||||||||Troll Cosmetics GmbH||||||||||75 ml|AQUA (WATER), BUTYLENE GLYCOL, CETEARYL ALCOHOL, GLYCERIN, C12-15 ALKYL BENZOATE, DICAPRYLYL CARBONATE, ISOSTEARYL ISOSTEARATE, STEARETH-21, GLYCERYL STEARATE, CETYL ALCOHOL, PENTYLENE GLYCOL, TOCOPHERYL ACETATE, MARIS AQUA (SEA WATER), PHENOXYETHANOL, SODIUM ASCORBYL PHOSPHATE, PARFUM (FRAGRANCE), XANTHAN GUM, ECTOIN, GLYCERYL CAPRYLATE, FAEX EXTRACT (YEAST EXTRACT), ALLANTOIN, CAPRYLYL GLYCOL, DIMETHICONE, TETRASODIUM GLUTAMATE DIACETATE, CITRIC ACID, RETINYL PALMITATE, BISABOLOL, HYDROLYZED LUPINE PROTEIN, SODIUM HYALURONATE, CAPRYLIC/CAPRIC TRIGLYCERIDE, HYDROLYZED LINSEED EXTRACT, LECITHIN, ASCORBYL PALMITATE, SODIUM BENZOATE, SODIUM HYDROXIDE, ETHYLHEXYLGLYCERIN, TOCOPHEROL||True||232247P|||||||||10
3016275|mueller||||||||2024-10-28|DAVIDOFF Cool Water Reborn Eau de Toilette for Men|DAVIDOFF||40|ml|Home|Parfümerie|Düfte für Ihn|Düfte|DAVIDOFF Cool Water Reborn Eau de Toilette for Men|||42,00 €|42,00 €|42,00 €|36,95 €||||12%|Sie sparen 12%||||923,75 € / 1 l|||EUR|Home> Parfümerie> Düfte für Ihn> Düfte> DAVIDOFF Cool Water Reborn Eau de Toilette for Men|https://www.mueller.at/p/davidoff-cool-water-reborn-eau-de-toilette-for-men-7140165630/|40 ml|"„Man sagt, man lebt nur einmal. Aber man sagt nie, wie oft man wiedergeboren werden kann.“ Davidoff Cool Water, das vor dreißig Jahren „geboren“ wurde, hat zu einer Revolution in der Parfümerie geführt. Eine legendäre olfaktorische Signatur, die Frische, Stärke und Hedonismus verbindet. Seit der vielversprechenden „Geburt“ hat sich Davidoff Cool Water immer wieder neu entwickelt. Heute bringt der Duft durch seine neuen Impulse des Meeres eine stärkere Sinnlichkeit und Leidenschaft. Dieser legendäre Duft durchquert den Ozean für ein neues Zeitalter. Davidoff Cool Water erweckt zum Leben. Entdecken Sie das Davidoff Cool Water REBORN Eau de Toilette für ihn, in dem sich die aromatischen Noten des Rosmarins, der vor Ort an unserem Erntegebiet in Tunesien destilliert wurde, mit der eleganten Sinnlichkeit des Vetiver verbinden, das auf der Insel Haiti verantwortungsbewusst bezogen wurde.
Ich bin ein sauberer Duft:

94 % Zutaten aus natürlichen Quellen
Vegan
Mit aus natürlichen Quellen verfeinertem Alkohol
Behutsam gewonnenes Vetiver
"||||||||||||||||||||||Non-Organic||||"{'target_group': 'Herren', 'manufacturer': 'Coty Beauty Germany GmbH', 'Herstelleradresse': 'Berliner Allee 65, DE-64295 Darmstadt', 'fragrance_concentration': 'Eau de Toilette', 'fragrance_note': 'aromatisch|holzig', 'top_note': 'Rosmarin', 'heart_note': 'Galbanum', 'base_note': 'Vetiver', 'Anwendungshinweis': 'Auf die gesunde Haut aufsprühen.', 'application_type': 'Pumpzerstäuber', 'package_contents': 'Alcohol Denat., Aqua/Water/Eau, Parfum/Fragrance, Limonene, Vetiveria Zizanoides Root Oil, Coumarin, Rosmarinus Officinalis (Rosemary) Leaf Oil, Linalool, Citronellol, Geraniol, Citral, Ferula Galbaniflua (Galbanum) Resin Oil, Hydroxycitronellal', 'Inhalt': '40 ml', 'fragrance_effect': 'frisch', 'Produkttyp': 'Eau de Toilette'}"||||||||||||||5.0|1|3016275_1.png|https://static.mueller.de/pdzoom/3616305439383_1.webp|3016275_2.png|https://static.mueller.de/pdzoom/3616305439383_2.webp|3016275_3.png|https://static.mueller.de/pdzoom/3616305439383_7.webp|3016275_4.png|https://static.mueller.de/pdzoom/3616305439383_4.webp|3016275_5.png|https://static.mueller.de/pdzoom/3616305439383_5.webp|3016275_6.png|https://static.mueller.de/pdzoom/3616305439383_6.webp||||||||||||Coty Beauty Germany GmbH||||||||||40 ml|Alcohol Denat., Aqua/Water/Eau, Parfum/Fragrance, Limonene, Vetiveria Zizanoides Root Oil, Coumarin, Rosmarinus Officinalis (Rosemary) Leaf Oil, Linalool, Citronellol, Geraniol, Citral, Ferula Galbaniflua (Galbanum) Resin Oil, Hydroxycitronellal||True||3016275P|||||||||10
2801884|mueller||||||||2024-10-28|JIL SANDER Eau de Parfum Natural Spray Sunset|JIL SANDER||30|ml|Home|Parfümerie|Düfte für Sie|Düfte|JIL SANDER Eau de Parfum Natural Spray Sunset|||36,00 €|36,00 €|36,00 €|29,95 €||||17%|Sie sparen 17%||||998,33 € / 1 l|||EUR|Home> Parfümerie> Düfte für Sie> Düfte> JIL SANDER Eau de Parfum Natural Spray Sunset|https://www.mueller.at/p/jil-sander-eau-de-parfum-natural-spray-sunset-7140165632/|30 ml|Entdecken Sie unser neues Sunset Eau de Parfum, hergestellt mit 86 % Inhaltsstoffen natürlichen Ursprungs. Im Herzen entfaltet sich eine feminine Note von Rose Absolue, die Sinnlichkeit verströmt. Dieser hypnotische, blumige Duft entführt Sie ans Meer, wo eine sanfte Brise Sie umspielt und sich an Ihre Haut schmiegt.||||||||||||||||||||||Non-Organic||||{'target_group': 'Damen', 'manufacturer': 'Coty Beauty Germany GmbH', 'Herstelleradresse': 'Berliner Allee 65, D-64295 Darmstadt', 'fragrance_concentration': 'Eau de Parfum', 'fragrance_note': 'blumig', 'top_note': 'Patschuli.', 'heart_note': 'Pfirsich.', 'base_note': 'Rose Absolue.', 'Anwendungshinweis': 'Auf die gesunde Haut aufsprühen.', 'application_type': 'Pumpzerstäuber', 'package_contents': 'Alcohol Denat, Aqua/Water/Eau, Parfum/Fragrance, Linalool, Citronellol, Coumarin, Benzyl Benzoate, Limonene, Isoeugenol, Geraniol.', 'Inhalt': '30 ml', 'Produkttyp': 'Eau de Parfum'}||||||||||||||4.7574|643|2801884_1.png|https://static.mueller.de/7108286040-PV-0/pdzoom/jil-sander-eau-de-parfum-natural-spray-sunset.webp|2801884_2.png|https://static.mueller.de/7108286040-PUV-1/pdzoom/jil-sander-eau-de-parfum-natural-spray-sunset.webp||||||||||||||||||||Coty Beauty Germany GmbH||||||||||30 ml|Alcohol Denat, Aqua/Water/Eau, Parfum/Fragrance, Linalool, Citronellol, Coumarin, Benzyl Benzoate, Limonene, Isoeugenol, Geraniol.||True||2801884P|||||||||10
2958130|mueller||||||||2024-10-28|Alkmene Fußcreme Teebaumöl + Urea|ALKMENE||100|ml|Home|Drogerie|Pflege|Körperpflege|Hand- & Fußpflege|Fußpflege|Alkmene Fußcreme Teebaumöl + Urea|4,45 €|4,45 €|||||||||||44,50 € / 1 l|||EUR|Home> Drogerie> Pflege> Körperpflege> Hand- & Fußpflege> Fußpflege> Alkmene Fußcreme Teebaumöl + Urea|https://www.mueller.at/p/alkmene-fusscreme-teebaumoel-urea-IPN2958130/|100 ml|"Die reichhaltige Formel mit der einzigartigen Wirkkombination aus Teebaumöl und Urea spendet trockener und juckender Haut intensiv bis zu 24h Feuchtigkeit und lindert spürbar den Juckreiz. Die Hautschutzbarriere wird gestärkt und kann dadurch Fußpilz vorbeugen. Für weiche und geschmeidige Füße. Hautverträglichkeit dermatologisch bestätigt.

Spendet bis zu 24h Feuchtigkeit und lindert Juckreiz**
Stärkt die Hautschutzbarriere und kann Fußpilz vorbeugen*
Für weiche und geschmeidige Füße

*Dermatologische Studie, 20 Anwender, 2 Wochen**Anwendungstest: Zustimmung in %, 20 Anwender, 2 Wochen
 "||||||||||||||||||||||Non-Organic||||{'manufacturer': 'Mann & Schröder GmbH', 'Herstelleradresse': 'Bahnhofstraße 14, DE-74936 Siegelsbach', 'Kontaktmöglichkeit': 'info@mann-schroeder.de', 'Anwendungshinweis': 'Anwendung: Für besonders pflegebedürftige Füße dick auftragen und über Nacht mit Baumwollsocken darüber einwirken lassen.', 'package_contents': 'Aqua (Water), Glycerin, Cetearyl Alcohol, Glyceryl Stearate, Propylene Glycol, Urea, Ethylhexyl Stearate, Isopropyl Palmitate, Butyrospermum Parkii (Shea) Butter, Panthenol, Melaleuca Alternifolia (Tea Tree) Leaf Oil, Parfum (Fragrance), Sodium Cetearyl Sulfate, Phenoxyethanol, Benzyl Alcohol, Limonene, Linalool, Sodium Lactate, Lactic Acid, Sodium Hydroxide, Citric Acid', 'Inhalt': '100 ml', 'scope_of_application': 'Fußpflege', 'Produkttyp': 'Creme'}||||||||||||||0|0|2958130_1.png|https://static.mueller.de/markant_04003583214174_pv_4050036/pdzoom/alkmene-fusscreme-teebaumoel-urea.webp||||||||||||||||||||||Mann & Schröder GmbH||||||||||100 ml|Aqua (Water), Glycerin, Cetearyl Alcohol, Glyceryl Stearate, Propylene Glycol, Urea, Ethylhexyl Stearate, Isopropyl Palmitate, Butyrospermum Parkii (Shea) Butter, Panthenol, Melaleuca Alternifolia (Tea Tree) Leaf Oil, Parfum (Fragrance), Sodium Cetearyl Sulfate, Phenoxyethanol, Benzyl Alcohol, Limonene, Linalool, Sodium Lactate, Lactic Acid, Sodium Hydroxide, Citric Acid||True||2958130P|||||||||10
2654685|mueller||||||||2024-10-28|Wo bist du, kleines Küken? - Mit großen Fühlklappen|-||1|Stk.|Home|Spielwaren|Buch & Schulbedarf|Kinder- & Jugendbücher|Wo bist du, kleines Küken? - Mit großen Fühlklappen|||8,30 €|8,30 €||||||||||||||EUR|Home> Spielwaren> Buch & Schulbedarf> Kinder- & Jugendbücher> Wo bist du, kleines Küken? - Mit großen Fühlklappen|https://www.mueller.at/p/wo-bist-du-kleines-kueken-mit-grossen-fuehlklappen-2654685/|1 Stk.|Wo hat sich das kleine Küken versteckt? Schläft es vielleicht in der bunten Hundehütte oder spielt es mit dem Schwein im Matsch? Dieses allererste Stoff-Klappenbuch lädt Kinder ab 12 Monaten ein, es herauszufinden! Auf jeder der fünf Doppelseiten gibt es eine große Klappe aus Stoff, die zum Greifen und Entdecken anregt. Schon die Allerkleinsten öffnen diese Klappen spielend leicht – stabile Materialien und das handliche Buchformat machen es möglich. Dahinter verstecken sich allerlei spannende Bauernhoftiere: Die Katzen haben sich im Stroh versteckt und der Hofhund schläft in seiner Hütte. Die Ferkel suhlen sich im Matsch, die Schafe gucken neugierig aus ihrem Stall und, nanu, was schlüpft denn da aus dem Ei? – Das kleine Küken! Dieses Pappbilderbuch ist auf die Bedürfnisse kleiner Kinderhände abgestimmt und hält auch energischen Griffen stand. So kann sich die Feinmotorik der Kinder Schritt für Schritt entwickeln. Dank der kompakten Maße passt das Buch zudem in jede Hand- und Wickeltasche, ideal für unterwegs!||||||||||||||||||||||Non-Organic||||{'target_group': 'Kleinkinder', 'license': 'Ravensburger Kinderbücher', 'genre': 'Bilderbücher', 'publishing_year': '2020', 'Inhalt': '1 Stk.', 'ISBN Ausgangsbuch': '9783473438709', 'Produkttyp': 'Kinder- & Jugendbücher', 'page_number': '12'}||||||||||||||0|0|2654685_1.png|https://static.mueller.de/6807693749-PV-0/pdzoom/wo-bist-du-kleines-kueken-mit-grossen-fuehlklappen.webp||||||||||||||||||||||||||||||||1 Stk.|||True||2654685P|||||||||10
2180750|mueller||||||||2024-10-28|BLUE STAR Blau Aktiv Blütenfrische|BLUE STAR||150|g|Home|Drogerie|Haushalt|Putzen & Reinigen|WC-Reiniger & -Steine|BLUE STAR Blau Aktiv Blütenfrische||5,45 €|5,45 €|||||||||||36,33 € / 1 kg|||EUR|Home> Drogerie> Haushalt> Putzen & Reinigen> WC-Reiniger & -Steine> BLUE STAR Blau Aktiv Blütenfrische|https://www.mueller.at/p/blue-star-blau-aktiv-bluetenfrische-IPN2180750/|150 g|Blue Star Blau Aktiv mit Geruchsstopp-Technologie bildet eine Schutzschicht auf der Wasseroberfläche, die vor unangenehmen Gerüchen schützt. Es sorgt nach jeder Spülung für langanhaltende Frische sowie eine saubere & frische Toilette.||||||||||||||||||||||Non-Organic||||{'manufacturer': 'Henkel Central Eastern Europe GmbH', 'Herstelleradresse': 'Erdbergstraße 29, 1030 Wien', 'Kontaktmöglichkeit': 'corporate.communicationsaustria@henkel.com', 'Anwendungshinweis': 'Blue Star Blau Aktiv WC Beckenstein am Beckenrand einhängen. Sprizter auf WC-Sitz, WC-Deckel oder anderen empfindlichen Oberflächen sofort mit klarem Wasser sorgfältig entfernen.', 'package_contents': '> 30% anionische Tenside; 5-15% nichtionische Tenside; Duftstoffe (Alpha-Isomethyl Ionone, Citronellol, Geraniol, Linalool)', 'product_property': 'duftend', 'Inhalt': '150 g', 'Produkttyp': 'WC-Steine & -Düfte'}||||||||||||||0|0|2180750_1.png|https://static.mueller.de/pdzoom/9000101028812.webp||||||||||||||||||||||Henkel Central Eastern Europe GmbH||||||||||150 g|> 30% anionische Tenside; 5-15% nichtionische Tenside; Duftstoffe (Alpha-Isomethyl Ionone, Citronellol, Geraniol, Linalool)||True||2180750P||||Achtung Verursacht Hautreizungen. Verursacht schwere Augenreizungen. Ist ärtzlicher Rat erforderlich, Verpackung oder Kennzeichnungsetikett bereithalten. Darf nicht in die Hände von Kindern gelangen. Schutzhandschuhe / Augenschutz tragen. BEI BERÜHRUNG MIT DER HAUT: Mit viel Wasser waschen. BEI KONTAKT MIT DEN AUGEN: Einige Minuten behutsam mit Wasser spülen. Eventuell vorhandene Kontaktlinsen nach Möglichkeit entfernen. Weiter spülen. Bei anhaltender Augenreizung: Ärtzlichen Rat einholen / ärtzliche Hilfe hinzuziehen.|||||5
521415|mueller||||||||2024-10-28|Vengeance Falls|||1|Stk.|Home|Multi-Media|Musik|Heavy Metal|Vengeance Falls|||5,00 €|5,00 €||||||||||||||EUR|Home> Multi-Media> Musik> Heavy Metal> Vengeance Falls|https://www.mueller.at/p/vengeance-falls-521415/|1 Stk.|||||||||||||||||||||||Non-Organic||||{'medium': 'CD', 'Künstler': 'Trivium', 'Inhalt': '1 Stk.', 'Anzahl Medien im Artikel': '1', 'genre': 'Metal', 'Label': 'Roadrunner'}||||||||||||||0|0|521415_1.png|https://static.mueller.de/pdzoom/phononet_0016861760120_pv_0016861760120-0600px-001.webp|521415_2.png|https://static.mueller.de/pdzoom/phononet_0016861760120_pr_0016861760120-0600px-002.webp|521415_3.png|https://static.mueller.de/284628476-PR-1/pdzoom/vengeance-falls.webp||||||||||||||||||||||||||||1 Stk.|||True||521415P|||||||||5
2997753|mueller||||||||2024-10-28|Top Spin 2K25|||1|Stk.|Home|Multi-Media|Games|Xbox Series X|Top Spin 2K25|||44,99 €|44,99 €||||||||||||||EUR|Home> Multi-Media> Games> Xbox Series X> Top Spin 2K25|https://www.mueller.at/p/top-spin-2k25-IPN2997753/|1 Stk.|"GAME, SATZ, SIEG

Aufschlag zur brandneuen Tennis-Simulation TopSpin 2K25! Die Tenniswelt und 2K treffen wieder aufeinander. Die Rückkehr von TopSpin 2K25, einem Must-Have-Sportspiel von 2K.

GEWINNE DEN GRAND-SLAM® DEINER KARRIERE
Bereise als Newcomer die Welt, wetteifere mit den größten Namen im Tennis und nimm den Centre Court von Roland-Garros, Wimbledon, den US Open und den Australian Open auf deinem Weg, ein Grand-Slam®-Champion in MyCAREER zu werden, für dich ein.

TRITT IN BERÜHMTEN STADIEN AN
Besuche einige der aufregendsten Tennisplätze der ATP Tour in TopSpin 2K25. Von den vier Grand-Slams® bis hin zu atemberaubenden internationalen Stadien wie Indian Wells, Hard Rock Stadium, Pala Alpitour, Foro Italico und mehr.

TENNIS-LEGENDEN UND NEWCOMER
Spiele als die Legenden Roger Federer und Serena Williams oder glänze mit schmetternden Aufschlägen als Carlos Alcaraz, Iga Swiatek, Frances Tiafoe, Andre Agassi und andere. Wähle aus über 24 spielbaren Profis und entfessle ihre explosive Power und clevere Finesse gegen andere Spieler lokal oder online.
DOMINIERE ONLINE DEN PLATZ
Stelle deinen MyPLAYER auf die Probe und beweise dein Können im Tennis auf der World Tour oder gehe als spielbarer Profi auf der 2K Tour ins Rennen und miss dich an Spieler*innen aus aller Welt mit Crossplay-Support.

TRAINIERE MIT JOHN MCENROE
Von Power-Aufschlägen zu wunderschönen Stoppbällen: lerne mit John McEnroe bei der Topspin-Akademie, wie eine Legende zu spielen. Meistere die erweiterte Steuerung, während du dich durch eine Reihe an Drills und Challenges schlägst, die deine Fähigkeiten schärfen, um auf jedem Platz einen Vorteil zu haben.

MEHR ANPASSUNGSMÖGLICHKEITEN IN MyPLAYER
Erstelle einen MyPLAYER, der ganz auf deinen Spielstyle zugeschnitten ist und definiere deinen Look auf dem Platz! Mit einer großen Auswahl und Anpassungsmöglichkeiten kannst du deine Attribute abstimmen und neue Trainer, Fittings und Ausrüstung von adidas, HEAD, Lacoste, New Balance, Nike, Wilson und mehr verdienen.

Spiel komplett in Deutsch!

Unterstützt Smart Delivery - Kann sowohl auf der Xbox One, als auch auf der Xbox Series X gespielt werden!"||||||||||||||||||||||Non-Organic||||"{'manufacturer': 'Take-Two', 'System': 'xbox series x', 'Anzahl Bonusdiscs': '0', 'Inhalt': '1 Stk.', 'Spiel online fähig': 'Ja', 'Produktionsjahr': '2023', 'Spieleranzahl': '1-4', 'Virtual Reality': 'Nein', 'Zusatzinfo': 'Smart Delivery, Co-op (2-4 Spieler). Online-Multiplayer (2 Spieler)', 'Hauptgenre': 'sportspiel|xbox network'}"||||||||||||||0|0|2997753_1.png|https://static.mueller.de/pdzoom/5026555368988-pv-neu.webp|2997753_2.png|https://static.mueller.de/pdzoom/videojakob_5026555368988_pr_669959-back.webp||||||||||||||||||||Take-Two||||||||||1 Stk.|||True||2997753P|||||||||3
2997755|mueller||||||||2024-10-28|25 Years Techno Club Compilation Vinyl Edit.Vol2|||1|Stk.|Home|Multi-Media|Musik|Dance|25 Years Techno Club Compilation Vinyl Edit.Vol2|||26,95 €|26,95 €|26,95 €|19,99 €||||26%|Sie sparen 26%|||||||EUR|Home> Multi-Media> Musik> Dance> 25 Years Techno Club Compilation Vinyl Edit.Vol2|https://www.mueller.at/p/25-years-techno-club-compilation-vinyl-edit-vol2-IPN2997755/|1 Stk.|||||||||||||||||||||||Non-Organic||||{'medium': 'LP (analog)', 'Künstler': 'Various', 'Inhalt': '1 Stk.', 'Anzahl Medien im Artikel': '2', 'genre': 'Trance/Techno/House', 'Label': 'zyx'}||||||||||||||0|0|2997755_1.png|https://static.mueller.de/pdzoom/phononet_0194111029033_pv_0194111029033-0600px-001.webp|2997755_2.png|https://static.mueller.de/pdzoom/phononet_0194111029033_pr_0194111029033-0600px-002.webp||||||||||||||||||||||||||||||1 Stk.|||True||2997755P|||||||||5
2101611|mueller||||||||2024-10-28|Mittelerde Collection [6 BRs]|||1|Stk.|Home|Multi-Media|Filme & TV|Science Fiction & Fantasy|Mittelerde Collection  [6 BRs]|||29,99 €|29,99 €||||||||||||||EUR|Home> Multi-Media> Filme & TV> Science Fiction & Fantasy> Mittelerde Collection  [6 BRs]|https://www.mueller.at/p/mittelerde-collection-6-brs-2101611/|1 Stk.|enthält die Kinofassungen||||||||||||||||||||||Non-Organic||||{'medium': 'Blu-ray Disc', 'manufacturer': 'Warner Bros (Universal Pictures)', 'Bildformat': 'HD', 'Inhalt': '1 Stk.', 'Laufzeit in min (gesamt)': '1032', 'Produktionsjahr': '2014', 'Produktionsland': 'USA', 'Regisseur': 'Peter Jackson', 'Schauspieler': 'Christopher Lee,Elijah Wood,Viggo Mortensen,Liv Tyler', 'Special Edition': 'Nein', 'Tonformat-Sprache': 'Deutsch,Spanisch', 'Hauptgenre': 'Fantasy'}||||||||||||||0|0|2101611_1.png|https://static.mueller.de/videojakob_5051890305220_pv_496388/pdzoom/mittelerde-collection-6-brs.webp|2101611_2.png|https://static.mueller.de/videojakob_5051890305220_pd_66616470/pdzoom/mittelerde-collection-6-brs.webp|2101611_3.png|https://static.mueller.de/videojakob_5051890305220_pd_66616934/pdzoom/mittelerde-collection-6-brs.webp|2101611_4.png|https://static.mueller.de/videojakob_5051890305220_pd_66617532/pdzoom/mittelerde-collection-6-brs.webp|2101611_5.png|https://static.mueller.de/videojakob_5051890305220_pd_66618098/pdzoom/mittelerde-collection-6-brs.webp|2101611_6.png|https://static.mueller.de/videojakob_5051890305220_pd_66618748/pdzoom/mittelerde-collection-6-brs.webp||||||||||||Warner Bros (Universal Pictures)||||||||||1 Stk.|||False||2101611P|||||||||1
2101613|mueller||||||||2024-10-28|Mittelerde Collection [6 DVDs]|||1|Stk.|Home|Multi-Media|Filme & TV|Science Fiction & Fantasy|Mittelerde Collection  [6 DVDs]|||24,99 €|24,99 €||||||||||||||EUR|Home> Multi-Media> Filme & TV> Science Fiction & Fantasy> Mittelerde Collection  [6 DVDs]|https://www.mueller.at/p/mittelerde-collection-6-dvds-2101613/|1 Stk.|"Enthält die Kinofassungen de3r ""Der Hobbit Trilogie"" und der ""Der Herr der Ringe Trilogie"" auf 6 Disc.

Film: 1
Der Hobbit - Eine unerwartete Reise
Erlebe Bilbo Beutlin - zusammen mit dem Zauberer Gandalf und 13 Zwergen, geführt von Thorin Eichenschild - auf seiner epischen Mission, das verlorene Zwergenreich Erebor zurückzuerobern. Ca. 163 Min.


Film 2:
Der Hobbit - Smaugs Einöde
Bilbo und die Zwerge entkommen riesigen Spinnen und Waldelben im Düsterwald und treffen auf den mysteriösen Bard, der sie heimlich nach Seestadt bringt. Als sie schließlich den Einsamen Berg erreichen, müssen sie sich dem Drachen Smaug stellen. Ca. 155 Min.

Film 3:
Der Hobbit - Die Schlacht der fünf Heere
Die Zwerge von Erebor haben ihr Heimatland zurückgefordert, müssen aber nun die Konsequenzen dafür tragen, dass sie Smaug losgelassen haben. Bilbo kämpft um sein Leben, während fünf große Heere in den Krieg ziehen. Die Völker der Zwerge, Elben und Menschen müssen ein Bündnis schließen, wenn sie nicht untergehen wollen. Ca. 139 Min.

Film 4:
Der Herr der Ringe: Die Gefährten
Zusammen mit seinen mutigen Gefährten bricht Frodo Beutlin zu seiner gefahrvollen Mission auf. Er muss den legendären Einen Ring und dessen magische Kräfte im Schicksalsberg zerstören, damit der Dunkle Herr Sauron ihn niemals wieder in seine Hand bekommen wird. Ca. 171 Min.

Film 5:
Der Herr der Ringe - Die zwei Türme
Frodo und Sam setzen ihren Weg nach Mordor fort. Gollum bietet sich als Führer an, aber können sie ihm trauen? Kann Frodo sich selbst trauen? Aragorn sammelt Mitstreiter für die anstehenden KIämpfe um sich. Ca. 172 Min.

Film 6:
Der Herr der Ringe - Die Rückkehr des Königs
Die Zeit ist gekommen. Frodo muss sich gegen Gollum, die Riesenspinne Kankra und die Lockungen des Rings, der sich gegen seine Vernichtung aufbäumt, zur Wehr setzen. Aragorn ist bemüht, seiner Bestimmung gerecht zu werden. Die letzte Schlacht um Mittelerde beginnt. Ca. 192 Min."||||||||||||||||||||||Non-Organic||||{'medium': 'DVD', 'manufacturer': 'Warner Bros (Universal Pictures)', 'Inhalt': '1 Stk.', 'Laufzeit in min (gesamt)': '992', 'Produktionsjahr': '2014', 'Produktionsland': 'USA', 'Regisseur': 'Peter Jackson', 'Schauspieler': 'Elijah Wood,Liv Tyler,Viggo Mortensen,Christopher Lee', 'Special Edition': 'Nein', 'Tonformat-Sprache': 'Englisch,Deutsch,Deutsch,Englisch,Französisch,Deutsch', 'Hauptgenre': 'Fantasy'}||||||||||||||0|0|2101613_1.png|https://static.mueller.de/videojakob_5051890305237_pv_497214/pdzoom/mittelerde-collection-6-dvds.webp|2101613_2.png|https://static.mueller.de/pdzoom/videojakob_5051890305237_pr_497214-back.webp|2101613_3.png|https://static.mueller.de/videojakob_5051890305237_pd_66616470/pdzoom/mittelerde-collection-6-dvds.webp|2101613_4.png|https://static.mueller.de/videojakob_5051890305237_pd_66616934/pdzoom/mittelerde-collection-6-dvds.webp|2101613_5.png|https://static.mueller.de/videojakob_5051890305237_pd_66617532/pdzoom/mittelerde-collection-6-dvds.webp|2101613_6.png|https://static.mueller.de/videojakob_5051890305237_pd_66618098/pdzoom/mittelerde-collection-6-dvds.webp||||||||||||Warner Bros (Universal Pictures)||||||||||1 Stk.|||True||2101613P|||||||||5
2997750|mueller||||||||2024-10-28|Harry Potter Dobby Plüsch 29cm|||1|Stk.|Home|Multi-Media|Fanartikel|Harry Potter Dobby Plüsch 29cm||||24,99 €|24,99 €||||||||||||||EUR|Home> Multi-Media> Fanartikel> Harry Potter Dobby Plüsch 29cm|https://www.mueller.at/p/harry-potter-dobby-pluesch-29cm-IPN2997750/|1 Stk.|"Harry Potter Dobby – farbenfrohe, samtigweiche Plüschfigur - 29 cm

Diese farbenfrohe Plüschfigur wirkt durch die samtige Oberfläche besonders kuschelig und hochwertig - ein Muss für jeden Harry Potter - Fan, der gern kuschelt. Diese Plüschfigur ist nicht nur frisch und farbenfroh, sondern auch sehr praktisch. Sollte sie mal schmutzig werden, ist sie bis 30 °C Grad waschbar."||||||||||||||||||||||Non-Organic||||{'Höhe': '29 cm', 'Inhalt': '1 Stk.', 'Produkttyp': 'Fan-Artikel'}||||||||||||||0|0|2997750_1.png|https://static.mueller.de/pdzoom/8425611307829-pv.webp||||||||||||||||||||||||||||||||1 Stk.|||True||2997750P|||||||||10
2811875|mueller||||||||2024-10-28|Terra Naturi Eyeshadow Palette golden Brownie|TERRA NATURI||7.2|g|Home|Parfümerie|Make-up|Augen|Lidschatten|Terra Naturi Eyeshadow Palette golden Brownie||5,95 €|5,95 €||||||||||||||EUR|Home> Parfümerie> Make-up> Augen> Lidschatten> Terra Naturi Eyeshadow Palette golden Brownie|https://www.mueller.at/p/terra-naturi-eyeshadow-palette-golden-brownie-2811875/|7.2 g|Die Terra Naturi Eyeshadow Palette Golden Brownie enthält 12 perfekt aufeinander abgestimmte Farbnuancen. Die matten und schimmernden Trendfarben mit wertvollem Marula Öl haben eine samtig-weiche Textur und lassen sich leicht verblenden. Für strahlend schöne Lidschatten-Looks.||||||||||||||||||||||Non-Organic||||{'consistency': 'Puder', 'manufacturer': 'Premium Cosmetics GmbH', 'Herstelleradresse': 'Schillerstraße 21, DE-73054 Eislingen/Fils', 'package_contents': 'ingredients: mica, kaolin, caprylic/capric triglyceride, copernicia cerifera cera, magnesium stearate, pentylene glycol, glyceryl caprylate, sclerocarya birrea seed oil, ci 77492, ci 77491, magnolia officinalis bark extract, ci 77499, magnesium oxide, alumina   farbe 02 champagne glow ingredients: mica, ci 77891, caprylic/capric triglyceride, copernicia cerifera cera, macadamia integrifolia/tetraphylla seed oil, simmondsia chinensis seed oil, magnolia officinalis bark extract, tocopherol, tin oxide, sclerocarya birrea seed oil, helianthus annuus seed oil, ci 77491   farbe 03 summer nights ingredients: mica, ci 77891, caprylic/capric triglyceride, copernicia cerifera cera, macadamia integrifolia/tetraphylla seed oil, simmondsia chinensis seed oil, ci 77491, magnolia officinalis bark extract, tocopherol, ci 77492, tin oxide, sclerocarya birrea seed oil, helianthus annuus seed oil   farbe 04 warm toffee ingredients: mica, kaolin, caprylic/capric triglyceride, copernicia cerifera cera, magnesium stearate, ci 77742, ci 77492, ci 77491, pentylene glycol, glyceryl caprylate, ci 77499, sclerocarya birrea seed oil, magnolia officinalis bark extract, magnesium oxide, alumina   farbe 05 sparkly rose ingredients: mica, ci 77891, caprylic/capric triglyceride, copernicia cerifera cera, macadamia integrifolia/tetraphylla seed oil, simmondsia chinensis seed oil, ci 77742, ci 77491, magnolia officinalis bark extract, tocopherol, tin oxide, sclerocarya birrea seed oil, helianthus annuus seed oil   farbe 06 pink blend ingredients: mica, kaolin, caprylic/capric triglyceride, copernicia cerifera cera, magnesium stearate, ci 77742, ci 77491, pentylene glycol, glyceryl caprylate, sclerocarya birrea seed oil, magnolia officinalis bark extract   farbe 07 bronze goddess ingredients: mica, caprylic/capric triglyceride, ci 77491, ci 77891, copernicia cerifera cera, macadamia integrifolia/tetraphylla seed oil, simmondsia chinensis seed oil, ci 77492, magnolia officinalis bark extract, tocopherol, sclerocarya birrea seed oil, helianthus annuus seed oil, tin oxide, ci 77499, alumina, magnesium oxide   farbe 08 hot chocolate ingredients: mica, kaolin, caprylic/capric triglyceride, ci 77492, ci 77491, magnesium stearate, copernicia cerifera cera, ci 77499, pentylene glycol, glyceryl caprylate, sclerocarya birrea seed oil, magnolia officinalis bark extract, magnesium oxide, alumina   farbe 09 sienna ingredients: mica, kaolin, caprylic/capric triglyceride, ci 77491, magnesium stearate, copernicia cerifera cera, ci 77492, ci 77499, pentylene glycol, glyceryl caprylate, sclerocarya birrea seed oil, magnolia officinalis bark extract, magnesium oxide, alumina   farbe 10 chocolate dust ingredients: mica, ci 77891, caprylic/capric triglyceride, ci 77491, macadamia integrifolia/tetraphylla seed oil, copernicia cerifera cera, simmondsia chinensis seed oil, ci 77499, ci 77742, magnolia officinalis bark extract, synthetic fluorphlogopite, tocopherol, tin oxide, sclerocarya birrea seed oil, helianthus annuus seed oil   farbe 11 nighttime glamour ingredients: mica, ci 77499, ci 77891, caprylic/capric triglyceride, ci 77491, synthetic fluorphlogopite, macadamia integrifolia/tetraphylla seed oil, copernicia cerifera cera, simmondsia chinensis seed oil, magnolia officinalis bark extract, tocopherol, sclerocarya birrea seed oil, helianthus annuus seed oil, tin oxide   farbe 12 deep brown ingredients: mica, ci 77491, kaolin, ci 77499, caprylic/capric triglyceride, ci 77492, magnesium stearate, copernicia cerifera cera, pentylene glycol, glyceryl caprylate, sclerocarya birrea seed oil, magnolia officinalis bark extract, magnesium oxide, alumina', 'Farbnummer': '01-12', 'Farbe': 'Golden Brownie 02', 'Inhalt': '7.2 g', 'scope_of_application': 'Augen', 'Produkttyp': 'Lidschatten'}||||||Golden Brownie 02||||||||0|0|2811875_1.png|https://static.mueller.de/pdzoom/2200281187560_1.webp|2811875_2.png|https://static.mueller.de/pdzoom/2200281187560.webp||||||||||||||||||||Premium Cosmetics GmbH||||||||||7.2 g|ingredients: mica, kaolin, caprylic/capric triglyceride, copernicia cerifera cera, magnesium stearate, pentylene glycol, glyceryl caprylate, sclerocarya birrea seed oil, ci 77492, ci 77491, magnolia officinalis bark extract, ci 77499, magnesium oxide, alumina   farbe 02 champagne glow ingredients: mica, ci 77891, caprylic/capric triglyceride, copernicia cerifera cera, macadamia integrifolia/tetraphylla seed oil, simmondsia chinensis seed oil, magnolia officinalis bark extract, tocopherol, tin oxide, sclerocarya birrea seed oil, helianthus annuus seed oil, ci 77491   farbe 03 summer nights ingredients: mica, ci 77891, caprylic/capric triglyceride, copernicia cerifera cera, macadamia integrifolia/tetraphylla seed oil, simmondsia chinensis seed oil, ci 77491, magnolia officinalis bark extract, tocopherol, ci 77492, tin oxide, sclerocarya birrea seed oil, helianthus annuus seed oil   farbe 04 warm toffee ingredients: mica, kaolin, caprylic/capric triglyceride, copernicia cerifera cera, magnesium stearate, ci 77742, ci 77492, ci 77491, pentylene glycol, glyceryl caprylate, ci 77499, sclerocarya birrea seed oil, magnolia officinalis bark extract, magnesium oxide, alumina   farbe 05 sparkly rose ingredients: mica, ci 77891, caprylic/capric triglyceride, copernicia cerifera cera, macadamia integrifolia/tetraphylla seed oil, simmondsia chinensis seed oil, ci 77742, ci 77491, magnolia officinalis bark extract, tocopherol, tin oxide, sclerocarya birrea seed oil, helianthus annuus seed oil   farbe 06 pink blend ingredients: mica, kaolin, caprylic/capric triglyceride, copernicia cerifera cera, magnesium stearate, ci 77742, ci 77491, pentylene glycol, glyceryl caprylate, sclerocarya birrea seed oil, magnolia officinalis bark extract   farbe 07 bronze goddess ingredients: mica, caprylic/capric triglyceride, ci 77491, ci 77891, copernicia cerifera cera, macadamia integrifolia/tetraphylla seed oil, simmondsia chinensis seed oil, ci 77492, magnolia officinalis bark extract, tocopherol, sclerocarya birrea seed oil, helianthus annuus seed oil, tin oxide, ci 77499, alumina, magnesium oxide   farbe 08 hot chocolate ingredients: mica, kaolin, caprylic/capric triglyceride, ci 77492, ci 77491, magnesium stearate, copernicia cerifera cera, ci 77499, pentylene glycol, glyceryl caprylate, sclerocarya birrea seed oil, magnolia officinalis bark extract, magnesium oxide, alumina   farbe 09 sienna ingredients: mica, kaolin, caprylic/capric triglyceride, ci 77491, magnesium stearate, copernicia cerifera cera, ci 77492, ci 77499, pentylene glycol, glyceryl caprylate, sclerocarya birrea seed oil, magnolia officinalis bark extract, magnesium oxide, alumina   farbe 10 chocolate dust ingredients: mica, ci 77891, caprylic/capric triglyceride, ci 77491, macadamia integrifolia/tetraphylla seed oil, copernicia cerifera cera, simmondsia chinensis seed oil, ci 77499, ci 77742, magnolia officinalis bark extract, synthetic fluorphlogopite, tocopherol, tin oxide, sclerocarya birrea seed oil, helianthus annuus seed oil   farbe 11 nighttime glamour ingredients: mica, ci 77499, ci 77891, caprylic/capric triglyceride, ci 77491, synthetic fluorphlogopite, macadamia integrifolia/tetraphylla seed oil, copernicia cerifera cera, simmondsia chinensis seed oil, magnolia officinalis bark extract, tocopherol, sclerocarya birrea seed oil, helianthus annuus seed oil, tin oxide   farbe 12 deep brown ingredients: mica, ci 77491, kaolin, ci 77499, caprylic/capric triglyceride, ci 77492, magnesium stearate, copernicia cerifera cera, pentylene glycol, glyceryl caprylate, sclerocarya birrea seed oil, magnolia officinalis bark extract, magnesium oxide, alumina||True||2811875P|||||||||10
2997741|mueller||||||||2024-10-28|Dragon Ball Shenron Plüsch - 29cm|||1|Stk.|Home|Multi-Media|Fanartikel|Dragon Ball Shenron Plüsch - 29cm||||29,99 €|29,99 €||||||||||||||EUR|Home> Multi-Media> Fanartikel> Dragon Ball Shenron Plüsch - 29cm|https://www.mueller.at/p/dragon-ball-shenron-pluesch-29cm-IPN2997741/|1 Stk.|Dragon Ball Shenron – farbenfrohe, samtigweiche Plüschfigur - 29 cm. Diese farbenfrohe Plüschfigur wirkt durch die samtige Oberfläche besonders kuschelig und hochwertig - ein perfektes Geschenk und ein Muss für jeden Dragon Ball - Fan, der gern kuschelt. Diese Plüschfigur ist nicht nur frisch und farbenfroh, sondern auch sehr praktisch. Sollte sie mal schmutzig werden, ist sie bis 30 °C Grad waschbar.||||||||||||||||||||||Non-Organic||||{'Inhalt': '1 Stk.', 'Produkttyp': 'Fan-Artikel'}||||||||||||||0|0|2997741_1.png|https://static.mueller.de/pdzoom/8425611312236-pv.webp||||||||||||||||||||||||||||||||1 Stk.|||True||2997741P|||||||||10
2997744|mueller||||||||2024-10-28|Demon Slayer Tanjiro Plüsch 27cm|||1|Stk.|Home|Multi-Media|Fanartikel|Demon Slayer Tanjiro Plüsch 27cm||||19,99 €|19,99 €||||||||||||||EUR|Home> Multi-Media> Fanartikel> Demon Slayer Tanjiro Plüsch 27cm|https://www.mueller.at/p/demon-slayer-tanjiro-pluesch-27cm-IPN2997744/|1 Stk.|"Demon Slayer Tanjiro – farbenfrohe, samtigweiche Plüschfigur - 27 cm

Diese farbenfrohe Plüschfigur wirkt durch die samtige Oberfläche besonders kuschelig und hochwertig - ein perfektes Geschenk und ein Muss für jeden Demon Slayer - Fan, der gern kuschelt. Diese Plüschfigur ist nicht nur frisch und farbenfroh, sondern auch sehr praktisch. Sollte sie mal schmutzig werden, ist sie bis 30 °C Grad waschbar."||||||||||||||||||||||Non-Organic||||{'Höhe': '27 cm', 'Inhalt': '1 Stk.', 'Produkttyp': 'Fan-Artikel'}||||||||||||||0|0|2997744_1.png|https://static.mueller.de/pdzoom/8425611326912-pv.webp||||||||||||||||||||||||||||||||1 Stk.|||True||2997744P|||||||||10
877680|mueller||||||||2024-10-28|DEMAK'UP Sensitive runde Wattepads aus ungebleichter Baumwolle|DEMAKUP||60|Stk.|Home|Drogerie|Pflege|Gesichtspflege|Watte & Tücher|DEMAK'UP Sensitive runde Wattepads aus ungebleichter Baumwolle||1,75 €|1,75 €|1,75 €|1,40 €||||20%|Sie sparen 20%||||0,23 € / 10 Stk.|||EUR|Home> Drogerie> Pflege> Gesichtspflege> Watte & Tücher> DEMAK'UP Sensitive runde Wattepads aus ungebleichter Baumwolle|https://www.mueller.at/p/demakup-sensitive-runde-wattepads-aus-ungebleichter-baumwolle-877680/|60 Stk.|DemakUp Sensitive Wattepads - Ultra-weich für eine optimale Verträglichkeit DemakUp Sensitive Wattepads eignen sich ideal für sensiblere Hauttypen. Die Wattepads befreien die Haut sanft von Make-Up und sind besonders schonend zu sehr empfindlichen Hautpartien. Ultra-weiche Fasern Einzigartige flauschige Struktur Mit Baumwollölextrakt DemakUp betrachtet das einfache Ritual des täglichen Abschminkens als wichtigstes Geheimnis für gesunde Haut und strahlende Schönheit.||||||||||||||||||||||Non-Organic||||{'manufacturer': 'Essity Germany GmbH', 'Herstelleradresse': 'Sandhofer Strasse 176,\n68305 Mannheim', 'Kontaktmöglichkeit': 'info.deutschland@essity.com', 'Inhalt': '60 Stk.', 'Produkttyp': 'Watte'}||||||||||||||5.0|4|877680_1.png|https://static.mueller.de/markant_03133200560603_pv_3561402/pdzoom/demakup-sensitive-runde-wattepads-aus-ungebleichter-baumwolle.webp|877680_2.png|https://static.mueller.de/markant_03133200560603_pd_3561391/pdzoom/demakup-sensitive-runde-wattepads-aus-ungebleichter-baumwolle.webp|877680_3.png|https://static.mueller.de/markant_03133200560603_pd_3561389/pdzoom/demakup-sensitive-runde-wattepads-aus-ungebleichter-baumwolle.webp|877680_4.png|https://static.mueller.de/markant_03133200560603_pd_3561388/pdzoom/demakup-sensitive-runde-wattepads-aus-ungebleichter-baumwolle.webp|877680_5.png|https://static.mueller.de/markant_03133200560603_pd_3561390/pdzoom/demakup-sensitive-runde-wattepads-aus-ungebleichter-baumwolle.webp|877680_6.png|https://static.mueller.de/markant_03133200560603_pd_3561408/pdzoom/demakup-sensitive-runde-wattepads-aus-ungebleichter-baumwolle.webp||||||||||||Essity Germany GmbH||||||||||60 Stk.|||True||877680P|||||||||10
2997748|mueller||||||||2024-10-28|Kurama sitzend Plüsch 27cm|||1|Stk.|Home|Multi-Media|Fanartikel|Kurama sitzend Plüsch 27cm||||29,99 €|29,99 €||||||||||||||EUR|Home> Multi-Media> Fanartikel> Kurama sitzend Plüsch 27cm|https://www.mueller.at/p/kurama-sitzend-pluesch-27cm-IPN2997748/|1 Stk.|"Naruto Kurama – farbenfrohe, samtigweiche Plüschfigur - 27 cm

Diese farbenfrohe Plüschfigur wirkt durch die samtige Oberfläche besonders kuschelig und hochwertig - ein perfektes Geschenk und ein Muss für jeden Naruto - Fan, der gern kuschelt. Diese Plüschfigur ist nicht nur frisch und farbenfroh, sondern auch sehr praktisch. Sollte sie mal schmutzig werden, ist sie bis 30 °C Grad waschbar."||||||||||||||||||||||Non-Organic||||{'Höhe': '27 cm', 'Inhalt': '1 Stk.', 'Produkttyp': 'Fan-Artikel'}||||||||||||||0|0|2997748_1.png|https://static.mueller.de/pdzoom/8436591581697-pv.webp||||||||||||||||||||||||||||||||1 Stk.|||True||2997748P|||||||||10
2919628|mueller||||||||2024-10-28|NUR DIE Damen Leggings in Ripp-Optik Relax & Go High Waist|NUR DIE||1|Stk.|Home|Strümpfe|Damen|Leggings|NUR DIE Damen Leggings in Ripp-Optik Relax & Go High Waist|||22,99 €|22,99 €||||||||||||||EUR|Home> Strümpfe> Damen> Leggings> NUR DIE Damen Leggings in Ripp-Optik Relax & Go High Waist|https://www.mueller.at/p/nur-die-damen-leggings-in-ripp-optik-relax-go-high-waist-IPN2983119/|1 Stk.|Die Leggings in Ripp-Optik von NUR DIE Relax & Go ist durch ihre eng anliegende Passform ein echter Hingucker und lässt sich perfekt für Zuhause oder unterwegs kombinieren. Das hochwertige Material ist besonders angenehm auf der Haut und außerdem blickdicht. Der extra breite High-Waist-Bund bietet Halt ohne einzuschneiden und formt dabei eine schöne Silhouette. Der Ripp-Stoff ist dank Elasthan zudem dehnbar und angenehm weich. Die Ripp-Optik Leggings von Nur Die ist durch ihren Style und die Optik super modern und kann zu vielen Outfits kombiniert werden.||||||||||||||||||||||Non-Organic||||{'collection': 'Sommer', 'Pflegehinweis': 'Schonwaschgang 30 Grad, nicht bleichen, nicht trocknen, nicht bügeln, nicht chemisch reinigen', 'target_group': 'Damen', 'manufacturer': 'Nur Die Germany', 'Herstelleradresse': 'Birkenallee 110-134, 48432 Rheine', 'Materialdetails': '96% Polyamid, 4% Elasthan', 'Farbe': 'taupe', 'Inhalt': '1 Stk.'}||||||taupe||96% Polyamid, 4% Elasthan||||||5.0|1|2919628_1.png|https://static.mueller.de/pdzoom/4058401542434-PV-neu.webp|2919628_2.png|https://static.mueller.de/pdzoom/4058401542434_PD3.webp|2919628_3.png|https://static.mueller.de/pdzoom/4058401542434_PD4.webp|2919628_4.png|https://static.mueller.de/pdzoom/4058401542434_PD2.webp|2919628_5.png|https://static.mueller.de/pdzoom/4058401542434_PD5.webp|2919628_6.png|https://static.mueller.de/pdzoom/4058401542434_PD1.webp||||||Schonwaschgang 30 Grad, nicht bleichen, nicht trocknen, nicht bügeln, nicht chemisch reinigen||||||Nur Die Germany||||||||||1 Stk.|||True||2919628P|||||||||10
877683|mueller||||||||2024-10-28|Eine schrecklich nette Familie - Die komplette Serie [33 DVDs]|||1|Stk.|Home|Multi-Media|Filme & TV|Komödie & Comedy|Eine schrecklich nette Familie - Die komplette Serie  [33 DVDs]|||64,99 €|64,99 €||||||||||||||EUR|Home> Multi-Media> Filme & TV> Komödie & Comedy> Eine schrecklich nette Familie - Die komplette Serie  [33 DVDs]|https://www.mueller.at/p/eine-schrecklich-nette-familie-die-komplette-serie-33-dvds-877683/|1 Stk.|"Episoden:
Staffel 1:
Disc 1:
01 So hat alles angefangen
02 Lieben macht schlank
03 Der Hochzeitstag
04 Warum hast du meinen Hund erschossen?
05 Mustang '65
06 Billard oder Fitness?
07 Mit Stewardessen spaßt man nicht
08 ...dann arbeite ich eben
09 Die Babysitter

Disc 2:
10 Der Gewinn
11 Der Boss
12 Der Albtraum
13 Johnnys Hamburgerbude


Staffel 2:
Disc 3:
01 Die Kastration
02 Die Urlaubermörder, Teil 1
03 Die Urlaubermörder, Teil 2
04 Millionäre bevorzugt
05 Kein Anschluss unter dieser Nummer
06 Frauen wollen auch mal Spaß, Teil 1
07 Frauen wollen auch mal Spaß, Teil 2
08 Wer nimmt mich mit?
09 Bud gegen den Rest der Welt

Disc 4:
10 Bart oder nicht Bart?
11 Die Tätowierung
12 Frühstück mit Tiffany
13 Vom Himmel hoch
14 Alte Zeiten
15 Die Mausefalle
16 Mein Hund hat Kredit
17 Sag's endlich!
18 Wer schnarcht hier?

Disc 5:
19 Finger weg von meinem Auto
20 Studioluft
21 Bringt mir das Geld von Al Bundy
22 Die fürchterlichen Verwandten


Staffel 3:
Disc 6:
01 Reise in die Vergangenheit
02 Die Erscheinung
03 Der Rekord
04 Männerurlaub
05 Der König der Klos
06 Das Geburtstagsgeschenk
07 Haar um Haar

Disc 7:
08 Die Wahrsagerin
09 Warum ausgerechnet mein Friseur?
10 Im Drei-Sterne-Restaurant
11 Wie werde ich eine gute Hausfrau?
12 Die beste Schülerin
13 Ich bin mein bester Kunde
14 Der Verfolger

Disc 8:
15 Es war einmal ein Haus...
16 Meine Frau, die Königin - Teil 1
17 Meine Frau, die Königin - Teil 2
18 Der Held der modernen Welt
19 Ein Computer würde helfen
20 Tage am Strand
21 Warum nicht bei mir?
22 Sex, Video, Al und Peggy


Staffel 4:
Disc 9:
01 Das Barbecue
02 Tote turnen nicht
03 Wochenende im Wald
04 Zahnweh
05 Klein aber mein
06 Her mit den kleinen Französinnen
07 Miss Faltblatt

Disc 10:
08 Al wird Unternehmer
09 Der Sparstrumpf
10 Der Aussteiger
11 Frohe Weihnacht, Teil 1
12 Frohe Weihnacht, Teil 2
13 Do it yourself
14 Eine haarige Angelegenheit

Disc 11:
15 Das Model
16 Las Vegas, Teil 1
17 Las Vegas, Teil 2
18 Die Freuden der Rache
19 Wer trifft mehr?
20 Staatlich geprüfte Hausfrau
21 Das Wettermädchen
22 Die Liebesnacht
23 Ausverkauf


Staffel 5:
Disc 12:
01 Der Super-Stau
02 Al und Kelly allein zu Hause
03 Mein Auto - Dein Auto
04 Das Endspiel
05 Liebe geht durch den Magen
06 Kellys Rache
07 Al und die Außerirdischen
08 Jagdsaison
09 Der Unwiderstehliche

Disc 13:
10 Ein Küken verlässt das Nest
11 Baby bringt Barschaft
12 Schreckliches Erwachen
13 Der Pate
14 Schau mal, wer da bellt
15 Mein Klo ist meine Burg
16 Der Nachtwächter
17 Es liegt mir auf der Zunge...
18 Ende gut, alles gut

Disc 14:
19 Nachwuchs
20 Her mit den reichen Mädchen
21 Der millionste Besucher - Teil 1
22 Der millionste Besucher - Teil 2
23 Goldrausch - Teil 1
24 Goldrausch - Teil 2
25 Buck geht in die Zucht


Staffel 6:
Disc 15:
01 Sie erwarten ein Baby - Teil 1
02 Sie erwarten ein Baby - Teil 2
03 Der Familienhammer
04 Miss Käse
05 Marceys Wickeltisch
06 Buck hat Bauchschmerzen
07 Die neue Brille
08 Die himmlische Idee
09 Fernsehmania - Teil 1

Disc 16:
10 Fernsehmania - Teil 2
11 Al's zweiter Job
12 Der Schuhgroupie
13 Meine Freundin Sandy
14 Mutprobe
15 Der Werbespot
16 Buds 18. Geburtstag
17 Das Ei und ich
18 Bud wirft eine Party

Disc 17:
19 Der Fluch der Madame Inga
20 Kelly und die Genies
21 Bud zwischen zwei Frauen
22 Modellkarriere ade
23 Mit Bedienung
24 Die Reise nach England - Teil 1
25 Die Reise nach England - Teil 2
26 Die Reise nach England - Teil 3 :


Staffel 7:
Disc 18:
01 Die magische Sieben
02 Samstagabend bei den Bundys
03 Jeder Bundy hat einen Geburtstag
04 Al oben-ohne
05 Reizwäsche
06 Buds verzweifelte Suche
07 Für Bier gegen Wein
08 Kellys neuer Job
09 Altrocker

Disc 19:
10 Begrabt mich neben Fuzzy
11 Buds Stipendium
12 Waren das noch Zeiten
13 Wer küsst die Braut?
14 Al fährt Angeln
15 Wer hat Angst vorm Altwerden?
16 Der Mann mit der leeren Hose
17 Du bist mein Herzblatt
18 Peggy und die Piraten

Disc 20:
19 Die Altenspiele
20 Wessen Po ist das?
21 Die Bundys im Kino
22 Manneskraft die Freuden schafft
23 Wenn ich mich zur Ruhe setze
24 Wer klaut hier mein Auto?
25 Die Nöte eines Ehebrechers
26 500.000 Dollar für Al


Staffel 8:
Disc 21:
01 Der Fan
02 Straßenkämpfe
03 Der letzte Versuch
04 Der Gewinner
05 Marcy Superstar
06 Das neue Auto
07 Ein Mörder Publikum
08 Al als Arbeitgeber
09 Der männliche Feminist

Disc 22:
10 Die Sport-Bar
11 Wo ist der Hund?
12 Weg mit dem Ding
13 Warum sind wir nicht eingeladen?
14 Die Couch brennt...
15 Peg als Poster
16 Die Grenze
17 Verpasste Gelegenheiten
18 Die entscheidende Meile

Disc 23:
19 Marcys Schuss in den Ofen
20 Der Mann im Dunkel
21 Früher oder später
22 Rücken wir zusammen
23 Das Idol
24 Der Supermarkt
25 Die Riesenwette
26 Die 10.000 Dollar Frage


Staffel 9:
Disc 24:
01 Der Traum vom großen Geld
02 Mr. Bundy und sein Chauffeur
03 Der Pickel muss weg!
04 Die böse Nichte
05 Schlechte Geschäfte (Teil 1)
06 Schlechte Geschäfte (Teil 2)
07 Kein Sex vor der Ehe
08 Schlaflos in Chicago

Disc 25:
09 Bundys mal zwei
10 Sportlerstolz
11 Der Baseball-Streik
12 Wir wollen Psycho Dad (Teil 1)
13 Wir wollen Psycho Dad (Teil 2)
14 Die Nacktbar
15 Kelly wagt den Schuss
16 Schatz, ich hab den Dodge geschrumpft

Disc 26:
17 Buck wird alt
18 Die Kreuzfahrt (Teil 1)
19 Die Kreuzfahrt (Teil 2)
20 Die Fernsehlegende
21 Wie gewonnen, so zerronnen
22 Der Schalter
23 Regie: Al Bundy
24 Bud schlägt zu

Disc 27:
25 Barfuss auf der Bowlingbahn
26 Der geheime Verehrer


Staffel 10:
Disc 28:
01 Rat mal wer zum Essen kommt
02 Schuhgeschäft in Aussicht
03 Trauerfeier für Buck
04 Nichtswürden Bundy
05 Das Wundermittel
06 Der Schwächling des Jahres
07 Bud im Ring
08 Blond und blonder
09 Scharf ist, was scharf macht

Disc 29:
10 Al sieht rot
11 Auf Bärenjagd
12 Am Rande des Wahnsinns
13 Heiße Weihnachten
14 Brüder, Väter und Mafiosi, Teil 1
15 Brüder, Väter und Mafiosi, Teil 2
16 Die Frau im Mann
17 Das Geheimnis der vier Buchstaben

Disc 30:
18 Ab nach Florida, Teil 1
19 Ab nach Florida, Teil 2
20 Ein Dodge für Japan
21 Auf den Hund gekommen
22 Feinde
23 Buds Fehlgriff
24 Der Kuss der Kaffeefrau
25 Nicht lange fackeln, Al
26 Der Kannibale von Chicago


Staffel 11:
Disc 31:
01 Windjammer
02 Das Schuh-Inferno
03 Unschuldsengel
04 Auto am Tropf, Teil 1
05 Auto am Tropf, Teil 2
06 Ein Stück vom Kuchen
07 Nie wieder Urlaub
08 Schreckliche Weihnachten

Disc 32:
09 Ein pfundiger Geburtstag
10 Al im Paradies
11 Garys Gigolo
12 Gnadenlos
13 Müllomania
14 Scheiden tut weh, Teil 1
15 Scheiden tut weh, Teil 2
16 Scheiden tut weh, Teil 3

Disc 33:
17 Schleiertanz
18 Kelly im Fernsehland
19 Lachfalten und Krähenfüße
20 Teuflisch gut
21 Für Männerhände viel zu schade
22 Besuch aus dem Knast
23 Verliebt, verlobt, verratzt
24 Kuhhandel"||||||||||||||||||||||Non-Organic||||"{'medium': 'DVD', 'manufacturer': 'Sony Pictures Entertainment Deutschland GmbH', 'Zusatzinfos / Bonusmaterial beim Film dabei': 'Technische Infos - siehe Einzelteile;', 'Inhalt': '1 Stk.', 'Laufzeit in min (gesamt)': '5923', 'Produktionsland': 'USA', 'Schauspieler': ""Ed O'Neill,Katey Sagal,Christina Applegate,David Faustino,Amanda Bearse"", 'Special Edition': 'Nein', 'packaging_type': 'Digipack im Schuber', 'Hauptgenre': 'TV-Serie|Comedy'}"||||||||||||||5.0|1|877683_1.png|https://static.mueller.de/videojakob_4030521732766_pv_409509/pdzoom/eine-schrecklich-nette-familie-die-komplette-serie-33-dvds.webp|877683_2.png|https://static.mueller.de/pdzoom/videojakob_4030521732766_pr_409509-back.webp||||||||||||||||||||Sony Pictures Entertainment Deutschland GmbH||||||||||1 Stk.|||False||877683P|||||||||1
2983111|mueller||||||||2024-10-28|NARCISO RODRIGUEZ for him vetiver musc Eau de Toilette|NARCISO RODRIGUEZ||50|ml|Home|Parfümerie|Düfte für Ihn|Düfte|NARCISO RODRIGUEZ for him vetiver musc Eau de Toilette|||79,95 €|79,95 €|||||||||||1 599,00 € / 1 l|||EUR|Home> Parfümerie> Düfte für Ihn> Düfte> NARCISO RODRIGUEZ for him vetiver musc Eau de Toilette|https://www.mueller.at/p/narciso-rodriguez-for-him-vetiver-musc-eau-de-toilette-IPN2983111/|50 ml|for him vetiver musc - das neue Eau de Toilette für Herren von narciso rodriguez for him vetiver musc ist der elegante, neue und vegane Herrenduft von narciso rodriguez - ein holzig-grünes, Eau de Toilette, das den Elementen der Natur gleicht. Der Duft entfacht eine ganz neue Seite, geschaffen für den Mann, der sich zur beruhigenden Kraft der Natur hingezogen fühlt. Ein holziger und zugleich aromatischer Duft für Herren Der faszinierende, neue Herrenduft ist wie ein tiefer Einblick in die Natur mit einer lebhaften Mischung aus aromatischen Kopfnoten. Die lebendige Muskatnuss verbindet sich mit Zypresse und würzigem Kardamom, um einen unvergesslichen Eindruck zu hinterlassen. Der Duft enthällt ein sinnliches Herz aus Moschus - die Signatur von narciso rodriguez. Diese harmoniert mit den frischen, blumigen Düften von Bourbongeranie und rotem Seetang. In der Basis entfaltet der maskuline Duft eine holzige Spur, die die intensiven Noten von Vetiver mit Zedernholz und Patchouli verbindet. Ein von der Natur inspirierter Parfümflakon for him vetiver musc ist verpackt in einer eleganten Neuinterpretation des charakteristischen Parfümflakons von narciso rodriguez. In einem transparentem Aquagrün und mit einer passenden, matten Kappe versehen. Das Design spiegelt die Raffinesse und Mineralität des Duftes perfekt wider. Dieser frische Look bricht alle Regeln und interpretiert den einzigartigen Flakon von narciso rodriguez for him bleu noir in einem natürlichen Grünton neu. Ein umweltfreundlicher Ansatz für Düftenarciso rodriguez ist bestrebt, einen umweltbewussteren Ansatz bei der Parfümherstellung zu verfolgen. Der Flakon des for him vetiver musc wird ohne Innenlackierung hergestellt und die Verpackung besteht aus 100% FSCTM-Papier.||||||||||||||||||||||Non-Organic||||"{'target_group': 'Herren', 'manufacturer': 'BEAUTE PRESTIGE INTERNATIONAL', 'Herstelleradresse': '56/A rue du Faubourg St-Honoré,  75008 PARIS France', 'Kontaktmöglichkeit': 'kundenservice@emea.shiseido.com', 'fragrance_concentration': 'Eau de Toilette', 'fragrance_note': 'holzig|aromatisch', 'top_note': 'Kardamom, Zypresse, Muskatnuss', 'heart_note': 'Herz aus Moschus, Bourbon-Pelargonie, Rotes Seegras', 'base_note': 'Vetiver, Zedernholz, Patschuli', 'Anwendungshinweis': 'Für einen langanhaltenden Parfümduft Beginnen Sie damit, den for him vetiver musc leicht über Ihren Körper zu sprühen. Anschließend sprühen Sie das Parfüm auf Ihre Pulspunkte (Innenseite der Handgelenke, Innenseite der Ellbogen, Nacken, hinter den Ohren), so dass es sich über den Tag mit der Wärme Ihres Körpers verteilt.', 'application_type': 'Pumpzerstäuber', 'package_contents': 'ALCOHOL, PARFUM (FRAGRANCE), AQUA (WATER), DIPROPYLENE GLYCOL, ETHYLHEXYL SALICYLATE, BUTYL METHOXYDIBENZOYLMETHANE, GERANIOL, CITRONELLOL, COUMARIN, LINALOOL, CITRAL, LIMONENE, CI 60730 (EXT. VIOLET 2', 'Inhalt': '50 ml', 'Produkttyp': 'Eau de Toilette'}"||||||||||||||4.6|55|2983111_1.png|https://static.mueller.de/pdzoom/3423222107727_0.webp|2983111_2.png|https://static.mueller.de/pdzoom/3423222107727_2.webp|2983111_3.png|https://static.mueller.de/pdzoom/3423222107727_3.webp||||||||||||||||||BEAUTE PRESTIGE INTERNATIONAL||||||||||50 ml|ALCOHOL, PARFUM (FRAGRANCE), AQUA (WATER), DIPROPYLENE GLYCOL, ETHYLHEXYL SALICYLATE, BUTYL METHOXYDIBENZOYLMETHANE, GERANIOL, CITRONELLOL, COUMARIN, LINALOOL, CITRAL, LIMONENE, CI 60730 (EXT. VIOLET 2||True||2983111P|||||||||3
2983149|mueller||||||||2024-10-28|Sisley Phyto-Teint Perfection|sisley||30|ml|Home|Parfümerie|Make-up|Teint|Grundierung|Sisley Phyto-Teint Perfection||92,45 €|92,45 €|||||||||||3 081,67 € / 1 l|||EUR|Home> Parfümerie> Make-up> Teint> Grundierung> Sisley Phyto-Teint Perfection|https://www.mueller.at/p/sisley-phyto-teint-perfection-IPN2983118/|30 ml|"Augenblicklich ein perfekter Teint, im Laufe der Zeit eine perfekte Haut. Hautpflege und Make-up in Einem. Phyto-Teint Perfection ist eine mattierende Foundation mit hoher Deckkraft. Der enthaltene Ideal Skin Complex hilft die Qualität der Haut mit jeder Anwendung zu verbessern. Durch das Identifizieren der exogenen Faktoren, die die Hautqualität beeinflussen und das Auftreten von Hautunregelmäßigkeiten und anderen Hautmakeln verursachen, ist es dem Forschungsteam von Sisley gelungen, einen innovativen Komplex zu entwickeln. Dieser liefert beeindruckende Ergebnisse und kombiniert drei wesentliche Wirkungen für alle Hauttypen:

Er versorgt die Haut sofort intensiv mit Feuchtigkeit.
Er glättet das Hautbild
Er bringt den Teint zum Strahlen.

Das Hautbild ist sofort geglättet und verfeinert. Mit jeder Anwendung wirkt die Haut praller und Hautunregelmäßigkeiten sind weniger sichtbar.
Die Foundation Phyto-Teint Perfection sorgt für ein natürlich strahlendes, mattes Finish. Die nicht abfärbende Formel mit sehr langem Halt hat eine kaum wahrnehmbare Textur, für makellose Haut und ein angenehmes Tragekomfort den ganzen Tag.
Phyto-Teint Perfection bietet eine modulierbare mittlere bis hohe Deckkraft, ohne Maskeneffekt. Unvollkommenheiten werden durch einen Weichzeichner-Effekt kaschiert und Poren gemindert. Der Teint ist ebenmäßiger und schöner - einfach perfekt.
Die Foundation ist in zahlreichen Nuancen erhältlich, die alle Hauttöne abdecken.
Phyto-Teint Perfection ist nicht komedogen. "||||||||||||||||||||||Non-Organic||||"{'consistency': 'Fluid', 'Effekt': 'feuchtigkeitsspendend|mattierend', 'target_group': 'Damen|Herren|Unisex', 'manufacturer': 'SISLEY Deutschland Vertriebs GmbH', 'Herstelleradresse': 'Feringastraße 6, 85774 Unterföhring', 'Kontaktmöglichkeit': 'customerserviceDE@sisley.fr', 'Anwendungshinweis': '3 Anwendungsmöglichkeiten für 3 unterschiedlich Deckstufen: Verwenden Sie den KABUKI PINSEL für eine schnelle und einfache mittlere Deckkraft: Die Foundation mit sanften, kreisenden Bewegungen auf die Haut auftragen und von der Gesichtsmitte nach außen hin verblenden. Verwenden Sie den PINCEAU FOND DE TEINT FLUIDE für eine präzise Anwendung und hohe Deckkraft: Die Foundation mit leicht glättenden Bewegungen von der Gesichtsmitte nach außen hin auf das gesamte Gesicht auftragen. Verwenden Sie die FINGER für ein gezieltes Auftragen und natürliches Aussehen: Tupfen Sie die Foundation auf die Stellen, die Sie abdecken möchten und dann verblenden Sie diese anschließend mit glättenden Bewegungen. Die Foundation ist in zahlreichen Nuancen erhältlich, die alle Hauttöne abdecken. Die Phyto-Teint Perfection Produktreihe umfasst 11 Farbnuancen für alle Hautfarben, von sehr hell 000 bis ganz dunkel 8. Bestimmen Sie zuerst die benötigte Farbnuance. Die Nuancen unterteilt sich dann in folgende Untertöne, cold (C), neutral (N) oder warm (W), was sich darauf bezieht, ob Ihre Haut mehr Rosa- oder Gelbtöne aufweist. Sie können mit dem Shade-Finder-Tool Ihre Suche nach dem richtigen Farbton erleichtern.', 'package_contents': 'AQUA/WATER/EAU, DIMETHICONE, ISODODECANE, LAURYL PEG-10 TRIS(TRIMETHYLSILOXY)SILYLETHYL DIMETHICONE, ACRYLATES/ETHYLHEXYL ACRYLATE CROSSPOLYMER, DIPHENYL DIMETHICONE/VINYL DIPHENYL DIMETHICONE/SILSESQUIOXANE CROSSPOLYMER, DICAPRYLYL CARBONATE, PENTYLENE GLYCOL, GLYCERIN, DIMETHICONE/PEG-10/15 CROSSPOLYMER, SODIUM CHLORIDE, CUCUMIS SATIVUS (CUCUMBER) FRUIT EXTRACT, TOCOPHERYL ACETATE, PRUNUS PERSICA (PEACH) FLOWER EXTRACT, BIOSACCHARIDE GUM-1, LENS ESCULENTA (LENTIL) SEED EXTRACT, ARCTIUM MAJUS ROOT EXTRACT, PAEONIA OFFICINALIS FLOWER EXTRACT, POLYGONUM FAGOPYRUM (BUCKWHEAT) SEED EXTRACT, TRIMETHYLSILOXYSILYLCARBAMOYL PULLULAN, SYNTHETIC FLUORPHLOGOPITE, PULLULAN, MALTODEXTRIN, GLYCERYL CAPRYLATE, BUTYLENE GLYCOL, DIMETHICONOL, TRIETHOXYCAPRYLYLSILANE, STEARALKONIUM HECTORITE, ALUMINUM HYDROXIDE, PROPYLENE CARBONATE, DIPROPYLENE GLYCOL, 1,2-HEXANEDIOL, SODIUM CITRATE, CITRIC ACID, PARFUM/FRAGRANCE, SODIUM BENZOATE, POTASSIUM SORBATE, TOCOPHEROL, MAY CONTAIN [+/- TITANIUM DIOXIDE (CI 77891), IRON OXIDES (CI 77491, CI 77492, CI 77499)]. IL#1A Die Liste der in den Formeln der Produkte von Sisley und Hair Rituel by Sisley enthaltenen Inhaltsstoffe wird regelmäßig aktualisiert. Bevor Sie eines der Produkte verwenden, bitten wir Sie, die auf der Verpackung angegebene Liste der Inhaltsstoffe zu lesen.', 'Farbnummer': '4N', 'Farbe': '4N Biscuit', 'Deckkraft': 'hoch|mittel', 'skin_type': 'alle Hauttypen', 'Inhalt': '30 ml', 'scope_of_application': 'Gesicht', 'Produktart': 'Grundierung', 'Produkttyp': 'Makeup'}"||||||4N Biscuit||||||||0|0|2983149_1.png|https://static.mueller.de/pdzoom/3473311806475_01.webp|2983149_2.png|https://static.mueller.de/pdzoom/3473311806475_03.webp|2983149_3.png|https://static.mueller.de/pdzoom/3473311806475_02.webp|2983149_4.png|https://static.mueller.de/pdzoom/3473311806475_04.webp||||||||||||||||SISLEY Deutschland Vertriebs GmbH||||||||||30 ml|AQUA/WATER/EAU, DIMETHICONE, ISODODECANE, LAURYL PEG-10 TRIS(TRIMETHYLSILOXY)SILYLETHYL DIMETHICONE, ACRYLATES/ETHYLHEXYL ACRYLATE CROSSPOLYMER, DIPHENYL DIMETHICONE/VINYL DIPHENYL DIMETHICONE/SILSESQUIOXANE CROSSPOLYMER, DICAPRYLYL CARBONATE, PENTYLENE GLYCOL, GLYCERIN, DIMETHICONE/PEG-10/15 CROSSPOLYMER, SODIUM CHLORIDE, CUCUMIS SATIVUS (CUCUMBER) FRUIT EXTRACT, TOCOPHERYL ACETATE, PRUNUS PERSICA (PEACH) FLOWER EXTRACT, BIOSACCHARIDE GUM-1, LENS ESCULENTA (LENTIL) SEED EXTRACT, ARCTIUM MAJUS ROOT EXTRACT, PAEONIA OFFICINALIS FLOWER EXTRACT, POLYGONUM FAGOPYRUM (BUCKWHEAT) SEED EXTRACT, TRIMETHYLSILOXYSILYLCARBAMOYL PULLULAN, SYNTHETIC FLUORPHLOGOPITE, PULLULAN, MALTODEXTRIN, GLYCERYL CAPRYLATE, BUTYLENE GLYCOL, DIMETHICONOL, TRIETHOXYCAPRYLYLSILANE, STEARALKONIUM HECTORITE, ALUMINUM HYDROXIDE, PROPYLENE CARBONATE, DIPROPYLENE GLYCOL, 1,2-HEXANEDIOL, SODIUM CITRATE, CITRIC ACID, PARFUM/FRAGRANCE, SODIUM BENZOATE, POTASSIUM SORBATE, TOCOPHEROL, MAY CONTAIN [+/- TITANIUM DIOXIDE (CI 77891), IRON OXIDES (CI 77491, CI 77492, CI 77499)]. IL#1A Die Liste der in den Formeln der Produkte von Sisley und Hair Rituel by Sisley enthaltenen Inhaltsstoffe wird regelmäßig aktualisiert. Bevor Sie eines der Produkte verwenden, bitten wir Sie, die auf der Verpackung angegebene Liste der Inhaltsstoffe zu lesen.||True||2983149P|||||||||4
2640062|mueller||||||||2024-10-28|Ein verborgenes Leben (Cinemascope)|||1|Stk.|Home|Multi-Media|Filme & TV|Biographien & Portraits|Ein verborgenes Leben (Cinemascope)|||6,99 €|6,99 €||||||||||||||EUR|Home> Multi-Media> Filme & TV> Biographien & Portraits> Ein verborgenes Leben (Cinemascope)|https://www.mueller.at/p/ein-verborgenes-leben-cinemascope-2640062/|1 Stk.|"Basierend auf einer wahren Geschichte erzählt Terrence Malick mit großer Intensität die Geschichte des österreichischen Bauern Franz Jägerstätter, der am 6. Juli 1943  wegen „Wehrkraftzersetzung“ zum Tode verurteilt und am 9. August 1943 hingerichtet wurde. August Diehl und Valerie Pachner verkörpern Franz Jägerstätter und seine Frau Fani emotional aufwühlend, mit sensibler Präsenz und leidenschaftlicher Hingabe. Kameramann Jörg Widmer schuf dazu Bilder von poetischer Eleganz. Terrence Malicks unerschöpfliches Interesse am inneren Kampf seiner Hauptfigur macht EIN VERBORGENES LEBEN zu einem allegorischen Widerstandsdrama über Mut und den Kampf gegen das Böse. Das optisch wie inhaltlich opulente Opus wird Fans von Altmeister Terrence Malick begeistern wie zuvor schon der Goldene-Palme-Gewinner ""The Tree of Life"". Der 2019 verstorbene Schauspieler Bruno Ganz ist in EIN VERBORGENES LEBEN in seiner letzten Rolle zu sehen."||||||||||||||||||||||Non-Organic||||"{'medium': 'DVD', 'Untertitel': 'Deutsch', 'manufacturer': 'Alive AG', 'Bildformat': 'Widescreen', 'Inhalt': '1 Stk.', 'Hörfilmfassung': 'Deutsch', 'Laufzeit in min (gesamt)': '167', 'Produktionsjahr': '2019', 'Produktionsland': 'Deutschland,USA', 'Regisseur': 'Terrence Malick', 'Schauspieler': 'August Diehl,Valerie Pachner,Maria Simon,Tobias Moretti,Bruno Ganz,Ulrich Matthes,Jürgen Prochnow,Michael Nyqvist', 'Special Edition': 'Nein', 'Tonformat-Sprache': 'Deutsch,Deutsch,Englisch', 'Untertitel für Gehörlose': 'Deutsch', 'packaging_type': 'Softbox', 'Hauptgenre': 'Unterhaltung|Film-Biographie'}"||||||||||||||0|0|2640062_1.png|https://static.mueller.de/videojakob_4042564195590_pv_584956/pdzoom/ein-verborgenes-leben-cinemascope.webp|2640062_2.png|https://static.mueller.de/pdzoom/videojakob_4042564195590_pr_584956-back.webp|2640062_3.png|https://static.mueller.de/videojakob_4042564195590_pd_66605390/pdzoom/ein-verborgenes-leben-cinemascope.webp|2640062_4.png|https://static.mueller.de/videojakob_4042564195590_pd_66606482/pdzoom/ein-verborgenes-leben-cinemascope.webp|2640062_5.png|https://static.mueller.de/videojakob_4042564195590_pd_66607472/pdzoom/ein-verborgenes-leben-cinemascope.webp|2640062_6.png|https://static.mueller.de/videojakob_4042564195590_pd_66608412/pdzoom/ein-verborgenes-leben-cinemascope.webp||||||||||||Alive AG||||||||||1 Stk.|||False||2640062P|||||||||1
2811874|mueller||||||||2024-10-28|Terra Naturi Eyeshadow Palette Lilac Rose|TERRA NATURI||7.2|g|Home|Parfümerie|Make-up|Augen|Lidschatten|Terra Naturi Eyeshadow Palette Lilac Rose||5,95 €|5,95 €||||||||||||||EUR|Home> Parfümerie> Make-up> Augen> Lidschatten> Terra Naturi Eyeshadow Palette Lilac Rose|https://www.mueller.at/p/terra-naturi-eyeshadow-palette-lilac-rose-2811874/|7.2 g|Die Terra Naturi Eyeshadow Palette Lilac Rose enthält 12 perfekt aufeinander abgestimmte Farbnuancen. Die matten und schimmernden Trendfarben mit wertvollem Marula Öl haben eine samtig-weiche Textur und lassen sich leicht verblenden. Für strahlend schöne Lidschatten-Looks.||||||||||||||||||||||Non-Organic||||{'consistency': 'Puder', 'manufacturer': 'Premium Cosmetics GmbH', 'Herstelleradresse': 'Schillerstraße 21, DE-73054 Eislingen/Fils', 'package_contents': 'mica, kaolin, caprylic/capric triglyceride, copernicia cerifera cera, magnesium stearate, ci 77891, ci 77742, pentylene glycol, glyceryl caprylate, ci 77491, sclerocarya birrea seed oil, ci 77492, ci 77499, magnolia officinalis bark extract, tin oxide, alumina, magnesium oxide   farbe 26 cinderella magic  ingredients: mica, ci 77891, caprylic/capric triglyceride, copernicia cerifera cera, macadamia integrifolia/tetraphylla seed oil, simmondsia chinensis seed oil, ci 77491, ci 77742, magnolia officinalis bark extract, tin oxide, tocopherol, sclerocarya birrea seed oil, helianthus annuus seed oil   farbe 27 metallic barbie  ingredients: mica, ci 77891, caprylic/capric triglyceride, copernicia cerifera cera, macadamia integrifolia/tetraphylla seed oil, ci 77491, simmondsia chinensis seed oil, ci 77742, magnolia officinalis bark extract, tin oxide, tocopherol, sclerocarya birrea seed oil, helianthus annuus seed oil   farbe 28 true mauve  ingredients: talc, mica, ci 77742, caprylic/capric triglyceride, magnesium stearate, macadamia integrifolia/tetraphylla seed oil, ricinus communis seed oil, kaolin, ci 77491, ci 77499, sclerocarya birrea seed oil, p-anisic acid, tocopherol, ci 77492, glyceryl caprylate, helianthus annuus seed oil, alumina, magnesium oxide  farbe 29 light the night ingredients: mica, ci 77891, caprylic/capric triglyceride, copernicia cerifera cera, macadamia integrifolia/tetraphylla seed oil, simmondsia chinensis seed oil, ci 77491, ci 77742, ci 77499, magnolia officinalis bark extract, tin oxide, tocopherol, sclerocarya birrea seed oil, helianthus annuus seed oil     farbe 30 belle of the ball ingredients: mica, ci 77891, ci 77491, caprylic/capric triglyceride, macadamia integrifolia/tetraphylla seed oil, copernicia cerifera cera, simmondsia chinensis seed oil, synthetic fluorphlogopite, ci 77499, magnolia officinalis bark extract, tocopherol, sclerocarya birrea seed oil, tin oxide, helianthus annuus seed oil   farbe 31 evil twin  ingredients: mica, kaolin, caprylic/capric triglyceride, ci 77491, copernicia cerifera cera, magnesium stearate, ci 77742, ci 77499, pentylene glycol, glyceryl caprylate, sclerocarya birrea seed oil, ci 77492, magnolia officinalis bark extract    farbe 32 touch of glamour ingredients: mica, ci 77891, caprylic/capric triglyceride, copernicia cerifera cera, macadamia integrifolia/tetraphylla seed oil, ci 77491, simmondsia chinensis seed oil, ci 77499, synthetic fluorphlogopite, magnolia officinalis bark extract, tin oxide, tocopherol, sclerocarya birrea seed oil, ci 77742, ci 77492, helianthus annuus seed oil, alumina, magnesium oxide   farbe 33 fairy dust ingredients: talc, mica, ci 77491, magnesium stearate, caprylic/capric triglyceride, macadamia integrifolia/tetraphylla seed oil, ci 77499, ricinus communis seed oil, kaolin, ci 77492, ci 77742, sclerocarya birrea seed oil, ci 77891, p-anisic acid, tocopherol, glyceryl caprylate, helianthus annuus seed oil, alumina, magnesium oxide   farbe 34 sugar plum ingredients: talc, mica, ci 77742, ci 77491, caprylic/capric triglyceride, magnesium stearate, ci 77891, macadamia integrifolia/tetraphylla seed oil, ricinus communis seed oil, ci 77499, kaolin, ci 77510, sclerocarya birrea seed oil, p-anisic acid, tocopherol, glyceryl caprylate, tin oxide, helianthus annuus seed oil   farbe 35 drama queen ingredients: mica, ci 77491, caprylic/capric triglyceride, ci 77891, macadamia integrifolia/tetraphylla seed oil, copernicia cerifera cera, simmondsia chinensis seed oil, ci 77742, magnolia officinalis bark extract, tocopherol, sclerocarya birrea seed oil, ci 77499, helianthus annuus seed oil, tin oxide   farbe 36 violet dream  ingredients: mica, ci 77891, ci 77491, caprylic/capric triglyceride, ci 77499, macadamia integrifolia/tetraphylla seed oil, copernicia cerifera cera, simmondsia chinensis seed oil, ci 77742, magnolia officinalis bark extract, tocopherol, ci 77510, sclerocarya birrea seed oil, tin oxide, helianthus annuus seed oil', 'Farbnummer': '25-36', 'Farbe': 'Lilac Rose 01', 'Inhalt': '7.2 g', 'scope_of_application': 'Augen', 'Produkttyp': 'Lidschatten'}||||||Lilac Rose 01||||||||0|0|2811874_1.png|https://static.mueller.de/pdzoom/2200281187492.webp|2811874_2.png|https://static.mueller.de/pdzoom/2200281187492_1e.webp||||||||||||||||||||Premium Cosmetics GmbH||||||||||7.2 g|mica, kaolin, caprylic/capric triglyceride, copernicia cerifera cera, magnesium stearate, ci 77891, ci 77742, pentylene glycol, glyceryl caprylate, ci 77491, sclerocarya birrea seed oil, ci 77492, ci 77499, magnolia officinalis bark extract, tin oxide, alumina, magnesium oxide   farbe 26 cinderella magic  ingredients: mica, ci 77891, caprylic/capric triglyceride, copernicia cerifera cera, macadamia integrifolia/tetraphylla seed oil, simmondsia chinensis seed oil, ci 77491, ci 77742, magnolia officinalis bark extract, tin oxide, tocopherol, sclerocarya birrea seed oil, helianthus annuus seed oil   farbe 27 metallic barbie  ingredients: mica, ci 77891, caprylic/capric triglyceride, copernicia cerifera cera, macadamia integrifolia/tetraphylla seed oil, ci 77491, simmondsia chinensis seed oil, ci 77742, magnolia officinalis bark extract, tin oxide, tocopherol, sclerocarya birrea seed oil, helianthus annuus seed oil   farbe 28 true mauve  ingredients: talc, mica, ci 77742, caprylic/capric triglyceride, magnesium stearate, macadamia integrifolia/tetraphylla seed oil, ricinus communis seed oil, kaolin, ci 77491, ci 77499, sclerocarya birrea seed oil, p-anisic acid, tocopherol, ci 77492, glyceryl caprylate, helianthus annuus seed oil, alumina, magnesium oxide  farbe 29 light the night ingredients: mica, ci 77891, caprylic/capric triglyceride, copernicia cerifera cera, macadamia integrifolia/tetraphylla seed oil, simmondsia chinensis seed oil, ci 77491, ci 77742, ci 77499, magnolia officinalis bark extract, tin oxide, tocopherol, sclerocarya birrea seed oil, helianthus annuus seed oil     farbe 30 belle of the ball ingredients: mica, ci 77891, ci 77491, caprylic/capric triglyceride, macadamia integrifolia/tetraphylla seed oil, copernicia cerifera cera, simmondsia chinensis seed oil, synthetic fluorphlogopite, ci 77499, magnolia officinalis bark extract, tocopherol, sclerocarya birrea seed oil, tin oxide, helianthus annuus seed oil   farbe 31 evil twin  ingredients: mica, kaolin, caprylic/capric triglyceride, ci 77491, copernicia cerifera cera, magnesium stearate, ci 77742, ci 77499, pentylene glycol, glyceryl caprylate, sclerocarya birrea seed oil, ci 77492, magnolia officinalis bark extract    farbe 32 touch of glamour ingredients: mica, ci 77891, caprylic/capric triglyceride, copernicia cerifera cera, macadamia integrifolia/tetraphylla seed oil, ci 77491, simmondsia chinensis seed oil, ci 77499, synthetic fluorphlogopite, magnolia officinalis bark extract, tin oxide, tocopherol, sclerocarya birrea seed oil, ci 77742, ci 77492, helianthus annuus seed oil, alumina, magnesium oxide   farbe 33 fairy dust ingredients: talc, mica, ci 77491, magnesium stearate, caprylic/capric triglyceride, macadamia integrifolia/tetraphylla seed oil, ci 77499, ricinus communis seed oil, kaolin, ci 77492, ci 77742, sclerocarya birrea seed oil, ci 77891, p-anisic acid, tocopherol, glyceryl caprylate, helianthus annuus seed oil, alumina, magnesium oxide   farbe 34 sugar plum ingredients: talc, mica, ci 77742, ci 77491, caprylic/capric triglyceride, magnesium stearate, ci 77891, macadamia integrifolia/tetraphylla seed oil, ricinus communis seed oil, ci 77499, kaolin, ci 77510, sclerocarya birrea seed oil, p-anisic acid, tocopherol, glyceryl caprylate, tin oxide, helianthus annuus seed oil   farbe 35 drama queen ingredients: mica, ci 77491, caprylic/capric triglyceride, ci 77891, macadamia integrifolia/tetraphylla seed oil, copernicia cerifera cera, simmondsia chinensis seed oil, ci 77742, magnolia officinalis bark extract, tocopherol, sclerocarya birrea seed oil, ci 77499, helianthus annuus seed oil, tin oxide   farbe 36 violet dream  ingredients: mica, ci 77891, ci 77491, caprylic/capric triglyceride, ci 77499, macadamia integrifolia/tetraphylla seed oil, copernicia cerifera cera, simmondsia chinensis seed oil, ci 77742, magnolia officinalis bark extract, tocopherol, ci 77510, sclerocarya birrea seed oil, tin oxide, helianthus annuus seed oil||True||2811874P|||||||||10
2997731|mueller||||||||2024-10-28|Disney Angel Plüsch sitzend mit Sound - 30cm|||1|Stk.|Home|Multi-Media|Fanartikel|Disney Angel Plüsch sitzend mit Sound - 30cm||||29,99 €|29,99 €||||||||||||||EUR|Home> Multi-Media> Fanartikel> Disney Angel Plüsch sitzend mit Sound - 30cm|https://www.mueller.at/p/disney-angel-pluesch-sitzend-mit-sound-30cm-IPN2997731/|1 Stk.|"Disney, Angel, 30 cm, kuschelweicher Plüsch, mit Sound (Babysprache) 
Bezaubernd und kuschelweich – ein Muss für jeden Stitchliebhaber. Die sitzende Plüschfigur in einem intensiven Rosa Ton wirkt durch die großen Kulleraugen besonders niedlich. Das Besondere an dieser Plüschfigur ist, dass diese auf Knopfdruck spricht.  Diese Plüschfigur ist ein Hingucker, da freuen sich Kleinkinderherzen."||||||||||||||||||||||Non-Organic||||{'Batterie-Typ': 'Li', 'Inhalt': '1 Stk.', 'Produkttyp': 'Fan-Artikel'}||||||||||||||0|0|2997731_1.png|https://static.mueller.de/pdzoom/8425611399923-pv-neu.webp||||||||||||||||||||||||||||||||1 Stk.|||True||2997731P|||||||||10
706303|mueller||||||||2024-10-28|BUSCH 1059 H0 - Weihnachtsmarkt|BUSCH MODELLSPIELWAREN||1|Stk.|Home|Spielwaren|Modellbau & Modelleisenbahn|Modelleisenbahn|Landschaftsbau|BUSCH 1059 H0 - Weihnachtsmarkt||29,99 €|29,99 €||||||||||||||EUR|Home> Spielwaren> Modellbau & Modelleisenbahn> Modelleisenbahn> Landschaftsbau> BUSCH 1059 H0 - Weihnachtsmarkt|https://www.mueller.at/p/busch-1059-h0-weihnachtsmarkt-706303/|1 Stk.|Busch Modellbahnzubehör - WeihnachtsmarktKomplett-Set für die Gestaltung eines kleinen, stimmungsvollen Weihnachtsmarktes: Vier Holzbuden und ein Kassenhäuschen, Ausschneidebogen mit vielen Werbeschildern und Girlanden. Weihnachtsbaumverkauf mit Umzäunung und acht Tannen. Außerdem enthält das Set einen Schneemann und viele Kleinteile wie Stehtische mit Pappgeschirr, Werkzeug, Holzkiste, Mülltonne und Bierkästen.||||||||10 Jahre||||||||||||||Non-Organic||||"{'Spur Modelleisenbahn': 'H0 - 1:87', 'particularities': 'Der Hersteller behält sich farbliche und technische Änderungen vor. Zur Darstellung der Neuheiten werden zum Teil Originalfotos und Prototypen eingesetzt. Abweichungen zum Lieferzustand des Modells sind möglich.', 'target_group': 'Grundschüler|Jugendliche|Erwachsene', 'Artikelnummer des Herstellers': '1059', 'license': 'Busch Modellbau Ausgestaltung/Bäume', 'Altersempfehlung ab': '10 Jahre', 'Altersempfehlung bis': '99 Jahre', 'Materialdetails': 'Kunststoff (Hauptsächlich)', 'Material': 'Kunststoff (Hauptsächlich)', 'Inhalt': '1 Stk.', 'Produkttyp': 'Dekoration'}"||||||||Kunststoff (Hauptsächlich)||||||0|0|706303_1.png|https://static.mueller.de/203570993-PB-0/pdzoom/busch-1059-h0-weihnachtsmarkt.webp||||||||||||||||||||||1059||||||||||1 Stk.|||True||706303P|||||||||3
2997734|mueller||||||||2024-10-28|Disney Stiitch Plüsch sitzend mit Sound - 40cm|||1|Stk.|Home|Multi-Media|Fanartikel|Disney Stiitch Plüsch sitzend mit Sound - 40cm||||44,99 €|44,99 €||||||||||||||EUR|Home> Multi-Media> Fanartikel> Disney Stiitch Plüsch sitzend mit Sound - 40cm|https://www.mueller.at/p/disney-stiitch-pluesch-sitzend-mit-sound-40cm-IPN2997734/|1 Stk.|"Disney, Stitch sitzend, 40 cm, kuschelweicher Plüsch, blau, mit Sound (Babysprache) 
Bezaubernd und kuschelweich – ein Muss für jeden Stitchliebhaber. Die sitzende Plüschfigur in einem intensiven Blauton wirkt durch die großen Kulleraugen besonders niedlich. Das Besondere an dieser Plüschfigur ist, dass diese auf Knopfdruck spricht. Diese Stichfigur ist ein Hingucker, da freuen sich Kleinkinderherzen"||||||||||||||||||||||Non-Organic||||{'Batterie-Typ': 'Al/Mn', 'Inhalt': '1 Stk.', 'Produkttyp': 'Fan-Artikel'}||||||||||||||0|0|2997734_1.png|https://static.mueller.de/pdzoom/8425611646324-pv.webp||||||||||||||||||||||||||||||||1 Stk.|||False||2997734P|||||||||1
2958170|mueller||||||||2024-10-28|Zygomatic - Dobble Harry Potter|ZYGOMATIC||1|Stk.|Home|Spielwaren|Spiele & Puzzles|Spiele|Gesellschaftsspiele|Zygomatic - Dobble Harry Potter||15,99 €|15,99 €||||||||||||||EUR|Home> Spielwaren> Spiele & Puzzles> Spiele> Gesellschaftsspiele> Zygomatic - Dobble Harry Potter|https://www.mueller.at/p/zygomatic-dobble-harry-potter-IPN2958170/|1 Stk.|"Hagrid, Hogwarts, der Spiegel Nerhegeb… Findet auf den 55 Karten eure liebsten Figuren, Gegenstände und Orte aus der magischen Welt von Harry Potter!

Einfach, schnell genial: Dobble Harry Potter ist das ultimative Reaktionsspiel für alle.

Dobble Harry Potter ist ein kartenbasiertes Reaktionsspiel mit fünf verschiedenen Spielvarianten. Bei allen Varianten geht es darum, als Erster das Symbol zu finden, das auf zwei Karten übereinstimmt und es dann laut zu benennen. Aber Achtung: Form und Farbe eines Symbols sind immer gleich, doch die Größe kann unterschiedlich sein. Auf einmal scheint die kleine Hedwig ganz anders auszusehen als die große.
Spieldauer: 15+ Minuten"||||||||6 Jahre||||||||||||||Non-Organic||||"{'target_group': 'Grundschüler|Jugendliche|Erwachsene', 'Artikelnummer des Herstellers': 'ZYGD0025', 'Altersempfehlung ab': '6 Jahre', 'Inhalt': '1 Stk.', 'Spieleranzahl': '2-8', 'Produkttyp': 'Familienspiele'}"||||||||||||||0|0|2958170_1.png|https://static.mueller.de/pdzoom/3558380108795.webp|2958170_2.png|https://static.mueller.de/pdzoom/3558380108795_2.webp||||||||||||||||||||ZYGD0025||||||||||1 Stk.|||True||2958170P|||||||||10
628170|mueller||||||||2024-10-28|PURINA GOURMET Gold Raffiniertes Ragout mit Huhn|PURINA GOURMET||85|g|Home|Tiershop|Tiernahrung|Katze|Nassfutter|PURINA GOURMET Gold Raffiniertes Ragout mit Huhn||0,85 €|0,85 €|||||||||||10,00 € / 1 kg|||EUR|Home> Tiershop> Tiernahrung> Katze> Nassfutter> PURINA GOURMET Gold Raffiniertes Ragout mit Huhn|https://www.mueller.at/p/purina-gourmet-gold-raffiniertes-ragout-mit-huhn-628170/|85 g|"GOURMET™ Gold Raffiniertes Ragout zeichnet sich besonders durch die fein geschnetzelten Stückchen mit Rind, Huhn oder weiteren köstlichen Geschmacksrichtungen aus, die kombiniert mit einem Hauch von Sauce jeden Bissen zum Genuss werden lassen. """". Alle GOURMET™ Gold Sorten sind ohne zugesetzte Farbstoffe sowie ohne zugesetzte künstliche Aroma- und Konservierungsstoffe. GOURMET Gold Raffiniertes Ragout: Qualitativ hochwertige Zutaten vereint in einem RagoutFein geschnetzelte Stückchen kombiniert mit einem Hauch von Sauce.Katzennassfutter ohne Zusatz künstlicher Farbstoffe, Konservierungsstoffe und AromastoffeAlleinfuttermittel für ausgewachsene Katzen"||Mindestens haltbar bis Ende, Bezugsnummer der Partie und Registrierungs-Kenn-Nr.: siehe Dosenboden. Die ungeöffnete Dose bitte kühl und trocken lagern.|||||||Geflügel|||||||||||||Non-Organic||||"{'Lagerhinweis': 'Mindestens haltbar bis Ende, Bezugsnummer der Partie und Registrierungs-Kenn-Nr.: siehe Dosenboden. Die ungeöffnete Dose bitte kühl und trocken lagern.', 'Futtermittelart': 'Alleinfutter', 'manufacturer': 'Nestlé Purina PetCare Deutschland GmbH', 'Herstelleradresse': 'D-53865 Euskirchen', 'Kontaktmöglichkeit': 'www.purina.de', 'Zulassungsnummer': '02 23 83 02', 'Tierart': 'Katze', 'Geschmacksrichtung': 'Geflügel', 'packaging_type': 'Dose', 'Inhalt': '85 g', 'Eigenschaften': 'Ohne Farbstoffe|Ohne Aromastoffe|Ohne Zusatz von Konservierungsstoffen', 'Fütterungsempfehlung': 'Fütterungsempfehlung: Füttern Sie Ihrer ausgewachsenen Katze (4kg) 2 bis 3 Dosen pro Tag, die auf mindestens 2 Mahlzeiten verteilt werden sollten. Bitte zimmerwarm servieren. Sauberes Wasser sollte stets zur Verfügung stehen.', 'Analytische Bestandteile': 'Analytische Bestandteile: Feuchtigkeit 74%; Protein 17%; Fettgehalt 4%; Rohasche 2%; Rohfaser 1,1%', 'Zusammensetzung (Futter)': 'Zusammensetzung: Fleisch und tierische Nebenerzeugnisse (davon 4% Huhn), pflanzliche Eiweißextrakte, Fisch und Fischnebenerzeugnisse,\xa0pflanzliche Nebenerzeugnisse, Mineralstoffe, Zucker.', 'Zusatzstoffe (Futter)': 'Zusatzstoffe: Vitamin A IE/kg 880; Vitamin D3 IE/kg 135; Eisensulfat Monohydrat mg/kg 31; Calciumjodat, wasserfrei mg/kg 0,39; Kupfersulfat Pentahydrat mg/kg 3,5; Mangansulfat Monohydrat mg/kg 6,1; Zinksulfat Monohydrat mg/kg 50; Kassia Gum mg/kg 450', 'Produkttyp': 'Nassfutter', 'Tiertyp': 'Katze'}"||||Fütterungsempfehlung: Füttern Sie Ihrer ausgewachsenen Katze (4kg) 2 bis 3 Dosen pro Tag, die auf mindestens 2 Mahlzeiten verteilt werden sollten. Bitte zimmerwarm servieren. Sauberes Wasser sollte stets zur Verfügung stehen.|||||||Geflügel|||4.7984|367|628170_1.png|https://static.mueller.de/markant_07613035439696_pv_3204125/pdzoom/purina-gourmet-gold-raffiniertes-ragout-mit-huhn.webp|628170_2.png|https://static.mueller.de/markant_07613035439696_pd_3453608/pdzoom/purina-gourmet-gold-raffiniertes-ragout-mit-huhn.webp|628170_3.png|https://static.mueller.de/markant_07613035439696_pd_3549459/pdzoom/purina-gourmet-gold-raffiniertes-ragout-mit-huhn.webp|628170_4.png|https://static.mueller.de/markant_07613035439696_pd_3549460/pdzoom/purina-gourmet-gold-raffiniertes-ragout-mit-huhn.webp||||||||||||||||Nestlé Purina PetCare Deutschland GmbH||||||||||85 g|||True||628170P|||||||||6
2997738|mueller||||||||2024-10-28|Jujutsu Kaisen GOJO Plüsch 27cm|||1|Stk.|Home|Multi-Media|Fanartikel|Jujutsu Kaisen GOJO Plüsch 27cm||||29,99 €|29,99 €||||||||||||||EUR|Home> Multi-Media> Fanartikel> Jujutsu Kaisen GOJO Plüsch 27cm|https://www.mueller.at/p/jujutsu-kaisen-gojo-pluesch-27cm-IPN2997738/|1 Stk.|"Jujutsu Kaisen  GOJO – farbenfrohe, samtigweiche Plüschfigur - 27 cm

Diese farbenfrohe Plüschfigur wirkt durch die samtige Oberfläche besonders kuschelig und hochwertig - ein perfektes Geschenk und ein Muss für jeden Jujutsu Kaisen - Fan, der gern kuschelt. Diese Plüschfigur ist nicht nur frisch und farbenfroh, sondern auch sehr praktisch. Sollte sie mal schmutzig werden, ist sie bis 30 °C Grad waschbar."||||||||||||||||||||||Non-Organic||||{'Höhe': '27 cm', 'Inhalt': '1 Stk.', 'Produkttyp': 'Fan-Artikel'}||||||||||||||0|0|2997738_1.png|https://static.mueller.de/pdzoom/8425611321979-pv.webp||||||||||||||||||||||||||||||||1 Stk.|||True||2997738P|||||||||10
2997722|mueller||||||||2024-10-28|snakebyte XSX Headset Base X (white)|||1|Stk.|Home|Multi-Media|Unterhaltungselektronik|Kopfhörer & Lautsprecher|Headsets|snakebyte XSX Headset Base X (white)||29,99 €|29,99 €||||||||||||||EUR|Home> Multi-Media> Unterhaltungselektronik> Kopfhörer & Lautsprecher> Headsets> snakebyte XSX Headset Base X (white)|https://www.mueller.at/p/snakebyte-xsx-headset-base-x-white-IPN2997722/|1 Stk.|"Das HEADSET BASE X ist das Allround-Headset für deine Xbox. Per 3,5mm Klinkenstecker kannst du es problemlos an deinen Controller anschließen. 
50MM HIGH-QUALITY AUDIO-TREIBER - Der 50mm Audio-Treiber des snakebyte HEADSET BASE X sorgt für satten Sound und ein immersives Spielerlebnis. 
HOCHKLAPPBARES MIKRO & LAUTSTÄRKEREGELUNG - Mute das Mikrofon des Headsets ganz einfach, indem du das Mikrofon hochklappst. Der Gamesound kann direkt an der Ohrmuschel des Headsets lauter und leiser geregelt werden.
KOMFORTABLES DESIGN – Mit den der super weichen Stoffpolsterung für die Ohren sind stundenlange Gaming-Sessions kein Problem. 1,5 Meter Kabellänge bieten eine komfortable Reichweite. 
OFFIZIELLE MICROSOFT-LIZENZ - Vertraue auf die Qualität und Kompatibilität eines offiziell lizenzierten Headsets."||||||||||||||||||||||Non-Organic||||{'Inhalt': '1 Stk.', 'Produkttyp': 'Headset'}||||||||||||||0|0|2997722_1.png|https://static.mueller.de/pdzoom/4039621921988-pv.webp|2997722_2.png|https://static.mueller.de/4039621921988-pd-3/pdzoom/snakebyte-xsx-headset-base-x-white.webp|2997722_3.png|https://static.mueller.de/4039621921988-pd-2/pdzoom/snakebyte-xsx-headset-base-x-white.webp|2997722_4.png|https://static.mueller.de/4039621921988-pd-4/pdzoom/snakebyte-xsx-headset-base-x-white.webp|2997722_5.png|https://static.mueller.de/4039621921988-pd-5/pdzoom/snakebyte-xsx-headset-base-x-white.webp|2997722_6.png|https://static.mueller.de/4039621921988-pd-6/pdzoom/snakebyte-xsx-headset-base-x-white.webp||||||||||||||||||||||1 Stk.|||False||2997722P|||||||||1
2997725|mueller||||||||2024-10-28|snakebyte NSW GamePad RGB S|||1|Stk.|Home|Multi-Media|Konsolen & Zubehör|Controller & Lenkräder|snakebyte NSW GamePad RGB S|||29,99 €|29,99 €||||||||||||||EUR|Home> Multi-Media> Konsolen & Zubehör> Controller & Lenkräder> snakebyte NSW GamePad RGB S|https://www.mueller.at/p/snakebyte-nsw-gamepad-rgb-s-IPN2997725/|1 Stk.|"RGB-BELEUCHTUNG - Erlebe Gaming in strahlenden Lichteffekten! Wähle aus 6 statischen Farben und 3 dynamischen Farbwechselmodi in 4 Helligkeitsstufen. 	
HALL-EFFEKT SENSOREN - Analogsticks mit Hall-Effect Sensoren sorgen für absolute Präzision. Die nahezu verschleißfreie Technologie bietet eine lange Lebensdauer und verhindert Stick-Drift. 
PROGRAMMIERBARE ZUSATZTASTEN MIT MAKRO-FUNKTION - Passe den Controller deinen Bedürfnissen an mit 2 programmierbaren Zusatztasten für individuelles Button-Mapping. Es können gleich ganze Eingabeabfolgen belegt werden. 	
EINSTELLBARE RUMBLE-FUNKTION & TURBO-TASTE - Next-Level-Gaming mitVibration-Feedback in zwei Stärken und Turbo-Feuer-Funktion mit einstellbarer Geschwindigkeit in 3 Stufen.
KOMPATIBILITÄT & AKKULAUFZEIT - Das snakebyte GAMEPAD RGB S ist wireless kompatibel mit Nintendo Switch, Switch OLED & Switch Lite. Nutze lange Spielzeiten von 6-10 Stunden, schnelles Aufladen über USB Type-C und mühelose eine Bluetooth-Verbindung."||||||||||||||||||||||Non-Organic||||{'System': 'Nintendo Switch', 'Batterie-Typ': 'Li-Ion', 'Inhalt': '1 Stk.', 'Produkttyp': 'Controller & Gamepads'}||||||||||||||0|0|2997725_1.png|https://static.mueller.de/pdzoom/4039621922558-pv.webp|2997725_2.png|https://static.mueller.de/4039621922558-pd-7/pdzoom/snakebyte-nsw-gamepad-rgb-s.webp|2997725_3.png|https://static.mueller.de/4039621922558-pd-2/pdzoom/snakebyte-nsw-gamepad-rgb-s.webp|2997725_4.png|https://static.mueller.de/4039621922558-pd-6/pdzoom/snakebyte-nsw-gamepad-rgb-s.webp|2997725_5.png|https://static.mueller.de/4039621922558-pd-5/pdzoom/snakebyte-nsw-gamepad-rgb-s.webp|2997725_6.png|https://static.mueller.de/4039621922558-pd-3/pdzoom/snakebyte-nsw-gamepad-rgb-s.webp||||||||||||||||||||||1 Stk.|||True||2997725P|||||||||3
2101606|mueller||||||||2024-10-28|Ein ganzes halbes Jahr|||1|Stk.|Home|Multi-Media|Filme & TV|Komödie & Comedy|Ein ganzes halbes Jahr|||7,99 €|7,99 €||||||||||||||EUR|Home> Multi-Media> Filme & TV> Komödie & Comedy> Ein ganzes halbes Jahr|https://www.mueller.at/p/ein-ganzes-halbes-jahr-2101606/|1 Stk.|"Unverhofft kommt oft – das gilt auch und vor allem für die Liebe. Und manchmal entführt sie uns in Richtungen, die wir uns überhaupt nicht vorstellen können …
Louisa „Lou“ Clark (Clarke) wohnt auf dem Lande in einem malerischen englischen Städtchen. Ohne sich je ein konkretes Lebensziel vorzunehmen, hangelt sich die spleenige, kreative 26-Jährige von einem Job zum nächsten, um ihre unverdrossen fest zusammenhaltende Familie über die Runden zu bringen. Ihr sprichwörtlicher Optimismus wird jedoch mit ihrem neuesten Broterwerb erstmals auf eine harte Probe gestellt: Im „Schloss“ des kleinen Ortes wird sie die Pflegerin und Gesellschafterin des wohlhabenden jungen Bankers Will Traynor (Claflin), der seit einem Unfall vor zwei Jahren an den Rollstuhl gefesselt ist – von einem Augenblick zum anderen hat sich sein Leben dramatisch verändert. Seine große Abenteuerlust gehört der Vergangenheit an – übrig bleibt ein Zyniker, der seine jetzige Existenz als sinnlos empfindet. Doch Lou nimmt sich vor, Will zu beweisen, dass das Leben sich weiterhin lohnt: Gemeinsam lassen sie sich auf eine Abenteuertour ein, die sie allerdings so nicht geplant haben … Wie sich Herz und Verstand unter diesen Umständen verwandeln, hätten beide sich niemals träumen lassen."||||||||||||||||||||||Non-Organic||||"{'medium': 'DVD', 'Untertitel': 'Spanisch,Griechisch', 'manufacturer': 'Warner Bros (Universal Pictures)', 'Bildformat': 'Widescreen', 'Zusatzinfos / Bonusmaterial beim Film dabei': 'Vom Buch zum Film;\nVerpatzte Szenen;\nNicht verwendete Szenen;', 'Inhalt': '1 Stk.', 'Laufzeit in min (gesamt)': '106', 'Produktionsjahr': '2016', 'Produktionsland': 'USA', 'Regisseur': 'Thea Sharrock', 'Schauspieler': 'Emilia Clarke,Sam Claflin,Janet McTeer,Charles Dance,Brendan Coyle,Matthew Lewis,Jenna Coleman', 'Special Edition': 'Nein', 'Tonformat-Sprache': 'Deutsch,Englisch,Italienisch,Spanisch', 'Untertitel für Gehörlose': 'Englisch,Deutsch,Italienisch', 'packaging_type': 'Softbox', 'Hauptgenre': 'Unterhaltung|Romanverfilmung'}"||||||||||||||0|0|2101606_1.png|https://static.mueller.de/videojakob_5051890302373_pv_497208/pdzoom/ein-ganzes-halbes-jahr.webp|2101606_2.png|https://static.mueller.de/pdzoom/videojakob_5051890302373_pr_497208-back.webp|2101606_3.png|https://static.mueller.de/videojakob_5051890302373_pd_39533506/pdzoom/ein-ganzes-halbes-jahr.webp|2101606_4.png|https://static.mueller.de/videojakob_5051890302373_pd_39533818/pdzoom/ein-ganzes-halbes-jahr.webp|2101606_5.png|https://static.mueller.de/videojakob_5051890302373_pd_39534115/pdzoom/ein-ganzes-halbes-jahr.webp|2101606_6.png|https://static.mueller.de/videojakob_5051890302373_pd_39534725/pdzoom/ein-ganzes-halbes-jahr.webp||||||||||||Warner Bros (Universal Pictures)||||||||||1 Stk.|||True||2101606P|||||||||2
706312|mueller||||||||2024-10-28|BUSCH 1103 H0 - Straßenkurve|BUSCH MODELLSPIELWAREN||1|Stk.|Home|Spielwaren|Modellbau & Modelleisenbahn|Modelleisenbahn|Zubehör|BUSCH 1103 H0 - Straßenkurve||8,99 €|8,99 €||||||||||||||EUR|Home> Spielwaren> Modellbau & Modelleisenbahn> Modelleisenbahn> Zubehör> BUSCH 1103 H0 - Straßenkurve|https://www.mueller.at/p/busch-1103-h0-strassenkurve-706312/|1 Stk.|Busch Modellbahnzubehör - StraßenkurveHalbkreis, selbstklebend für 66 mm breite Straßen (6033 und 6034). Durchmesser 190 mm, gleiche Farb- und Materialstruktur wie die Asphaltstraßen. Der Halbkreis kann mit einer Schere z.B. in Viertelkreise bzw. Abschnitten mit beliebigen Winkeln geschnitten werden.||||||||10 Jahre||||||||||||||Non-Organic||||"{'Spur Modelleisenbahn': 'H0 - 1:87', 'particularities': 'Der Hersteller behält sich farbliche und technische Änderungen vor. Zur Darstellung der Neuheiten werden zum Teil Originalfotos und Prototypen eingesetzt. Abweichungen zum Lieferzustand des Modells sind möglich.', 'target_group': 'Grundschüler|Jugendliche|Erwachsene', 'Artikelnummer des Herstellers': '1103', 'license': 'Busch Modellbau Ausgestaltung/Bäume', 'Altersempfehlung ab': '10 Jahre', 'Altersempfehlung bis': '99 Jahre', 'Materialdetails': 'Kunststoff (Hauptsächlich)', 'Inhalt': '1 Stk.', 'Produkttyp': 'Straßenzubehör'}"||||||||Kunststoff (Hauptsächlich)||||||0|0|706312_1.png|https://static.mueller.de/62626688-PB-0/pdzoom/busch-1103-h0-strassenkurve.webp|706312_2.png|https://static.mueller.de/62626688-PB-1/pdzoom/busch-1103-h0-strassenkurve.webp||||||||||||||||||||1103||||||||||1 Stk.|||True||706312P|||||||||1
628189|mueller||||||||2024-10-28|Catrice Glam&Doll False Lashes Mascara|CATRICE||9.5|ml|Home|Parfümerie|Make-up|Augen|Mascara|Catrice Glam&Doll False Lashes Mascara||4,45 €|4,45 €||||||||||||||EUR|Home> Parfümerie> Make-up> Augen> Mascara> Catrice Glam&Doll False Lashes Mascara|https://www.mueller.at/p/catrice-glam-doll-false-lashes-mascara-628189/|9.5 ml|Die Glam & Doll False Lashes Mascara punktet mit einer gebogenen Elastomerbürste, die jede einzelne Wimper mit nur einem Auftrag erreicht und sie bis zur Spitze gleichmäßig in tiefes Schwarz hüllt. Die Volumenformulierung verdichtet die Wimpern – die Ergebnisse sind wirkungsvoll, dramatisch. Falscher Wimpern-EffektGebogene Elastomer-BürsteTiefschwarze Textur||||||||||||||||||||||Non-Organic||||"{'Effekt': 'Volumen|verlängernd|verdichtend', 'target_group': 'Damen', 'manufacturer': 'cosnova', 'Herstelleradresse': 'Frankfurt (D-65843)', 'Kontaktmöglichkeit': 'service@cosnova.eu', 'Anwendungshinweis': ""Mascara betont die Wimpern und verleiht einen ausdrucksstarken Augenaufschlag. Und so geht's: Applikator mit einer leichten Drehbewegung herausziehen und Mascara von der Wurzel bis zur Spitze in Zickzack-Bewegungen auf die Wimpern auftragen - gern auch mehrere Schichten nacheinander für noch intensivere Augenblicke."", 'package_contents': 'AQUA (WATER), PARAFFIN, GLYCERYL STEARATE, SYNTHETIC BEESWAX, STEARIC ACID, ACACIA SENEGAL GUM , BUTYLENE GLYCOL, PALMITIC ACID, POLYBUTENE, ORYZA SATIVA (RICE) BRAN WAX, VP/EICOSENE COPOLYMER, OZOKERITE, AMINOMETHYL PROPANOL, TROPOLONE, HYDROGENATED VEGETABLE OIL, STEARYL STEARATE, HYDROXYETHYLCELLULOSE, PHENOXYETHANOL, CI 77499 (IRON OXIDES).', 'Farbnummer': '010', 'Farbe': 'Black', 'Inhalt': '9.5 ml', 'scope_of_application': 'Augen', 'Produkttyp': 'Wimperntusche'}"||||||Black||||||||4.7538|65|628189_1.png|https://static.mueller.de/markant_04250947562277_pv_4541429/pdzoom/catrice-glam-doll-false-lashes-mascara.webp|628189_2.png|https://static.mueller.de/markant_04250947562277_pd_4008997/pdzoom/catrice-glam-doll-false-lashes-mascara.webp|628189_3.png|https://static.mueller.de/markant_04250947562277_pd_4533084/pdzoom/catrice-glam-doll-false-lashes-mascara.webp|628189_4.png|https://static.mueller.de/markant_04250947562277_pd_4012114/pdzoom/catrice-glam-doll-false-lashes-mascara.webp|628189_5.png|https://static.mueller.de/markant_04250947562277_pd_4541277/pdzoom/catrice-glam-doll-false-lashes-mascara.webp|628189_6.png|https://static.mueller.de/markant_04250947562277_pd_4012037/pdzoom/catrice-glam-doll-false-lashes-mascara.webp||||||||||||cosnova||||||||||9.5 ml|AQUA (WATER), PARAFFIN, GLYCERYL STEARATE, SYNTHETIC BEESWAX, STEARIC ACID, ACACIA SENEGAL GUM , BUTYLENE GLYCOL, PALMITIC ACID, POLYBUTENE, ORYZA SATIVA (RICE) BRAN WAX, VP/EICOSENE COPOLYMER, OZOKERITE, AMINOMETHYL PROPANOL, TROPOLONE, HYDROGENATED VEGETABLE OIL, STEARYL STEARATE, HYDROXYETHYLCELLULOSE, PHENOXYETHANOL, CI 77499 (IRON OXIDES).||True||628189P|||||||||10
2997728|mueller||||||||2024-10-28|snakebyte PS4 GamePad RGB 4|||1|Stk.|Home|Multi-Media|Konsolen & Zubehör|Controller & Lenkräder|snakebyte PS4 GamePad RGB 4|||29,99 €|29,99 €||||||||||||||EUR|Home> Multi-Media> Konsolen & Zubehör> Controller & Lenkräder> snakebyte PS4 GamePad RGB 4|https://www.mueller.at/p/snakebyte-ps4-gamepad-rgb-4-IPN2997728/|1 Stk.|"RGB-BELEUCHTUNG - Erlebe Gaming in strahlenden Lichteffekten! Wähle aus 6 statischen Farben und 3 dynamischen Farbwechselmodi in 4 Helligkeitsstufen. 	
PROGRAMMIERBARE ZUSATZTASTEN MIT MAKRO-FUNKTION - Passe den Controller deinen Bedürfnissen an mit 2 programmierbaren Zusatztasten für individuelles Button-Mapping. Es können gleich ganze Eingabeabfolgen belegt werden. 	
EINSTELLBARE RUMBLE-FUNKTION & TURBO-TASTE - Next-Level-Gaming mit Vibration-Feedback in zwei Stärken und Turbo-Feuer-Funktion mit einstellbarer Geschwindigkeit in 3 Stufen.	
AUDIOANSCHLUSS & LAUTSPRECHER - Tauche ab ins Spielgeschehen! Das Gamepad bietet einen 3,5mm Klinkenstecker und einen eingebauten Lautsprecher. 	
KOMPATIBILITÄT & AKKULAUFZEIT - Das snakebyte GAMEPAD RGB 4 ist wireless kompatibel mit der PlayStation 4. Nutze lange Spielzeiten von 6-10 Stunden, schnelles Aufladen über USB Type-C und eine mühelose Bluetooth-Verbindung."||||||||||||||||||||||Non-Organic||||{'System': 'PlayStation 4', 'Batterie-Typ': 'Li-Ion', 'Inhalt': '1 Stk.', 'Produkttyp': 'Controller & Gamepads'}||||||||||||||0|0|2997728_1.png|https://static.mueller.de/pdzoom/4039621922565-pv.webp|2997728_2.png|https://static.mueller.de/4039621922565-pd-2/pdzoom/snakebyte-ps4-gamepad-rgb-4.webp|2997728_3.png|https://static.mueller.de/4039621922565-pd-7/pdzoom/snakebyte-ps4-gamepad-rgb-4.webp|2997728_4.png|https://static.mueller.de/4039621922565-pd-4/pdzoom/snakebyte-ps4-gamepad-rgb-4.webp|2997728_5.png|https://static.mueller.de/4039621922565-pd-6/pdzoom/snakebyte-ps4-gamepad-rgb-4.webp|2997728_6.png|https://static.mueller.de/4039621922565-pd-5/pdzoom/snakebyte-ps4-gamepad-rgb-4.webp||||||||||||||||||||||1 Stk.|||False||2997728P|||||||||1
667758|mueller||||||||2024-10-28|FACKELMANN Spätzlehobel ArcaLina kurz|FACKELMANN||1|Stk.|Home|Haushalt|Kochen & Backen|Küchenhelfer & -textilien|Spezialhelfer|FACKELMANN Spätzlehobel ArcaLina kurz||19,99 €|19,99 €|19,99 €|14,99 €||||25%|Sie sparen 25%|||||||EUR|Home> Haushalt> Kochen & Backen> Küchenhelfer & -textilien> Spezialhelfer> FACKELMANN Spätzlehobel ArcaLina kurz|https://www.mueller.at/p/fackelmann-spaetzlehobel-arcalina-kurz-667758/|1 Stk.|"- Spätzlehobel Arcadalina, Food&More
- Material: Griff/Schieber aus Acrylnitril-Butadien-Styrol-Copolymer und Reibe aus Edelstahl
- 31,5 x 11x 7 cm
- ideal für kurze Spätzle
- spülmaschinengeeignet"||||||||||||||||||||||Non-Organic||||{'manufacturer': 'Fackelmann GmbH + Co. KG', 'Herstelleradresse': 'Sebastian-Fackelmann-Str. 6, D-91217 Hersbruck', 'Kontaktmöglichkeit': 'service@fackelmann.de', 'Höhe': '7 cm', 'Breite': '11 cm', 'Tiefe': '31.5 cm', 'Inhalt': '1 Stk.'}||||||||||||||0|0|667758_1.png|https://static.mueller.de/6449306191-PV-0/pdzoom/fackelmann-spaetzlehobel-arcalina-kurz.webp||||||||||||||||||||||Fackelmann GmbH + Co. KG||||||||||1 Stk.|||True||667758P|||||||||10
2101652|mueller||||||||2024-10-28|Game of Thrones - Staffel 6 [5 DVDs]|||1|Stk.|Home|Multi-Media|Filme & TV|Science Fiction & Fantasy|Game of Thrones - Staffel 6  [5 DVDs]|||14,99 €|14,99 €||||||||||||||EUR|Home> Multi-Media> Filme & TV> Science Fiction & Fantasy> Game of Thrones - Staffel 6  [5 DVDs]|https://www.mueller.at/p/game-of-thrones-staffel-6-5-dvds-2101652/|1 Stk.|"Nach den schockierenden Entwicklungen gegen Ende der fünften Staffel, wie der blutigen Meuterei gegen Jon Schnee in der schwarzen Festung, Daenerys Bedrohung in Meereens Kampfarena oder Cerseis öffentlicher Demütigung, formieren sich nun alle Überlebenden aus Westeros und Essos neu, um unaufhaltsam ihrem unsicheren Schicksal entgegen zu eilen. Bekannte Gesichter schmieden neue Bündnisse, um ihre Überlebenschancen zu erhöhen, während neue Charaktere die Machtverhältnisse im Osten, Westen, Norden und Süden ins Wanken bringen.

Episoden:
01 Die Rote Frau
02 Zuhause
03 Eidbrecher
04 Das Buch des Fremden
05 Das Tor
06 Blut von meinem Blut
07 Der Gebrochene
08 Niemand
09 Die Schlacht der Bastarde
10 Die Winde des Winters"||||||||||||||||||||||Non-Organic||||"{'medium': 'DVD', 'Untertitel': 'Dänisch,Holländisch,Spanisch,Französisch,Deutsch,Finnisch,Norwegisch,Schwedisch', 'manufacturer': 'Warner Bros (Universal Pictures)', 'Bildformat': '16:9', 'Zusatzinfos / Bonusmaterial beim Film dabei': 'Die Schlacht der Bastarde;\n18 Stunden in den Paint Hall Studios;\nWiederaufbau der Dothraki-Welt;\nAudiokommentare;\nNicht verwendete Szenen;', 'Inhalt': '1 Stk.', 'Laufzeit in min (gesamt)': '535', 'Produktionsjahr': '2015', 'Produktionsland': 'USA', 'Schauspieler': 'Peter Dinklage,Nikolaj Coster-Waldau,Lena Headey,Emilia Clarke,Kit Harington,Iain Glen,Alfie Allen,John Bradley,Dean-Charles Chapman', 'Special Edition': 'Nein', 'Tonformat-Sprache': 'Deutsch,Englisch,Französisch,Spanisch', 'Untertitel für Gehörlose': 'Englisch', 'packaging_type': 'Softbox', 'Hauptgenre': 'Fantasy|TV-Serie'}"||||||||||||||5.0|1|2101652_1.png|https://static.mueller.de/videojakob_5051890306975_pv_509398/pdzoom/game-of-thrones-staffel-6-5-dvds.webp|2101652_2.png|https://static.mueller.de/pdzoom/videojakob_5051890306975_pr_509398-back.webp|2101652_3.png|https://static.mueller.de/videojakob_5051890306975_pd_66601452/pdzoom/game-of-thrones-staffel-6-5-dvds.webp|2101652_4.png|https://static.mueller.de/videojakob_5051890306975_pd_66602983/pdzoom/game-of-thrones-staffel-6-5-dvds.webp|2101652_5.png|https://static.mueller.de/videojakob_5051890306975_pd_66604295/pdzoom/game-of-thrones-staffel-6-5-dvds.webp|2101652_6.png|https://static.mueller.de/videojakob_5051890306975_pd_66605858/pdzoom/game-of-thrones-staffel-6-5-dvds.webp||||||||||||Warner Bros (Universal Pictures)||||||||||1 Stk.|||False||2101652P|||||||||1
2958192|mueller||||||||2024-10-28|BIO PRIMO Kids Bio Dinkel Pizza Stangen|BIO PRIMO||80|g|Home|Naturshop|Lebensmittel|Nahrung|Backwaren|BIO PRIMO Kids Bio Dinkel Pizza Stangen||1,39 €|1,39 €|||||||||||17,38 € / 1 kg|||EUR|Home> Naturshop> Lebensmittel> Nahrung> Backwaren> BIO PRIMO Kids Bio Dinkel Pizza Stangen|https://www.mueller.at/p/bio-primo-kids-bio-dinkel-pizza-stangen-IPN2958192/|80 g|Bio Dinkel Pizza Stangen||Kühl, trocken und vor Licht geschützt lagern.|||Deutschland|Kann Spuren von Eiern, Soja, Milch, Senf, Sesam, Lupinen und Schalenfrüchten enthalten.|||||{'Nährwerte je': '100 g', 'Brennwert': '1696 kj / 402 kcal', 'Fett in g': '9,2', '- davon gesättigte Fettsäuren in g': '1,1', 'Kohlenhydrate in g': '66', '- davon Zucker in g': '2,5', 'Eiweiß in g': '12', 'Salz in g': '0,94'}|||||||||||Organic||||"{'Lagerhinweis': 'Kühl, trocken und vor Licht geschützt lagern.', 'target_group': 'Kinder', 'manufacturer': 'F.W. Praum GmbH & Co. KG', 'Herstelleradresse': 'Rudolf-Diesel-Str. 5, 61267 Neu-Anspach', 'Kontaktmöglichkeit': 'www.mueller.eu', 'Herkunftsland': 'Deutschland', 'Öko-Kontrollstelle': 'DE-ÖKO-006', 'Allergenhinweis': 'Kann Spuren von Eiern, Soja, Milch, Senf, Sesam, Lupinen und Schalenfrüchten enthalten.', 'Inhalt': '80 g', 'Bio': 'Ja', 'Eigenschaften': 'Ohne Zuckerzusatz|Vegan', 'Zutaten': 'DINKELmehl*¹ (83%), Sonnenblumenöl*, Gerstenmehl*, Tomaten* getrocknet und gemahlen, Gewürze* (Knoblauch*, Paprika*, Pfeffer*, Zwiebel*), Kräuter* (Oregano*, Basilikum*, Koriander*, Rosmarin*, Thymian*, Majoran*), Hefe*, Meersalz.   ¹DINKEL IST EINE WEIZENART. *=ZUTATEN AUS KONTROLLIERT BIOLOGISCHEM ANBAU', 'Produkttyp': 'Backwaren'}"||||||||||||||0|0|2958192_1.png|https://static.mueller.de/pdzoom/2200295819242.webp||||||||||||||||||||||F.W. Praum GmbH & Co. KG||||||||||80 g|||True||2958192P|||||||||10
2997796|mueller||||||||2024-10-28|LANCÔME Teint Idôle Ultra Wear Bronzer|LANCOME||10|g|Home|Parfümerie|Make-up|Teint|Puder|LANCÔME Teint Idôle Ultra Wear Bronzer||54,95 €|54,95 €|||||||||||5 495,00 € / 1 kg|||EUR|Home> Parfümerie> Make-up> Teint> Puder> LANCÔME Teint Idôle Ultra Wear Bronzer|https://www.mueller.at/p/lancome-teint-idole-ultra-wear-bronzer-IPN2997793/|10 g|Der neue Teint Idôle Ultra Wear C.E. SKIN TRANSFORMING BRONZER mit einer innovativen, atmungsaktiven und ultra-aufbaubaren Textur in 7 Shades sorgt für das perfekt sonnengeküsste Finish für jeden Hautton. Mit einem dreifach-Serum aus mit Vitamin C-Derivat, Vitamin-E und Moringa-Öl angereichtert, spendet die regenerierende Formel Feuchtigkeit und wirkt wie ein Schutzschild für die Haut - für bis zu 24 Stunden. Die revolutionäre skin-fusing Textur lässt sich leicht verblenden und verschmilzt dank der pflegenden Inhalte nicht nur mit der Haut, sondern pflegt sie nachhaltig. Die 7 Shades wurden gemeinsam mit der bekannten Make-Up Artistin und Global Creative Director für Lancôme Make-Up entwickelt und bieten für jeden Hautton das perfekte Match für einen mühelosen Teint wie frisch aus dem Urlaub.||||||||||||||||||||||Non-Organic||||"{'consistency': 'Puder', 'Effekt': 'abdeckend|mattierend', 'target_group': 'Damen|Herren|Unisex', 'manufacturer': ""L'Oréal Deutschland GmbH"", 'Herstelleradresse': 'Johannstrasse 1, 40476 Düsseldorf', 'Kontaktmöglichkeit': 'service@lancome.de', 'Anwendungshinweis': '1. Advanced Généfique auftragen und von unten nach oben einmassieren, um die Haut sofort mit Feuchtigkeit zu versorgen. 2. Teint Idole Ultra Wear Foundation für eine makellose Deckkraft auftragen 3. Anschließend Concealer auftragen, um einen strahlenden und gelifteten Effekt zu erzielen 4. Verwende einen großen Pinsel und trage den Teint Idole Ultra Wear Bronzer mit kreisenden Bewegungen dort auf, wo die Sonne auf die Haut trifft (Wangen, Nase, Schläfen und Kinn). 5. Betone mit dem Teint Idole Ultra Wear Highlighter die höchsten Punkte Deines Gesichts für einen multidimensionales Glow.', 'package_contents': '975510 - INGREDIENTS: TALC • CI 77891 / TITANIUM DIOXIDE • CI 77492 / IRON OXIDES • ZINC STEARATE • ZEA MAYS STARCH / CORN STARCH • DIMETHICONE • CAPRYLIC/CAPRIC TRIGLYCERIDE • CI 77491 / IRON OXIDES • DIMETHICONE/VINYL DIMETHICONE CROSSPOLYMER • CI 77499 / IRON OXIDES • SILICA • CI 19140 / YELLOW 5 LAKE • PUNICA GRANATUM PERICARP EXTRACT • MORINGA OLEIFERA SEED OIL • ALARIA ESCULENTA EXTRACT • TRIETHOXYCAPRYLYLSILANE • SILICA [NANO] / SILICA • ASCORBYL TETRAISOPALMITATE • CAPRYLYL GLYCOL • ETHYLHEXYLGLYCERIN • TOCOPHEROL • POTASSIUM SORBATE • MICA • PARFUM / FRAGRANCE • LINALOOL • LIMONENE (F.I.L. N70038996/1).', 'Farbnummer': '03', 'Farbe': 'Light Medium', 'Deckkraft': 'mittel', 'skin_type': 'alle Hauttypen', 'Inhalt': '10 g', 'scope_of_application': 'Gesicht|Wangen', 'Produktart': 'Puder', 'Produkttyp': 'Bronzing'}"||||||Light Medium||||||||5.0|41|2997796_1.png|https://static.mueller.de/pdzoom/3614274110098_1.webp|2997796_2.png|https://static.mueller.de/pdzoom/3614274110098_2.webp|2997796_3.png|https://static.mueller.de/pdzoom/3614274110098_3.webp|2997796_4.png|https://static.mueller.de/pdzoom/3614274110098_4.webp|2997796_5.png|https://static.mueller.de/pdzoom/3614274110098_5.webp|2997796_6.png|https://static.mueller.de/pdzoom/3614274110098_6.webp||||||||||||L'Oréal Deutschland GmbH||||||||||10 g|975510 - INGREDIENTS: TALC • CI 77891 / TITANIUM DIOXIDE • CI 77492 / IRON OXIDES • ZINC STEARATE • ZEA MAYS STARCH / CORN STARCH • DIMETHICONE • CAPRYLIC/CAPRIC TRIGLYCERIDE • CI 77491 / IRON OXIDES • DIMETHICONE/VINYL DIMETHICONE CROSSPOLYMER • CI 77499 / IRON OXIDES • SILICA • CI 19140 / YELLOW 5 LAKE • PUNICA GRANATUM PERICARP EXTRACT • MORINGA OLEIFERA SEED OIL • ALARIA ESCULENTA EXTRACT • TRIETHOXYCAPRYLYLSILANE • SILICA [NANO] / SILICA • ASCORBYL TETRAISOPALMITATE • CAPRYLYL GLYCOL • ETHYLHEXYLGLYCERIN • TOCOPHEROL • POTASSIUM SORBATE • MICA • PARFUM / FRAGRANCE • LINALOOL • LIMONENE (F.I.L. N70038996/1).||True||2997796P|||||||||3
2997795|mueller||||||||2024-10-28|Warhammer 40k Actionfigur 1/18 Ultramarines Bladeguard Veteran 02 12 cm|JOYTOY||1|Stk.|Home|Spielwaren|Modellbau & Modelleisenbahn|Modellbau|Fahrzeuge|Warhammer 40k Actionfigur 1/18 Ultramarines Bladeguard Veteran 02 12 cm||54,99 €|54,99 €||||||||||||||EUR|Home> Spielwaren> Modellbau & Modelleisenbahn> Modellbau> Fahrzeuge> Warhammer 40k Actionfigur 1/18 Ultramarines Bladeguard Veteran 02 12 cm|https://www.mueller.at/p/warhammer-40k-actionfigur-1-18-ultramarines-bladeguard-veteran-02-12-cm-IPN2997795/|1 Stk.|"Zum Tabletop-Spiel ""Warhammer 40k"" kommt diese detailreiche, bewegliche Actionfigur. Sie ist ca. 12 cm groß und wird mit weiterem Zubehör geliefert."||||||||6 Jahre||||||||||||||Non-Organic||||"{'target_group': 'Grundschüler|Jugendliche|Erwachsene', 'Artikelnummer des Herstellers': 'JT2351', 'Altersempfehlung ab': '6 Jahre', 'Inhalt': '1 Stk.', 'Produkttyp': 'Sonstige Modelle'}"||||||||||||||0|0|2997795_1.png|https://static.mueller.de/pdzoom/JT2351.webp||||||||||||||||||||||JT2351||||||||||1 Stk.|||True||2997795P|||||||||10
2983144|mueller||||||||2024-10-28|ipuro Raumduft Classic Blanc|IPURO||240|ml|Home|Drogerie|Accessoires|Raumduft|ipuro Raumduft Classic Blanc|||24,99 €|24,99 €|||||||||||104,13 € / 1 l|||EUR|Home> Drogerie> Accessoires> Raumduft> ipuro Raumduft Classic Blanc|https://www.mueller.at/p/ipuro-raumduft-classic-blanc-IPN2983144/|240 ml|Elegante Geranie und kühle Minze verschmelzen mit cremigem Sandelholz. Ein Duft so frisch und rein wie warmer Sommerregen.||||||||||||||||||||||Non-Organic||||"{'target_group': 'Herren|Unisex|Damen', 'manufacturer': 'Gries Deco Company GmbH', 'Herstelleradresse': 'Boschstrasse 7, DE-63843 Niedernberg', 'Kontaktmöglichkeit': 'info@ipuro.com', 'fragrance_note': 'erfrischend', 'top_note': 'Minze, Bergamotte, Koriander, Limette', 'heart_note': 'Jasmin, Geranie', 'base_note': 'Sandelholz, Amber, Moschus', 'package_contents': 'LINALYL ACETATE, ACETYLCEDRENE, d,l-LIMONENE, LINALOOL,\nTETRAMETHYL ACETYLOCTAHYDRONAPHTHALENES', 'Inhalt': '240 ml', 'fragrance_effect': 'klar', 'Produkttyp': 'Airsticks'}"||||||||||||||0|0|2983144_1.png|https://static.mueller.de/pdzoom/4051281819061_1.webp|2983144_2.png|https://static.mueller.de/pdzoom/4051281819061.webp||||||||||||||||||||Gries Deco Company GmbH||||||||||240 ml|"LINALYL ACETATE, ACETYLCEDRENE, d,l-LIMONENE, LINALOOL,
TETRAMETHYL ACETYLOCTAHYDRONAPHTHALENES"||True||2983144P|||||||||10
2983145|mueller||||||||2024-10-28|Cha Cult Pyramidenbeutel im Sachet Grüner Tee|CHA CULT||1|Stk.|Home|Drogerie|Lebensmittel|Tee & Kaffee|Tee|Cha Cult Pyramidenbeutel im Sachet Grüner Tee||0,40 €|0,40 €||||||||||||||EUR|Home> Drogerie> Lebensmittel> Tee & Kaffee> Tee> Cha Cult Pyramidenbeutel im Sachet Grüner Tee|https://www.mueller.at/p/cha-cult-pyramidenbeutel-im-sachet-gruener-tee-IPN2983145/|1 Stk.|Grüner Tee China OP Jasmin||Kühl und trocken lagern|||Deutschland||||||{'Nährwerte je': '100ml', 'Brennwert': '12 kj / 2 kcal', 'Fett in g': '0,1', '- davon gesättigte Fettsäuren in g': '<0,1', 'Kohlenhydrate in g': '0,2', '- davon Zucker in g': '0,1', 'Eiweiß in g': '0,2', 'Salz in g': '<0,01'}|||||||||||Non-Organic||||"{'Lagerhinweis': 'Kühl und trocken lagern', 'manufacturer': 'Cha Cult GmbH', 'Herstelleradresse': 'Rungedamm 37, DE-21035 Hamburg', 'Kontaktmöglichkeit': 'info@chacult.eu', 'Herkunftsland': 'Deutschland', 'Inhalt': '1 Stk.', 'Eigenschaften': 'Glutenfrei|Laktosefrei|Ohne Zucker|Ohne Lezithin|Ohne Palmöl|Ohne Salz|Ohne Zuckerzusatz|Ohne Zusatz von Konservierungsstoffen|Ohne Getreide|Ohne Farbstoffe', 'Zutaten': 'grüner Tee, Jasminblüten', 'Produkttyp': 'Schwarz- & Grüntee', 'Zubereitungshinweis': '200ml sprudelnd  Wasser (75-80 °C) aufgießen, 1-3 Minuten ziehen lassen.'}"||||||||||||||0|0|2983145_1.png|https://static.mueller.de/pdzoom/4009636297927.webp||||||||||||||||||||||Cha Cult GmbH||||||||||1 Stk.|||True||2983145P|||||||||10
2983147|mueller||||||||2024-10-28|ipuro Raumduft Classic Cachemire|IPURO||240|ml|Home|Drogerie|Accessoires|Raumduft|ipuro Raumduft Classic Cachemire|||24,99 €|24,99 €|||||||||||104,13 € / 1 l|||EUR|Home> Drogerie> Accessoires> Raumduft> ipuro Raumduft Classic Cachemire|https://www.mueller.at/p/ipuro-raumduft-classic-cachemire-IPN2983147/|240 ml|Zarte Rose und würzige Johannisbeere schweben über edlem Zedernholz und kostbarem Amber. Eine warme Umarmung an kalten Tagen.||||||||||||||||||||||Non-Organic||||"{'target_group': 'Herren|Unisex|Damen', 'manufacturer': 'Gries Deco Company GmbH', 'Herstelleradresse': 'Boschstrasse 7, DE-63843 Niedernberg', 'Kontaktmöglichkeit': 'info@ipuro.com', 'fragrance_note': 'sinnlich', 'top_note': 'Schwarze Johannisbeere, Bergamotte', 'heart_note': 'Rose, Gardenie', 'base_note': 'Zedernholz, Vetiver, Amber', 'package_contents': 'HEXYL CINNAMAL, LINALOOL, ACETYLCEDRENE, TETRAMETHYL\nACETYLOCTAHYDRONAPHTHALENES, d,l-LIMONENE, BENZYL SALICYLATE, HYDROXYISOHEXYL\n3-CYCLOHEXENE CARBOXALDEHYDE, CITRONELLOL, METHYLENEDIOXYPHENYL\nMETHYLPROPANAL, LINALYL ACETATE', 'Inhalt': '240 ml', 'fragrance_effect': 'sanft', 'Produkttyp': 'Airsticks'}"||||||||||||||0|0|2983147_1.png|https://static.mueller.de/pdzoom/4051281819085_1.webp|2983147_2.png|https://static.mueller.de/pdzoom/4051281819085.webp||||||||||||||||||||Gries Deco Company GmbH||||||||||240 ml|"HEXYL CINNAMAL, LINALOOL, ACETYLCEDRENE, TETRAMETHYL
ACETYLOCTAHYDRONAPHTHALENES, d,l-LIMONENE, BENZYL SALICYLATE, HYDROXYISOHEXYL
3-CYCLOHEXENE CARBOXALDEHYDE, CITRONELLOL, METHYLENEDIOXYPHENYL
METHYLPROPANAL, LINALYL ACETATE"||True||2983147P|||||||||8
2983148|mueller||||||||2024-10-28|Cha Cult Pyramidenbeutel im Sachet Grüntee|CHA CULT||1|Stk.|Home|Drogerie|Lebensmittel|Tee & Kaffee|Tee|Cha Cult Pyramidenbeutel im Sachet Grüntee||0,40 €|0,40 €||||||||||||||EUR|Home> Drogerie> Lebensmittel> Tee & Kaffee> Tee> Cha Cult Pyramidenbeutel im Sachet Grüntee|https://www.mueller.at/p/cha-cult-pyramidenbeutel-im-sachet-gruentee-IPN2983148/|1 Stk.|Grüntee Sencha Sakura Kirsch-Note aromatisiert||Kühl und trocken lagern|||Deutschland||||||{'Nährwerte je': '100ml', 'Brennwert': '12 kj / 3 kcal', 'Fett in g': '0,1', '- davon gesättigte Fettsäuren in g': '<0,1', 'Kohlenhydrate in g': '0,3', '- davon Zucker in g': '0,1', 'Eiweiß in g': '0,2', 'Salz in g': '<0,01'}|||||||||||Non-Organic||||"{'Lagerhinweis': 'Kühl und trocken lagern', 'manufacturer': 'Cha Cult GmbH', 'Herstelleradresse': 'Rungedamm 37, DE-21035 Hamburg', 'Kontaktmöglichkeit': 'info@chacult.eu', 'Herkunftsland': 'Deutschland', 'Inhalt': '1 Stk.', 'Eigenschaften': 'Glutenfrei|Laktosefrei|Ohne Zucker|Ohne Lezithin|Ohne Palmöl|Ohne Salz|Ohne Zuckerzusatz|Ohne Zusatz von Konservierungsstoffen|Ohne Getreide|Ohne Farbstoffe', 'Zutaten': 'grüner Tee, Aroma, Rosenblüten', 'Produkttyp': 'Schwarz- & Grüntee', 'Zubereitungshinweis': '200ml sprudelnd  Wasser (75-80 °C) aufgießen, 1-3 Minuten ziehen lassen.'}"||||||||||||||0|0|2983148_1.png|https://static.mueller.de/pdzoom/4009636337654.webp||||||||||||||||||||||Cha Cult GmbH||||||||||1 Stk.|||True||2983148P|||||||||10
653157|mueller||||||||2024-10-28|Pinseletui klein für 10 Pinsel leer|||1|Stk.|Home|Schreibwaren|Bastelbedarf|Pinsel|Pinseletui klein für 10 Pinsel leer|||2,89 €|2,89 €||||||||||||||EUR|Home> Schreibwaren> Bastelbedarf> Pinsel> Pinseletui klein für 10 Pinsel leer|https://www.mueller.at/p/pinseletui-klein-fuer-10-pinsel-leer-653157/|1 Stk.|Reißverschluss-Etui aus strapazierfähigem Nyloncanvas. Geeignet für die Aufbewahrung von Pinseln.Maße: ca.23 x 23 x 1cmNyloncanvas - schwarz/grau mit Reißverschluss.Material: schwarzes Nyloncanvasmaterial||||||||||||||||||||||Non-Organic||||{'scope_of_delivery': 'Pinseletui klein leer,fuer 10 Pinsel', 'Inhalt': '1 Stk.', 'Produkttyp': 'Pinsel'}||||||||||||||3.0|1|653157_1.png|https://static.mueller.de/6485885257-PV-0/pdzoom/pinseletui-klein-fuer-10-pinsel-leer.webp|653157_2.png|https://static.mueller.de/6485885257-PB-1/pdzoom/pinseletui-klein-fuer-10-pinsel-leer.webp||||||||||||||||||||||||||||||1 Stk.|||True||653157P|||||||||20
2983142|mueller||||||||2024-10-28|ipuro Raumduft Classic Bergamote|IPURO||240|ml|Home|Drogerie|Accessoires|Raumduft|ipuro Raumduft Classic Bergamote|||24,99 €|24,99 €|||||||||||104,13 € / 1 l|||EUR|Home> Drogerie> Accessoires> Raumduft> ipuro Raumduft Classic Bergamote|https://www.mueller.at/p/ipuro-raumduft-classic-bergamote-IPN2983142/|240 ml|Genieße asiatische Frische mit grüner Limette und belebendem Zitronengras.||||||||||||||||||||||Non-Organic||||"{'target_group': 'Herren|Unisex|Damen', 'manufacturer': 'Gries Deco Company GmbH', 'Herstelleradresse': 'Boschstrasse 7, DE-63843 Niedernberg', 'Kontaktmöglichkeit': 'info@ipuro.com', 'fragrance_note': 'erfrischend', 'top_note': 'Limone, Litsea Cubeba', 'heart_note': 'Zitronengras', 'base_note': 'Rose', 'package_contents': 'CITRAL, GERANIOL, CITRONELLOL, CITRONELLAL, d,l-LIMONENE', 'Inhalt': '240 ml', 'fragrance_effect': 'klar', 'Produkttyp': 'Airsticks'}"||||||||||||||0|0|2983142_1.png|https://static.mueller.de/pdzoom/4051281819047_1.webp|2983142_2.png|https://static.mueller.de/pdzoom/4051281819047.webp||||||||||||||||||||Gries Deco Company GmbH||||||||||240 ml|CITRAL, GERANIOL, CITRONELLOL, CITRONELLAL, d,l-LIMONENE||False||2983142P|||||||||1
2997788|mueller||||||||2024-10-28|Warhammer 40k Actionfigur 1/18 Ultramarines Bladeguard Veteran Brother Sergeant Proximo 12 cm|JOYTOY||1|Stk.|Home|Spielwaren|Modellbau & Modelleisenbahn|Modellbau|Fahrzeuge|Warhammer 40k Actionfigur 1/18 Ultramarines Bladeguard Veteran Brother Sergeant Proximo 12 cm||54,99 €|54,99 €||||||||||||||EUR|Home> Spielwaren> Modellbau & Modelleisenbahn> Modellbau> Fahrzeuge> Warhammer 40k Actionfigur 1/18 Ultramarines Bladeguard Veteran Brother Sergeant Proximo 12 cm|https://www.mueller.at/p/warhammer-40k-actionfigur-1-18-ultramarines-bladeguard-veteran-brother-sergeant-proximo-12-cm-IPN2997788/|1 Stk.|"um Tabletop-Spiel ""Warhammer 40k"" kommt diese detailreiche, bewegliche Actionfigur. Sie ist ca. 12 cm groß und wird mit weiterem Zubehör geliefert."||||||||6 Jahre||||||||||||||Non-Organic||||"{'target_group': 'Grundschüler|Jugendliche|Erwachsene', 'Artikelnummer des Herstellers': 'JT2337', 'Altersempfehlung ab': '6 Jahre', 'Inhalt': '1 Stk.', 'Produkttyp': 'Sonstige Modelle'}"||||||||||||||0|0|2997788_1.png|https://static.mueller.de/pdzoom/JT2337.webp||||||||||||||||||||||JT2337||||||||||1 Stk.|||True||2997788P|||||||||10
2101663|mueller||||||||2024-10-28|Legend of Tarzan|||1|Stk.|Home|Multi-Media|Filme & TV|Action & Abenteuer|Legend of Tarzan|||7,99 €|7,99 €||||||||||||||EUR|Home> Multi-Media> Filme & TV> Action & Abenteuer> Legend of Tarzan|https://www.mueller.at/p/legend-of-tarzan-2101663/|1 Stk.|Vor Jahren hat der als Tarzan bekannte Brite (Skarsgård) den afrikanischen Dschungel verlassen, um als adliger John Clayton III, Lord Greystoke, mit seiner geliebten Frau Jane (Robbie) ein standesgemäßes Leben zu führen. Jetzt wird er vom Parlament als Sonderbotschafter für Handelsfragen zurück in den Kongo geschickt, ohne zu ahnen, dass er nur als Schachfigur in einem tödlichen Komplott aus Rache und Habgier dienen soll – eingefädelt hat es der Belgier Captain Leon Rom (Waltz). Andererseits begreifen auch die Drahtzieher dieses mörderischen Plans nicht im mindesten, welche Lawine sie damit ins Rollen bringen.||||||||||||||||||||||Non-Organic||||"{'medium': 'DVD', 'Untertitel': 'Französisch,Holländisch', 'manufacturer': 'Warner Bros (Universal Pictures)', 'Zusatzinfos / Bonusmaterial beim Film dabei': 'Der neue Tarzan;\nGabun auf der Leinwand;\nEngagement für die NGO ""STOP IVORY"";', 'Inhalt': '1 Stk.', 'Laufzeit in min (gesamt)': '105', 'Produktionsjahr': '2016', 'Produktionsland': 'USA', 'Regisseur': 'David Yates', 'Schauspieler': 'Margot Robbie,Samuel L. Jackson,Djimon Hounsou,John Hurt,Jim Broadbent,Christoph Waltz,Alexander Skarsgard', 'Special Edition': 'Nein', 'Tonformat-Sprache': 'Deutsch,Englisch,Französisch,Italienisch', 'Untertitel für Gehörlose': 'Deutsch,Englisch,Italienisch', 'packaging_type': 'Softbox', 'Hauptgenre': 'Abenteuer'}"||||||||||||||0|0|2101663_1.png|https://static.mueller.de/videojakob_5051890302441_pv_499420/pdzoom/legend-of-tarzan.webp|2101663_2.png|https://static.mueller.de/pdzoom/videojakob_5051890302441_pr_499420-back.webp|2101663_3.png|https://static.mueller.de/videojakob_5051890302441_pd_39113438/pdzoom/legend-of-tarzan.webp|2101663_4.png|https://static.mueller.de/videojakob_5051890302441_pd_39114453/pdzoom/legend-of-tarzan.webp|2101663_5.png|https://static.mueller.de/videojakob_5051890302441_pd_66711507/pdzoom/legend-of-tarzan.webp|2101663_6.png|https://static.mueller.de/videojakob_5051890302441_pd_66713242/pdzoom/legend-of-tarzan.webp||||||||||||Warner Bros (Universal Pictures)||||||||||1 Stk.|||True||2101663P|||||||||5
2997781|mueller||||||||2024-10-28|LANCÔME Hypnose Drama Mascara|LANCOME||6.5|ml|Home|Parfümerie|Make-up|Augen|Mascara|LANCÔME Hypnose Drama Mascara||36,95 €|36,95 €||||||||||||||EUR|Home> Parfümerie> Make-up> Augen> Mascara> LANCÔME Hypnose Drama Mascara|https://www.mueller.at/p/lancome-hypnose-drama-mascara-IPN2997781/|6.5 ml|Sorge für extremes und ultra-dramatisches Volumen mit der Hypnôse Drama Mascara von Lancôme. Die hypnotisierende Formel bietet Dir bis zu 17x mehr Volumen für Deine Wimpern und macht die Mascara so zur volumenstärksten Mascara aller Zeiten von Lancôme. Dazu enthält die Formel einen zweiprozentigen Bonding-Komplex, welcher die Wimpern mit Pflege umschließt. Das ikonische S-förmige Bürstchen erfasst jede Wimper vom Ansatz bis in die Spitzen und sorgt so für einen dramatischen und aufregenden Augenaufschlag. Die Hypnôse Drama Volumenmascara: • verleiht den Wimpern bis zu 17x mehr Volumen • pflegt dank zweiprozentigem Bonding-Komplex • enthält Onyx-Pigmente für eine tiefschwarze Intensität||||||||||||||||||||||Non-Organic||||"{'consistency': 'Kompakt', 'Effekt': 'Volumen', 'target_group': 'Damen|Herren|Unisex', 'manufacturer': ""L'Oréal Deutschland GmbH"", 'Herstelleradresse': 'Johannstrasse 1, 40476 Düsseldorf', 'Kontaktmöglichkeit': 'service@lancome.de', 'Anwendungshinweis': 'Die Hypnôse Drama Volumenmascara am oberen und unteren Wimpernkranz ansetzen und mit leichten Zickzack-Bewegungen bis in die Spitzen durchziehen, sodass alle Wimpern gleichmäßig umhüllt werden können. Für noch mehr Volumen, die Anwendung wiederholen.', 'package_contents': '768917 2 - INGREDIENTS: AQUA / WATER / EAU • PARAFFIN • POTASSIUM CETYL PHOSPHATE • CI 77499 / IRON OXIDES • CERA ALBA / BEESWAX / CIRE DABEILLE • COPERNICIA CERIFERA CERA / CARNAUBA WAX / CIRE DE CARNAUBA • ACACIA SENEGAL GUM • CETYL ALCOHOL • GLYCERIN • ROSA CENTIFOLIA FLOWER EXTRACT • ROSA HYBRID FLOWER EXTRACT • STEARETH-20 • PEG/PPG-17/18 DIMETHICONE • SODIUM POLYMETHACRYLATE • ARGININE • SERINE • PHENETHYL ALCOHOL • DISODIUM EDTA • HYDROGENATED JOJOBA OIL • HYDROGENATED PALM OIL • HYDROLYZED CORN PROTEIN • HYDROLYZED SOY PROTEIN • HYDROLYZED WHEAT PROTEIN • HYDROXYETHYLCELLULOSE • CITRIC ACID • PANTHENOL • GLUTAMIC ACID • POLYQUATERNIUM-10 • BHT • POTASSIUM SORBATE • SODIUM BENZOATE • PHENOXYETHANOL (F.I.L. N70036307/1).', 'Farbnummer': '01', 'Farbe': 'Excessive Black', 'Deckkraft': 'hoch', 'Inhalt': '6.5 ml', 'scope_of_application': 'Augen', 'Produkttyp': 'Wimperntusche'}"||||||Excessive Black||||||||4.3333|3|2997781_1.png|https://static.mueller.de/pdzoom/3614273987714_1_11062024.webp|2997781_2.png|https://static.mueller.de/pdzoom/3614273987714_7_11062024.webp|2997781_3.png|https://static.mueller.de/pdzoom/3614273987714_5_11062024.webp|2997781_4.png|https://static.mueller.de/pdzoom/3614273987714_3_11062024.webp|2997781_5.png|https://static.mueller.de/pdzoom/3614273987714_6_11062024.webp|2997781_6.png|https://static.mueller.de/pdzoom/3614273987714_2_11062024.webp||||||||||||L'Oréal Deutschland GmbH||||||||||6.5 ml|768917 2 - INGREDIENTS: AQUA / WATER / EAU • PARAFFIN • POTASSIUM CETYL PHOSPHATE • CI 77499 / IRON OXIDES • CERA ALBA / BEESWAX / CIRE DABEILLE • COPERNICIA CERIFERA CERA / CARNAUBA WAX / CIRE DE CARNAUBA • ACACIA SENEGAL GUM • CETYL ALCOHOL • GLYCERIN • ROSA CENTIFOLIA FLOWER EXTRACT • ROSA HYBRID FLOWER EXTRACT • STEARETH-20 • PEG/PPG-17/18 DIMETHICONE • SODIUM POLYMETHACRYLATE • ARGININE • SERINE • PHENETHYL ALCOHOL • DISODIUM EDTA • HYDROGENATED JOJOBA OIL • HYDROGENATED PALM OIL • HYDROLYZED CORN PROTEIN • HYDROLYZED SOY PROTEIN • HYDROLYZED WHEAT PROTEIN • HYDROXYETHYLCELLULOSE • CITRIC ACID • PANTHENOL • GLUTAMIC ACID • POLYQUATERNIUM-10 • BHT • POTASSIUM SORBATE • SODIUM BENZOATE • PHENOXYETHANOL (F.I.L. N70036307/1).||True||2997781P|||||||||3
2997782|mueller||||||||2024-10-28|LANCÔME Hypnôse Ardent Drama Lidschattenpalette|LANCOME||4|g|Home|Parfümerie|Make-up|Augen|Lidschatten|LANCÔME Hypnôse Ardent Drama Lidschattenpalette||55,95 €|55,95 €||||||||||||||EUR|Home> Parfümerie> Make-up> Augen> Lidschatten> LANCÔME Hypnôse Ardent Drama Lidschattenpalette|https://www.mueller.at/p/lancome-hypnose-ardent-drama-lidschattenpalette-IPN2997782/|4 g|Lancôme präsentiert mit der Hypnôse Palette eine Lidschatten-Palette für jeden Anlass! Auf Sie warten attraktive Farbtöne, um ganz einfach vielfältige und umwerfende Augen-Make-ups zu kreieren – von natürlichen bis hin zu dramatischen Looks. Diese Hypnôse Reihe umfasst 10 verschiedene Lidschatten-Paletten für unbegrenzte Kombinationsmöglichkeiten. In einem hochwertigen Etui geschützt, befinden sich jeweils 5 aufeinander abgestimmte Nuancen. Die überarbeitete Formel ermöglicht dank ihrer besonders geschmeidig cremigen Konsistenz einen mühelosen Auftrag. Für eine satte, gleichmäßige Farbintensität! Zaubern Sie sich mit der Hypnôse Palette ein Augen-Make-up, das bis zu 12 Stunden lang anhält.||||||||||||||||||||||Non-Organic||||"{'consistency': 'Puder', 'Effekt': 'langanhaltend|langer Halt|farbintensiv', 'target_group': 'Damen|Herren|Unisex', 'manufacturer': 'L’Oréal Deutschland GmbH', 'Herstelleradresse': 'Johannstrasse 1, 40476 Düsseldorf', 'Anwendungshinweis': 'Zur Anwendung des Lidschattens mit dem Schwamm-Applikator die Textur erfassen und setzt sie auf dem beweglichen Augenlid freisetzen. Der Naturhaarpinsel ist dafür gedachtden Lidschatten zu verblenden und die Intensität der Farbe auf dem Lid abzuschwächen. Er eignet sich außerdem dafür, Konturen zu modellieren und Übergänge weich zu verblenden.', 'package_contents': '965930 01 - INGREDIENTS:  CI 77499 / IRON OXIDES • C12-15 ALKYL BENZOATE • MICA • PERLITE • DIMETHICONE • LAUROYL LYSINE • HYDROGENATED POLYISOBUTENE • BORON NITRIDE • CI 75470 / CARMINE • CALCIUM ALUMINUM BOROSILICATE • CI 77891 / TITANIUM DIOXIDE • SILICA • SORBITAN ISOSTEARATE • ISODODECANE • HYDROGENATED STYRENE/BUTADIENE COPOLYMER • CAPRYLYL GLYCOL • TOCOPHEROL • TRIS-BHT MESITYLENE (F.I.L. T70030773/1). 965931 06 - INGREDIENTS:  PERLITE • CI 77491 / IRON OXIDES • C12-15 ALKYL BENZOATE • CI 77499 / IRON OXIDES • DIMETHICONE • LAUROYL LYSINE • HYDROGENATED POLYISOBUTENE • CI 75470 / CARMINE • SILICA • BORON NITRIDE • CI 77492 / IRON OXIDES • CALCIUM ALUMINUM BOROSILICATE • MAGNESIUM STEARATE • SORBITAN ISOSTEARATE • ISODODECANE • HYDROGENATED STYRENE/BUTADIENE COPOLYMER • CAPRYLYL GLYCOL • TOCOPHEROL • TRIS-BHT MESITYLENE • CI 77891 / TITANIUM DIOXIDE (F.I.L. T70030774/1). 965932 04 - INGREDIENTS:  PERLITE • CI 75470 / CARMINE • DIMETHICONE • SYNTHETIC FLUORPHLOGOPITE • C12-15 ALKYL BENZOATE • LAUROYL LYSINE • HYDROGENATED POLYISOBUTENE • CI 19140 / YELLOW 5 LAKE • SILICA • BORON NITRIDE • CALCIUM ALUMINUM BOROSILICATE • MAGNESIUM STEARATE • CI 77491 / IRON OXIDES • SORBITAN ISOSTEARATE • ISODODECANE • HYDROGENATED STYRENE/BUTADIENE COPOLYMER • CAPRYLYL GLYCOL • MALTODEXTRIN • TOCOPHEROL • TRIS-BHT MESITYLENE • CI 77891 / TITANIUM DIOXIDE (F.I.L. T70030775/1). 965933 04 - INGREDIENTS:  PERLITE • CI 77491 / IRON OXIDES • C12-15 ALKYL BENZOATE • DIMETHICONE • CI 75470 / CARMINE • LAUROYL LYSINE • SYNTHETIC FLUORPHLOGOPITE • HYDROGENATED POLYISOBUTENE • CI 19140 / YELLOW 5 LAKE • CI 77492 / IRON OXIDES • SILICA • BORON NITRIDE • CALCIUM ALUMINUM BOROSILICATE • MAGNESIUM STEARATE • SORBITAN ISOSTEARATE • ISODODECANE • HYDROGENATED STYRENE/BUTADIENE COPOLYMER • CAPRYLYL GLYCOL • TOCOPHEROL • TRIS-BHT MESITYLENE • CI 77499 / IRON OXIDES (F.I.L. T70030776/1). 965934 04 - INGREDIENTS:  PERLITE • C12-15 ALKYL BENZOATE • CI 77492 / IRON OXIDES • CI 77891 / TITANIUM DIOXIDE • SYNTHETIC FLUORPHLOGOPITE • CI 77491 / IRON OXIDES • HYDROGENATED POLYISOBUTENE • DIMETHICONE • LAUROYL LYSINE • SILICA • BORON NITRIDE • CALCIUM ALUMINUM BOROSILICATE • MAGNESIUM STEARATE • CI 77499 / IRON OXIDES • HYDROGENATED STYRENE/BUTADIENE COPOLYMER • SORBITAN ISOSTEARATE • ISODODECANE • CAPRYLYL GLYCOL • TOCOPHEROL • TRIS-BHT MESITYLENE (F.I.L. T70030777/1).', 'Farbnummer': '19', 'Farbe': 'rot, braun, schwarz', 'Deckkraft': 'hoch', 'Inhalt': '4 g', 'scope_of_application': 'Augen', 'Produkttyp': 'Lidschatten'}"||||||rot, braun, schwarz||||||||0|0|2997782_1.png|https://static.mueller.de/pdzoom/3614274097207_1.webp|2997782_2.png|https://static.mueller.de/pdzoom/3614274097207_4.webp|2997782_3.png|https://static.mueller.de/pdzoom/3614274097207_3.webp||||||||||||||||||L’Oréal Deutschland GmbH||||||||||4 g|965930 01 - INGREDIENTS:  CI 77499 / IRON OXIDES • C12-15 ALKYL BENZOATE • MICA • PERLITE • DIMETHICONE • LAUROYL LYSINE • HYDROGENATED POLYISOBUTENE • BORON NITRIDE • CI 75470 / CARMINE • CALCIUM ALUMINUM BOROSILICATE • CI 77891 / TITANIUM DIOXIDE • SILICA • SORBITAN ISOSTEARATE • ISODODECANE • HYDROGENATED STYRENE/BUTADIENE COPOLYMER • CAPRYLYL GLYCOL • TOCOPHEROL • TRIS-BHT MESITYLENE (F.I.L. T70030773/1). 965931 06 - INGREDIENTS:  PERLITE • CI 77491 / IRON OXIDES • C12-15 ALKYL BENZOATE • CI 77499 / IRON OXIDES • DIMETHICONE • LAUROYL LYSINE • HYDROGENATED POLYISOBUTENE • CI 75470 / CARMINE • SILICA • BORON NITRIDE • CI 77492 / IRON OXIDES • CALCIUM ALUMINUM BOROSILICATE • MAGNESIUM STEARATE • SORBITAN ISOSTEARATE • ISODODECANE • HYDROGENATED STYRENE/BUTADIENE COPOLYMER • CAPRYLYL GLYCOL • TOCOPHEROL • TRIS-BHT MESITYLENE • CI 77891 / TITANIUM DIOXIDE (F.I.L. T70030774/1). 965932 04 - INGREDIENTS:  PERLITE • CI 75470 / CARMINE • DIMETHICONE • SYNTHETIC FLUORPHLOGOPITE • C12-15 ALKYL BENZOATE • LAUROYL LYSINE • HYDROGENATED POLYISOBUTENE • CI 19140 / YELLOW 5 LAKE • SILICA • BORON NITRIDE • CALCIUM ALUMINUM BOROSILICATE • MAGNESIUM STEARATE • CI 77491 / IRON OXIDES • SORBITAN ISOSTEARATE • ISODODECANE • HYDROGENATED STYRENE/BUTADIENE COPOLYMER • CAPRYLYL GLYCOL • MALTODEXTRIN • TOCOPHEROL • TRIS-BHT MESITYLENE • CI 77891 / TITANIUM DIOXIDE (F.I.L. T70030775/1). 965933 04 - INGREDIENTS:  PERLITE • CI 77491 / IRON OXIDES • C12-15 ALKYL BENZOATE • DIMETHICONE • CI 75470 / CARMINE • LAUROYL LYSINE • SYNTHETIC FLUORPHLOGOPITE • HYDROGENATED POLYISOBUTENE • CI 19140 / YELLOW 5 LAKE • CI 77492 / IRON OXIDES • SILICA • BORON NITRIDE • CALCIUM ALUMINUM BOROSILICATE • MAGNESIUM STEARATE • SORBITAN ISOSTEARATE • ISODODECANE • HYDROGENATED STYRENE/BUTADIENE COPOLYMER • CAPRYLYL GLYCOL • TOCOPHEROL • TRIS-BHT MESITYLENE • CI 77499 / IRON OXIDES (F.I.L. T70030776/1). 965934 04 - INGREDIENTS:  PERLITE • C12-15 ALKYL BENZOATE • CI 77492 / IRON OXIDES • CI 77891 / TITANIUM DIOXIDE • SYNTHETIC FLUORPHLOGOPITE • CI 77491 / IRON OXIDES • HYDROGENATED POLYISOBUTENE • DIMETHICONE • LAUROYL LYSINE • SILICA • BORON NITRIDE • CALCIUM ALUMINUM BOROSILICATE • MAGNESIUM STEARATE • CI 77499 / IRON OXIDES • HYDROGENATED STYRENE/BUTADIENE COPOLYMER • SORBITAN ISOSTEARATE • ISODODECANE • CAPRYLYL GLYCOL • TOCOPHEROL • TRIS-BHT MESITYLENE (F.I.L. T70030777/1).||True||2997782P|||||||||3
2997784|mueller||||||||2024-10-28|Trolli Super Kick|TROLLI||75|g|Home|Drogerie|Lebensmittel|Süßigkeiten|Fruchtgummi|Trolli Super Kick||1,49 €|1,49 €|||||||||||19,87 € / 1 kg|||EUR|Home> Drogerie> Lebensmittel> Süßigkeiten> Fruchtgummi> Trolli Super Kick|https://www.mueller.at/p/trolli-super-kick-IPN2997784/|75 g|Schaumzuckerbonbon in Form eines 3D-Fußballs mit flüssiger saurer Apfelfüllung und weißem Schaum mit Apfel-Birnen-Geschmack, einzeln verpackt in einer Blisterpackung mit Fußballdesign|||||Spanien||||||{'Nährwerte je': '100g', 'Brennwert': '1345 kj / 316 kcal', 'Fett in g': '0,2', '- davon gesättigte Fettsäuren in g': '0,2', 'Kohlenhydrate in g': '72', '- davon Zucker in g': '56', 'Ballaststoffe in g': '0,2', 'Eiweiß in g': '4,0', 'Salz in g': '0,20'}|||||||||||Non-Organic||||"{'manufacturer': 'Trolli GmbH', 'Herstelleradresse': 'Oststr. 94, DE-90763 Fürth', 'Kontaktmöglichkeit': 'info@trolli.de', 'Herkunftsland': 'Spanien', 'Inhalt': '75 g', 'Eigenschaften': 'Laktosefrei|Glutenfrei', 'Zutaten': 'Glukosesirup; Zucker; Dextrose; Gelatine; Säuerungsmittel: Citronensäure; Aromen; Farbstoff: Brillantblau FCF, Beta-Carotin; Überzugsmittel: Bienenwachs, weiß und gelb.', 'Produkttyp': 'Frucht- & Weingummi'}"||||||||||||||0|0|2997784_1.png|https://static.mueller.de/pdzoom/4000512365075.webp|2997784_2.png|https://static.mueller.de/pdzoom/4000512365075_1.webp||||||||||||||||||||Trolli GmbH||||||||||75 g|||False||2997784P|||||||||1
2983157|mueller||||||||2024-10-28|ipuro Raumduft Classic Cuir|IPURO||240|ml|Home|Drogerie|Accessoires|Raumduft|ipuro Raumduft Classic Cuir|||24,99 €|24,99 €|||||||||||104,13 € / 1 l|||EUR|Home> Drogerie> Accessoires> Raumduft> ipuro Raumduft Classic Cuir|https://www.mueller.at/p/ipuro-raumduft-classic-cuir-IPN2983157/|240 ml|Spritzige Zitrusnoten treffen auf cremige Vanille, warmes Leder und dunkle Hölzer. Ein Duft wie eine sinnliche Berührung, wie ein Feuerwerk an Gefühlen.||||||||||||||||||||||Non-Organic||||"{'target_group': 'Herren|Unisex|Damen', 'manufacturer': 'Gries Deco Company GmbH', 'Herstelleradresse': 'Boschstrasse 7, DE-63843 Niedernberg', 'Kontaktmöglichkeit': 'info@ipuro.com', 'fragrance_note': 'sinnlich', 'top_note': 'Heliotrop, Zitrusnoten', 'heart_note': 'Leder', 'base_note': 'Vanille, Zedernholz, Cumarin', 'package_contents': 'TETRAMETHYL ACETYLOCTAHYDRONAPHTHALENES,\nTRIMETHYL-PROPYLCYCLOHEXANEPROPANOL, ISOLONGIFOLANONE, DIHYDRO\nPENTAMETHYLINDANONE', 'Inhalt': '240 ml', 'fragrance_effect': 'sinnlich', 'Produkttyp': 'Airsticks'}"||||||||||||||5.0|1|2983157_1.png|https://static.mueller.de/pdzoom/4051281819108_1.webp|2983157_2.png|https://static.mueller.de/pdzoom/4051281819108.webp||||||||||||||||||||Gries Deco Company GmbH||||||||||240 ml|"TETRAMETHYL ACETYLOCTAHYDRONAPHTHALENES,
TRIMETHYL-PROPYLCYCLOHEXANEPROPANOL, ISOLONGIFOLANONE, DIHYDRO
PENTAMETHYLINDANONE"||True||2983157P|||||||||2
2983158|mueller||||||||2024-10-28|Cha Cult Pyramidenbeutel im Sachet Früchteteemischung|CHA CULT||1|Stk.|Home|Drogerie|Lebensmittel|Tee & Kaffee|Tee|Cha Cult Pyramidenbeutel im Sachet Früchteteemischung||0,40 €|0,40 €||||||||||||||EUR|Home> Drogerie> Lebensmittel> Tee & Kaffee> Tee> Cha Cult Pyramidenbeutel im Sachet Früchteteemischung|https://www.mueller.at/p/cha-cult-pyramidenbeutel-im-sachet-fruechteteemischung-IPN2983158/|1 Stk.|Früchteteemischung Bora Bora  Erdbeer-Mango-Note aromatisiert||Kühl und trocken lagern|||Deutschland||||||{'Nährwerte je': '100ml', 'Brennwert': '25 kj / 6 kcal', 'Fett in g': '0,1', '- davon gesättigte Fettsäuren in g': '<0,1', 'Kohlenhydrate in g': '1,2', '- davon Zucker in g': '0,9', 'Eiweiß in g': '0,1', 'Salz in g': '<0,01'}|||||||||||Non-Organic||||"{'Lagerhinweis': 'Kühl und trocken lagern', 'manufacturer': 'Cha Cult GmbH', 'Herstelleradresse': 'Rungedamm 37, DE-21035 Hamburg', 'Kontaktmöglichkeit': 'info@chacult.eu', 'Herkunftsland': 'Deutschland', 'Inhalt': '1 Stk.', 'Eigenschaften': 'Glutenfrei|Laktosefrei|Ohne Lezithin|Ohne Palmöl|Ohne Salz|Ohne Farbstoffe', 'Zutaten': 'Hibiskusblüten, Apfelstücke, Papayawürfel (Papaya, Zucker), Fliederbeeren, Fliederbeeren, Aroma, gefr.-getr. Himbeerstücke, gefr.-getr. Erdbeerstücke, Sonnenblumenblüten, blaue Kornblumenblüten. Wichtig: Immer mit sprudelnd kochendem Wasser aufgießen, mindestens 5-10 Minuten ziehen lassen! Nur so erhalten Sie ein sicheres Lebensmittel', 'Produkttyp': 'Früchtetee', 'Zubereitungshinweis': '200ml sprudelnd kochendem Wasser aufgießen, mindestens 5-10 Minuten ziehen lassen.'}"||||||||||||||0|0|2983158_1.png|https://static.mueller.de/pdzoom/4009636337869.webp||||||||||||||||||||||Cha Cult GmbH||||||||||1 Stk.|||True||2983158P|||||||||10
2983150|mueller||||||||2024-10-28|Cha Cult Pyramidenbeutel im Sachet Grün-Weiße Teemischung|CHA CULT||1|Stk.|Home|Drogerie|Lebensmittel|Tee & Kaffee|Tee|Cha Cult Pyramidenbeutel im Sachet Grün-Weiße Teemischung||0,40 €|0,40 €||||||||||||||EUR|Home> Drogerie> Lebensmittel> Tee & Kaffee> Tee> Cha Cult Pyramidenbeutel im Sachet Grün-Weiße Teemischung|https://www.mueller.at/p/cha-cult-pyramidenbeutel-im-sachet-gruen-weisse-teemischung-IPN2983150/|1 Stk.|Weiß-/Grünteemischung Engelskuss Maracuja-Note aromatisiert||Kühl und trocken lagern|||Deutschland||||||{'Nährwerte je': '100ml', 'Brennwert': '13 kj / 3 kcal', 'Fett in g': '0,1', '- davon gesättigte Fettsäuren in g': '<0,1', 'Kohlenhydrate in g': '0,3', '- davon Zucker in g': '0,1', 'Eiweiß in g': '0,2', 'Salz in g': '<0,01'}|||||||||||Non-Organic||||"{'Lagerhinweis': 'Kühl und trocken lagern', 'manufacturer': 'Cha Cult GmbH', 'Herstelleradresse': 'Rungedamm 37, DE-21035 Hamburg', 'Kontaktmöglichkeit': 'info@chacult.eu', 'Herkunftsland': 'Deutschland', 'Inhalt': '1 Stk.', 'Eigenschaften': 'Glutenfrei|Laktosefrei|Ohne Lezithin|Ohne Palmöl|Ohne Salz|Ohne Getreide|Ohne Farbstoffe', 'Zutaten': 'grüner Tee (70 %) Sencha, weißer Tee (16 %) Pai Mu Tan, Papayawürfel (Papaya, Zucker), Papayawürfel (Papaya, Zucker), Aroma, Rosenblüten, gefr.-getr. Erdbeerstücke', 'Produkttyp': 'Schwarz- & Grüntee', 'Zubereitungshinweis': '200ml sprudelnd kochendem Wasser aufgießen, 2-3Minuten ziehen lassen.'}"||||||||||||||0|0|2983150_1.png|https://static.mueller.de/pdzoom/4009636305349.webp||||||||||||||||||||||Cha Cult GmbH||||||||||1 Stk.|||True||2983150P|||||||||10
2983154|mueller||||||||2024-10-28|Cha Cult Pyramidenbeutel im Sachet Schwarz-/ Grünteemischung|CHA CULT||1|Stk.|Home|Drogerie|Lebensmittel|Tee & Kaffee|Tee|Cha Cult Pyramidenbeutel im Sachet Schwarz-/ Grünteemischung||0,40 €|0,40 €||||||||||||||EUR|Home> Drogerie> Lebensmittel> Tee & Kaffee> Tee> Cha Cult Pyramidenbeutel im Sachet Schwarz-/ Grünteemischung|https://www.mueller.at/p/cha-cult-pyramidenbeutel-im-sachet-schwarz-gruenteemischung-IPN2983154/|1 Stk.|Grüntee Sencha Sakura Kirsch-Note aromatisiert||Kühl und trocken lagern|||Deutschland||||||{'Nährwerte je': '100ml', 'Brennwert': '12 kj / 3 kcal', 'Fett in g': '0,1', '- davon gesättigte Fettsäuren in g': '<0,1', 'Kohlenhydrate in g': '0,3', '- davon Zucker in g': '0,1', 'Eiweiß in g': '0,2', 'Salz in g': '<0,01'}|||||||||||Non-Organic||||"{'Lagerhinweis': 'Kühl und trocken lagern', 'manufacturer': 'Cha Cult GmbH', 'Herstelleradresse': 'Rungedamm 37, DE-21035 Hamburg', 'Kontaktmöglichkeit': 'info@chacult.eu', 'Herkunftsland': 'Deutschland', 'Inhalt': '1 Stk.', 'Eigenschaften': 'Glutenfrei|Laktosefrei|Ohne Zucker|Ohne Lezithin|Ohne Palmöl|Ohne Salz|Ohne Zuckerzusatz|Ohne Zusatz von Konservierungsstoffen|Ohne Getreide|Ohne Farbstoffe', 'Zutaten': 'grüner Tee, Aroma, Rosenblüten', 'Produkttyp': 'Schwarz- & Grüntee', 'Zubereitungshinweis': '200ml sprudelnd  Wasser (75-80 °C) aufgießen, 1-3 Minuten ziehen lassen.'}"||||||||||||||0|0|2983154_1.png|https://static.mueller.de/pdzoom/4009636305318.webp||||||||||||||||||||||Cha Cult GmbH||||||||||1 Stk.|||True||2983154P|||||||||10
2811886|mueller||||||||2024-10-28|Terra Naturi Highlighter Palette|TERRA NATURI||9|g|Home|Parfümerie|Make-up|Teint|Puder|Terra Naturi Highlighter Palette||3,95 €|3,95 €||||||||||||||EUR|Home> Parfümerie> Make-up> Teint> Puder> Terra Naturi Highlighter Palette|https://www.mueller.at/p/terra-naturi-highlighter-palette-2811886/|9 g|Die Terra Naturi Highlighter Palette enthält schimmernde Farben die das Gesicht zum Strahlen bringen. Für leuchtende Akzente, individuelle Looks und umwerfende Glow-Trends!||||||||||||||||||||||Non-Organic||||{'manufacturer': 'INTERCO Cosmetics GmbH', 'Herstelleradresse': 'Biebricher Allee 36, DE-65187 Wiesbaden', 'Anwendungshinweis': 'Die Highlighter Farben können einzeln oder übereinander aufgetragen und übergangslos verblendet werden.', 'package_contents': 'Terra Naturi Highlighter Palette 01 Glow Bright  Farbe 01 Glow Girl Ingredients: MICA, CAPRYLIC/CAPRIC TRIGLYCERIDE, COPERNICIA CERIFERA CERA, MACADAMIA INTEGRIFOLIA/TETRAPHYLLA SEED OIL, SIMMONDSIA CHINENSIS SEED OIL, MAGNOLIA OFFICINALIS BARK EXTRACT, TIN OXIDE, TOCOPHEROL, TALC, HELIANTHUS ANNUUS SEED OIL, CI 77891, CI 77491.  Farbe 02 More Than Glow Ingredients: MICA, CAPRYLIC/CAPRIC TRIGLYCERIDE, COPERNICIA CERIFERA CERA, MACADAMIA INTEGRIFOLIA/TETRAPHYLLA SEED OIL, SIMMONDSIA CHINENSIS SEED OIL, MAGNOLIA OFFICINALIS BARK EXTRACT, TIN OXIDE, TOCOPHEROL, HELIANTHUS ANNUUS SEED OIL, CI 77891, CI 77492,  CI 77491.  Farbe 03 Glow Glow Glow Ingredients: MICA, CAPRYLIC/CAPRIC TRIGLYCERIDE, COPERNICIA CERIFERA CERA, MACADAMIA INTEGRIFOLIA/TETRAPHYLLA SEED OIL, SIMMONDSIA CHINENSIS SEED OIL, TALC, MAGNOLIA OFFICINALIS BARK EXTRACT, TIN OXIDE, TOCOPHEROL, HELIANTHUS ANNUUS SEED OIL, CI 77891,  CI 77491, CI 77492.', 'Farbnummer': '1', 'Farbe': 'Glow Bright', 'Inhalt': '9 g', 'scope_of_application': 'Gesicht', 'Produktart': 'Highlighter', 'Produkttyp': 'Highlighter'}||||||Glow Bright||||||||4.0|1|2811886_1.png|https://static.mueller.de/pdzoom/2200281188628_2.webp|2811886_2.png|https://static.mueller.de/pdzoom/2200281188628_2811886_2.webp|2811886_3.png|https://static.mueller.de/pdzoom/2200281188628_1.webp|2811886_4.png|https://static.mueller.de/pdzoom/2200281188628_2811886.webp||||||||||||||||INTERCO Cosmetics GmbH||||||||||9 g|Terra Naturi Highlighter Palette 01 Glow Bright  Farbe 01 Glow Girl Ingredients: MICA, CAPRYLIC/CAPRIC TRIGLYCERIDE, COPERNICIA CERIFERA CERA, MACADAMIA INTEGRIFOLIA/TETRAPHYLLA SEED OIL, SIMMONDSIA CHINENSIS SEED OIL, MAGNOLIA OFFICINALIS BARK EXTRACT, TIN OXIDE, TOCOPHEROL, TALC, HELIANTHUS ANNUUS SEED OIL, CI 77891, CI 77491.  Farbe 02 More Than Glow Ingredients: MICA, CAPRYLIC/CAPRIC TRIGLYCERIDE, COPERNICIA CERIFERA CERA, MACADAMIA INTEGRIFOLIA/TETRAPHYLLA SEED OIL, SIMMONDSIA CHINENSIS SEED OIL, MAGNOLIA OFFICINALIS BARK EXTRACT, TIN OXIDE, TOCOPHEROL, HELIANTHUS ANNUUS SEED OIL, CI 77891, CI 77492,  CI 77491.  Farbe 03 Glow Glow Glow Ingredients: MICA, CAPRYLIC/CAPRIC TRIGLYCERIDE, COPERNICIA CERIFERA CERA, MACADAMIA INTEGRIFOLIA/TETRAPHYLLA SEED OIL, SIMMONDSIA CHINENSIS SEED OIL, TALC, MAGNOLIA OFFICINALIS BARK EXTRACT, TIN OXIDE, TOCOPHEROL, HELIANTHUS ANNUUS SEED OIL, CI 77891,  CI 77491, CI 77492.||True||2811886P|||||||||10
2811889|mueller||||||||2024-10-28|Terra Naturi Augenbrauenstift|TERRA NATURI||0.3|g|Home|Parfümerie|Make-up|Augen|Augenbrauenfarbe|Terra Naturi Augenbrauenstift||2,95 €|2,95 €||||||||||||||EUR|Home> Parfümerie> Make-up> Augen> Augenbrauenfarbe> Terra Naturi Augenbrauenstift|https://www.mueller.at/p/terra-naturi-augenbrauenstift-2811888/|0.3 g|Die Formulierung lässt sich gleichmäßig auftragen und hinterlässt ein seidiges Finish. Die Augenbrauen werden leicht gefärbt und wirken so besonders natürlich und aufgefüllt.||||||||||||||||||||||Non-Organic||||{'Augenärztlich getestet': 'Ja', 'manufacturer': 'Premium Cosmetics GmbH', 'Herstelleradresse': 'Schillerstraße 21, DE-73054 Eislingen/Fils', 'dermatologically_tested': 'Ja', 'package_contents': 'Mica, Candelilla Cera, Hydroxystearic/Linolenic/Oleic Polyglycerides, C10-18 Triglycerides, Dodecane, Copernicia Cerifera Cera, Hydrogenated Vegetable Oil, Oleic/Linoleic/Linolenic Polyglycerides, Helianthus Annuus Seed Cera, Caprylic/Capric Triglyceride, Olea Europaea Oil Unsaponifiables, Rhus Verniciflua Peel Cera, Shorea Robusta Resin, Tocopherol, Sorbitan Tristearate, Octyldodecanol, Helianthus Annuus Seed Oil, Alumina, Magnesium Oxide, Benzyl Alcohol, CI 77491, CI 77492, CI 77499, CI 77891.', 'Farbnummer': '02', 'Farbe': 'light brown', 'Inhalt': '0.3 g', 'scope_of_application': 'Augen', 'Produkttyp': 'Augenbrauenfarbe'}||||||light brown||||||||0|0|2811889_1.png|https://static.mueller.de/pdzoom/2200281188932_2811889.webp||||||||||||||||||||||Premium Cosmetics GmbH||||||||||0.3 g|Mica, Candelilla Cera, Hydroxystearic/Linolenic/Oleic Polyglycerides, C10-18 Triglycerides, Dodecane, Copernicia Cerifera Cera, Hydrogenated Vegetable Oil, Oleic/Linoleic/Linolenic Polyglycerides, Helianthus Annuus Seed Cera, Caprylic/Capric Triglyceride, Olea Europaea Oil Unsaponifiables, Rhus Verniciflua Peel Cera, Shorea Robusta Resin, Tocopherol, Sorbitan Tristearate, Octyldodecanol, Helianthus Annuus Seed Oil, Alumina, Magnesium Oxide, Benzyl Alcohol, CI 77491, CI 77492, CI 77499, CI 77891.||True||2811889P|||||||||10
2997776|mueller||||||||2024-10-28|Authentic 569 Six Degree Scooter 205mm pastellrosa|SIX DEGREES||1|Stk.|Home|Spielwaren|Kinderfahrzeuge|Roller|Authentic 569 Six Degree Scooter 205mm pastellrosa|||99,99 €|99,99 €||||||||||||||EUR|Home> Spielwaren> Kinderfahrzeuge> Roller> Authentic 569 Six Degree Scooter 205mm pastellrosa|https://www.mueller.at/p/authentic-569-six-degree-scooter-205mm-pastellrosa-IPN2997776/|1 Stk.|Hochwertiger Scooter mit easy fold Klappmechanismus und StänderGegossene PU-Rollen 205 mm mit 2-farbiger Felge, High Rebound, 82A, Kugellager ABEC 7Extrudierte Hinterradreibungsbremse, Schutzblech vorneExtra breiter BMX-Style Lenker mit ergonomischen TPR-Griffen inkl. Anti-Vibrations-KlemmeFarbig eloxierte Lenkstange mit verstärkter Lenkerschelle, 5-fach höhenverstellbar 77-102 cm, inkl.Schnellspanner und SicherheitsarretierungExtra tiefes XL-Deck 58 x 15 cm mit umlaufender RandverstärkungSicherheitsreflektoren vorne und hintenGS-geprüftMax. Benutzergewicht 100 kg||||||||6 Jahre||||||||||||||Non-Organic||||"{'target_group': 'Grundschüler|Jugendliche', 'Artikelnummer des Herstellers': '569', 'Altersempfehlung ab': '6 Jahre', 'Inhalt': '1 Stk.', 'Produkttyp': 'Streetroller/Kickboards'}"||||||||||||||0|0|2997776_1.png|https://static.mueller.de/pdzoom/2997776_03.webp|2997776_2.png|https://static.mueller.de/pdzoom/2997776_01.webp|2997776_3.png|https://static.mueller.de/pdzoom/2997776_02.webp|2997776_4.png|https://static.mueller.de/pdzoom/2997776_04.webp|2997776_5.png|https://static.mueller.de/pdzoom/2997776_05.webp||||||||||||||569||||||||||1 Stk.|||False||2997776P|||||||||1
2997777|mueller||||||||2024-10-28|Trolli Watermelon Splash|TROLLI||75|g|Home|Drogerie|Lebensmittel|Süßigkeiten|Fruchtgummi|Trolli Watermelon Splash||1,49 €|1,49 €|||||||||||19,87 € / 1 kg|||EUR|Home> Drogerie> Lebensmittel> Süßigkeiten> Fruchtgummi> Trolli Watermelon Splash|https://www.mueller.at/p/trolli-watermelon-splash-IPN2997777/|75 g|Schaumzuckerbonbon in Form einer 3D-Wassermelone mit flüssiger, leicht sauer roter Füllung und Wassermelonengeschmack sowie grünem Schaum mit Wassermelonengeschmack, einzeln verpackt in einer Blisterpackung mit Wassermelonendesign|||||Spanien||||||{'Nährwerte je': '100g', 'Brennwert': '1335 kj / 314 kcal', 'Fett in g': '0,2', '- davon gesättigte Fettsäuren in g': '0,2', 'Kohlenhydrate in g': '72', '- davon Zucker in g': '55', 'Ballaststoffe in g': '0,2', 'Eiweiß in g': '3,8', 'Salz in g': '0,20'}|||||||||||Non-Organic||||"{'manufacturer': 'Trolli GmbH', 'Herstelleradresse': 'Oststr. 94, DE-90763 Fürth', 'Kontaktmöglichkeit': 'info@trolli.de', 'Herkunftsland': 'Spanien', 'Inhalt': '75 g', 'Eigenschaften': 'Glutenfrei|Laktosefrei', 'Zutaten': 'Glukosesirup; Zucker; Dextrose; Gelatine; Säuerungsmittel: Citronensäure; Aromen; Farbstoff: Kurkumin, Brillantblau FCF, Echtes Karmin, Beta-Carotin, Anthocyane; Überzugsmittel: Bienenwachs, weiß und gelb.', 'Produkttyp': 'Frucht- & Weingummi'}"||||||||||||||0|0|2997777_1.png|https://static.mueller.de/pdzoom/4000512365068_1.webp|2997777_2.png|https://static.mueller.de/pdzoom/4000512365068.webp||||||||||||||||||||Trolli GmbH||||||||||75 g|||True||2997777P|||||||||5
2997778|mueller||||||||2024-10-28|Lavera Anti-UV Fluid LSF30|LAVERA||30|ml|Home|Naturshop|Pflege|Gesichtspflege|Tagespflege|Lavera Anti-UV Fluid LSF30||9,95 €|9,95 €|||||||||||331,67 € / 1 l|||EUR|Home> Naturshop> Pflege> Gesichtspflege> Tagespflege> Lavera Anti-UV Fluid LSF30|https://www.mueller.at/p/lavera-anti-uv-fluid-lsf30-IPN2997778/|30 ml|"Erlebe das lavera Gefühl natürlich schützender Gesichtspflege – jeden Tag: Unser ANTI-UV FLUID LSF30 mit natürlichen Hyaluronsäuren und antioxidativem Vitamin E ergänzt deine tägliche Gesichtspflegeroutine und schützt deine Haut mit sofortiger und zuverlässiger Wirkung vor schädlicher UVA/UVB-Strahlung. Die leichte und feuchtigkeitsspendende Textur zieht schnell ein, hinterlässt ein unsichtbares Finish auf allen Hauttypen und eignet sich daher auch bestens als Make-up Grundlage. Das Fluid sorgt für geschmeidige Haut und beugt den ersten Anzeichen von sonnenbedingter Hautalterung, wie Fältchen und Pigmentflecken, effektiv vor.
- Mineralischer Sonnenschutz mit unsichtbarem Finish - klebt und fettet nicht
- Beugt die Bildung von Pigmentflecken und ersten Fältchen effektiv vor
- Für alle Hauttöne und –typen geeignet – auch für sensible und empfindliche Haut
- 100 % zertifizierte Naturkosmetik
- Natürlich schützende Gesichtspflege
- Wasserfest1
- Keine dauerhafte Gelbverfärbung auf weißen Textilien
1in vitro getestet

Natürliche Hyaluronsäuren: die wahren Feuchtigkeitswunder, erhöhen langanhaltend den Feuchtigkeitsgehalt der Haut, polstern auf und mindern dadurch effektiv Trockenheitsfältchen.
Vitamin E: ist bekannt dafür, antioxidativ zu wirken und die Haut so vor freien Radikalen zu schützen.

Unser Versprechen:
-Rezeptur ohne organische, synthetische UV-Filter2 sowie ohne künstliche Duft-, Farb und Konservierungsstoffe3
-Zertifiziert nach dem strengen, unabhängigen NATRUE Naturkosmetikstandard. Verträglichkeit dermatologisch bestätigt
- Flasche (exkl. Verschluss) besteht aus 20% Altglas & das Kartonmaterial dieser Faltschachtel ist aus 100% Recyclingfasern (ohne Farbe & Additive)
- Nach PETA-Kriterien zertifiziert und für das Tierwohl engagiert
- Exklusive Naturkomposition aus der lavera-Forschung, mit dem Besten aus der Natur
2 Octocrylen, Octinoxat und Oxybenzon
3 gem. EU-Kosmetik VO Schützt deine Haut mit sofortiger und zuverlässiger Wirkung vor schädlicher UVA/UVB-StrahlungSorgt für geschmeidige HautBeugt den ersten Anzeichen von sonnenbedingter Hautalterung, wie Fältchen und Pigmentflecken effektiv vorMineralischer Sonnenschutz mit unsichtbarem Finish - klebt und fettet nichtFlasche (exkl. Verschluss) besteht aus 20 % Altglas & das Kartonmaterial dieser Faltschachtel ist aus 100 % Recyclingfasern (ohne Farbe & Additive)"||||||||||||||||||||||Non-Organic||||"{'Lichtschutzfaktor': '30', 'Wasserfest': 'Ja', 'target_group': 'Unisex|Damen|Herren', 'manufacturer': 'Laverana GmbH & Co. KG', 'Herstelleradresse': 'Am Weingarten 4, 30974 Wennigsen', 'Anwendungshinweis': 'Anwendung: Für eine optimale Wirkung vor dem Gebrauch gut schütteln – ideal für die tägliche Anwendung. Morgens nach der täglichen Pflegeroutine und vor dem Make-Up gleichmäßig auf Gesicht, Hals und Dekolleté auftragen und verteilen. Warnhinweise:\nIntensive Mittagssonne meiden. Vor Gebrauch gut schütteln. Vor und während des Sonnens großzügig und mehrfach auftragen, um den Lichtschutz aufrecht zu erhalten, insbesondere beim Schwitzen oder nach dem Schwimmen. Schutz wird durch Anwendung einer geringeren Menge erheblich gesenkt. Babys und Kleinkinder vor direkter Sonne bewahren, schützende Kleidung sowie Sonnenschutz mit hohem Lichtschutzfaktor (LSF größer als 25) verwenden. Auch Sonnenschutzmittel mit hohen LSF bieten keinen vollständigen Schutz vor UV-Strahlen. Übermäßiges Sonnen stellt ein ernsthaftes Gesundheitsrisiko dar! Augenkontakt meiden. Sonnenstrahlen werden im Verhältnis UVA:UVB 1:3 gemäß EU Kommissionsempfehlung abgeschirmt.', 'package_contents': 'Water (Aqua), Zinc Oxide (Nano), Coco-Caprylate/Caprate, Aloe Barbadensis Leaf Juice*, Glycerin, Pentylene Glycol, Lauryl Glucoside, Polyglyceryl-6 Laurate, Sodium Stearoyl Glutamate, Glyceryl Stearate, Mangifera Indica (Mango) Fruit Extract*, Lycium Barbarum Fruit Extract*, Glycine Soja (Soybean) Oil*, Helianthus Annuus (Sunflower) Seed Oil, Hydrolyzed Jojoba Esters, Jojoba Esters, Tocopherol, Polyhydroxystearic Acid, Xanthan Gum, Citric Acid, Myristyl Glucoside, Isostearic Acid, Caprylhydroxamic Acid, Sodium Hyaluronate, Fragrance (Parfum)**, Limonene**, Linalool**, Citronellol**, Geraniol**, Coumarin**, Citral**\n\n* ingredients from certified organic agriculture \n** from natural essential oils', 'skin_type': 'alle Hauttypen', 'Inhalt': '30 ml', 'scope_of_application': 'Sonnenschutz', 'Produkttyp': 'Fluid'}"||||||||||||||4.7|130|2997778_1.png|https://static.mueller.de/markant_04021457660230_pv_4978764/pdzoom/lavera-anti-uv-fluid-lsf30.webp|2997778_2.png|https://static.mueller.de/markant_04021457660230_pv_4585572/pdzoom/lavera-anti-uv-fluid-lsf30.webp|2997778_3.png|https://static.mueller.de/markant_04021457660230_pd_4585570/pdzoom/lavera-anti-uv-fluid-lsf30.webp|2997778_4.png|https://static.mueller.de/markant_04021457660230_pr_4585574/pdzoom/lavera-anti-uv-fluid-lsf30.webp|2997778_5.png|https://static.mueller.de/markant_04021457660230_pd_4585571/pdzoom/lavera-anti-uv-fluid-lsf30.webp|2997778_6.png|https://static.mueller.de/markant_04021457660230_pd_4978745/pdzoom/lavera-anti-uv-fluid-lsf30.webp||||||||||||Laverana GmbH & Co. KG||||||||||30 ml|"Water (Aqua), Zinc Oxide (Nano), Coco-Caprylate/Caprate, Aloe Barbadensis Leaf Juice*, Glycerin, Pentylene Glycol, Lauryl Glucoside, Polyglyceryl-6 Laurate, Sodium Stearoyl Glutamate, Glyceryl Stearate, Mangifera Indica (Mango) Fruit Extract*, Lycium Barbarum Fruit Extract*, Glycine Soja (Soybean) Oil*, Helianthus Annuus (Sunflower) Seed Oil, Hydrolyzed Jojoba Esters, Jojoba Esters, Tocopherol, Polyhydroxystearic Acid, Xanthan Gum, Citric Acid, Myristyl Glucoside, Isostearic Acid, Caprylhydroxamic Acid, Sodium Hyaluronate, Fragrance (Parfum)**, Limonene**, Linalool**, Citronellol**, Geraniol**, Coumarin**, Citral**

* ingredients from certified organic agriculture 
** from natural essential oils"||True||2997778P|||||||||10
2997772|mueller||||||||2024-10-28|Bayer CHIC 2000 - Mini-Puppenwagen|BAYER CHIC 2000||1|Stk.|Home|Spielwaren|Kuscheltiere & Puppen|Puppen|Puppenwagen|Bayer CHIC 2000 - Mini-Puppenwagen||49,99 €|49,99 €||||||||||||||EUR|Home> Spielwaren> Kuscheltiere & Puppen> Puppen> Puppenwagen> Bayer CHIC 2000 - Mini-Puppenwagen|https://www.mueller.at/p/bayer-chic-2000-mini-puppenwagen-IPN2997772/|1 Stk.|Pfiffiger Mini-Puppenwagen mit abnehmbarer, kuschelig weicher Tragetasche, klappbarem Verdeck und GepäcknetzSchieberhöhe: ca. 56 cmFür Puppen bis zu einer Größe von ca. 40 cmAbmessungen: 56 x 37 x 56 cm, Gewicht: 2,3 kgSpeziell für die kleinen Puppenmamas entwickelt||||||||2 Jahre||||||||||||||Non-Organic||||"{'target_group': 'Kindergartenkinder|Kleinkinder', 'Artikelnummer des Herstellers': '555-84', 'Altersempfehlung ab': '2 Jahre', 'Inhalt': '1 Stk.', 'Produkttyp': 'Liegewagen'}"||||||||||||||0|0|2997772_1.png|https://static.mueller.de/pdzoom/4066285555846.webp|2997772_2.png|https://static.mueller.de/pdzoom/4066285555846_2.webp||||||||||||||||||||555-84||||||||||1 Stk.|||True||2997772P|||||||||10
2983123|mueller||||||||2024-10-28|HYDROPHIL Seifensäckchen aus Sisal und Baumwolle|HYDROPHIL||1|Stk.|Home|Parfümerie|Accessoires|Badaccessoires|Seifenschalen & -spender|HYDROPHIL Seifensäckchen  aus Sisal und Baumwolle||2,99 €|2,99 €||||||||||||||EUR|Home> Parfümerie> Accessoires> Badaccessoires> Seifenschalen & -spender> HYDROPHIL Seifensäckchen  aus Sisal und Baumwolle|https://www.mueller.at/p/hydrophil-seifensaeckchen-aus-sisal-und-baumwolle-IPN2983123/|1 Stk.|Unser neues Seifensäckchen ist die perfekte Ergänzung für Deine tägliche Pflegeroutine. Es bietet nicht nur Deinem festen Seifenstück ein Zuhause, sondern nimmt auch all die kleinen Seifenreste auf, die Dir immer durch die Finger in das Waschbecken flutschen. Das Säckchen eignet sich perfekt zum Duschen oder zur Gesichtsreinigung, denn die Seife schäumt darin wunderbar auf. Aber damit nicht genug: Unser Seifensäckchen hat zwei unterschiedliche Seiten. Die Sisal Seite sorgt nicht nur für einen Peeling-Effekt, der abgestorbene Hautzellen entfernen kann, sondern massiert auch die Haut. Die Seite aus besonders weicher und hautfreundlicher Bio-Baumwolle unterstützt die Reinigung der Haut und eignet sich perfekt für empfindliche Hautstellen. ||||||||||||||||||||||Non-Organic||||"{'manufacturer': 'ECO Operations GmbH', 'Herstelleradresse': 'Kaiser-Friedrich-Promenade 28, 61348 Bad Homburg', 'Kontaktmöglichkeit': 'hello@group.eco', 'Materialdetails': 'Sisal, Bio-Baumwolle', 'Material': 'Sisal|Bio-Baumwolle', 'Inhalt': '1 Stk.', 'Produkttyp': 'Seifenschalen & -dosen'}"||||||||Sisal, Bio-Baumwolle||||||0|0|2983123_1.png|https://static.mueller.de/pdzoom/4260397794029_24072024.webp||||||||||||||||||||||ECO Operations GmbH||||||||||1 Stk.|||True||2983123P|||||||||10
2997763|mueller||||||||2024-10-28|Rockmaker|||1|Stk.|Home|Multi-Media|Musik|Pop|Rockmaker|||17,99 €|17,99 €||||||||||||||EUR|Home> Multi-Media> Musik> Pop> Rockmaker|https://www.mueller.at/p/rockmaker-IPN2997763/|1 Stk.|||||||||||||||||||||||Non-Organic||||{'medium': 'CD', 'Künstler': 'Dandy Warhols', 'Inhalt': '1 Stk.', 'Anzahl Medien im Artikel': '1', 'genre': 'Pop international', 'Label': 'SUNSET BLV'}||||||||||||||0|0|2997763_1.png|https://static.mueller.de/pdzoom/phononet_0708535704324_pv_0708535704324-0600px-001.webp||||||||||||||||||||||||||||||||1 Stk.|||True||2997763P|||||||||5
2811899|mueller||||||||2024-10-28|MARBERT Lifting Booster Straffendes Serum|MARBERT||50|ml|Home|Parfümerie|Pflege|Gesichtspflege|Spezialpflege|Seren & Ampullen|MARBERT Lifting Booster Straffendes Serum|49,95 €|49,95 €|||||||||||999,00 € / 1 l|||EUR|Home> Parfümerie> Pflege> Gesichtspflege> Spezialpflege> Seren & Ampullen> MARBERT Lifting Booster Straffendes Serum|https://www.mueller.at/p/marbert-lifting-booster-straffendes-serum-2811899/|50 ml|Glättet Falten sofort und langanhaltend. Polstert die Haut auf. Beugt Mimikfalten vor. Erhöht die Hautfestigkeit und Elastizität bei regelmäßiger Anwendung.||||||||||||||||||||||Non-Organic||||"{'target_group': 'Damen', 'manufacturer': 'Beauty Brands International GmbH', 'Herstelleradresse': 'Hahnenkammstr. 9, 63811 Stockstadt', 'dermatologically_tested': 'Ja', 'Anwendungshinweis': 'Morgens und abends nach der Reinigung allein oder vor der Creme auf Gesicht, Hals und Dekolleté auftragen.', 'package_contents': 'AQUA, GLYCERIN, DIMETHICONE, BUTYLENE GLYCOL, NIACINAMIDE, ALCOHOL DENAT., BETAINE, POLYMETHYLSILSESQUIOXANE, PHENOXYETHANOL, SUCROSE PALMITATE, PENTAERYTHRITYL DISTEARATE, CETEARYL ALCOHOL, CAPRYLIC/CAPRIC TRIGLYCERIDE, SODIUM ACRYLATES COPOLYMER, TOCOPHERYL ACETATE, PARFUM, CAPRYLYL GLYCOL, GLYCERYL LINOLEATE, HYDROXYPROPYL METHYLCELLULOSE, SODIUM CETEARYL SULFATE, ALLANTOIN, PULLULAN, TETRASODIUM EDTA, XANTHAN GUM, SODIUM HYALURONATE, DIPEPTIDE DIAMINOBUTYROYL BENZYLAMIDE DIACETATE, PORPHYRIDIUM CRUENTUM EXTRACT, LINALOOL, HEXYL CINNAMAL, GERANIOL, LIMONENE, BENZYL SALICYLATE, ALPHA-ISOMETHYL IONONE, SODIUM HYDROXIDE.', 'skin_type': 'alle Hauttypen', 'product_property': 'glättend|festigend', 'Inhalt': '50 ml', 'scope_of_application': 'Spezialpflege', 'Produkttyp': 'Serum'}"||||||||||||||0|0|2811899_1.png|https://static.mueller.de/7118743050-PV-0/pdzoom/marbert-lifting-booster-straffendes-serum.webp|2811899_2.png|https://static.mueller.de/7118743050-VV-1/pdzoom/marbert-lifting-booster-straffendes-serum.webp|2811899_3.png|https://static.mueller.de/7118743050-PB-2/pdzoom/marbert-lifting-booster-straffendes-serum.webp||||||||||||||||||Beauty Brands International GmbH||||||||||50 ml|AQUA, GLYCERIN, DIMETHICONE, BUTYLENE GLYCOL, NIACINAMIDE, ALCOHOL DENAT., BETAINE, POLYMETHYLSILSESQUIOXANE, PHENOXYETHANOL, SUCROSE PALMITATE, PENTAERYTHRITYL DISTEARATE, CETEARYL ALCOHOL, CAPRYLIC/CAPRIC TRIGLYCERIDE, SODIUM ACRYLATES COPOLYMER, TOCOPHERYL ACETATE, PARFUM, CAPRYLYL GLYCOL, GLYCERYL LINOLEATE, HYDROXYPROPYL METHYLCELLULOSE, SODIUM CETEARYL SULFATE, ALLANTOIN, PULLULAN, TETRASODIUM EDTA, XANTHAN GUM, SODIUM HYALURONATE, DIPEPTIDE DIAMINOBUTYROYL BENZYLAMIDE DIACETATE, PORPHYRIDIUM CRUENTUM EXTRACT, LINALOOL, HEXYL CINNAMAL, GERANIOL, LIMONENE, BENZYL SALICYLATE, ALPHA-ISOMETHYL IONONE, SODIUM HYDROXIDE.||True||2811899P|||||||||10
2101647|mueller||||||||2024-10-28|Arrow - Staffel 4 [5 DVDs]|||1|Stk.|Home|Multi-Media|Filme & TV|Action & Abenteuer|Arrow - Staffel 4  [5 DVDs]|||12,99 €|12,99 €||||||||||||||EUR|Home> Multi-Media> Filme & TV> Action & Abenteuer> Arrow - Staffel 4  [5 DVDs]|https://www.mueller.at/p/arrow-staffel-4-5-dvds-2101647/|1 Stk.|"Arrows bisher furchtbarster Gegner ist besiegt, und so durfte der geheimnisvolle Milliardär Oliver Queen (alias Arrow) mit seiner langjährigen Freundin, der genialen Technikerin Felicity Smoak, in den Sonnenuntergang reiten. Sie verlassen Star City und hoffen ein neues Leben beginnen zu können. Doch ihre ruhige Existenz währt nicht lange, denn schon taucht die auf Selbstjustiz setzende Ex-Anwältin Laurel Lance mit Olivers Schwester Thea und bittet Oliver, Star City erneut beizustehen ? diesmal muss er die Stadt vor der finsteren Organisation H.I .V.E. schützen, die von dem gefährlichen Damien Darhk geleitet wird. Oliver kehrt nach Star City zurück und zieht einmal mehr die Kapuze über, um als Green Arrow seine Ziele durchzusetzen, ohne seine Existenz aufzugeben, die er mit sehr viel Energie verteidigt hat. Rivalitäten exkalieren und Bündnisse wandeln sich in diesen 23 weiteren knallharten Episoden nach der berühmten Figur aus den DC Comics. Darin geht es mit viel Action um den Kampf für das Recht ? natürlich auch in der innovativen Crossover-Episode mit der Serie The Flash, in der die DC Legends of Tomorrow vorgestellt werden.

Episoden:
01 Green Arrow
02 Kandidaten
03 Auferstehung
04 Späte Reue
05 Seelenjagd
06 Wahre Größe
07 Unter Brüdern
08A The Flash: Legenden der Gegenwart
08B Legenden der Vergangenheit
09 Stille Wasser
10 Blutschuld
11 Vertrauenssache
12 Entfesselt
13 Die Sünden der Väter
14 Mauer des Schweigens
15 Wahre Lügen
16 Gebrochene Herzen
17 Hoffnungsschimmer
18 11:59
19 Abgesang
20 Projekt Genesis
21 Rubikon
22 Schöne neue Welt
23 Eine neue Hoffnung"||||||||||||||||||||||Non-Organic||||"{'medium': 'DVD', 'Untertitel': 'Französisch,Holländisch', 'manufacturer': 'Warner Bros (Universal Pictures)', 'Bildformat': '16:9', 'Zusatzinfos / Bonusmaterial beim Film dabei': '4 Featurettes; \nSpannendes Crossover-Event mit ""The Flash""; \nNicht verwendete Szenen; \nVerpatzte Szenen;', 'Inhalt': '1 Stk.', 'Laufzeit in min (gesamt)': '976', 'Produktionsland': 'USA', 'Schauspieler': 'David Ramsey,John Barrowman,Paul Blackthorne,Katie Cassidy,Stephen Amell,Willa Holland', 'Special Edition': 'Nein', 'Tonformat-Sprache': 'Deutsch,Französisch,Italienisch,Englisch', 'Untertitel für Gehörlose': 'Deutsch,Englisch,Italienisch', 'packaging_type': 'Softbox', 'Hauptgenre': 'TV-Serie|Abenteuer|Action'}"||||||||||||||0|0|2101647_1.png|https://static.mueller.de/videojakob_5051890306463_pv_497243/pdzoom/arrow-staffel-4-5-dvds.webp|2101647_2.png|https://static.mueller.de/pdzoom/videojakob_5051890306463_pr_497243-back.webp|2101647_3.png|https://static.mueller.de/videojakob_5051890306463_pd_66646889/pdzoom/arrow-staffel-4-5-dvds.webp|2101647_4.png|https://static.mueller.de/videojakob_5051890306463_pd_66647373/pdzoom/arrow-staffel-4-5-dvds.webp|2101647_5.png|https://static.mueller.de/videojakob_5051890306463_pd_66647795/pdzoom/arrow-staffel-4-5-dvds.webp|2101647_6.png|https://static.mueller.de/videojakob_5051890306463_pd_66648264/pdzoom/arrow-staffel-4-5-dvds.webp||||||||||||Warner Bros (Universal Pictures)||||||||||1 Stk.|||True||2101647P|||||||||3
2101649|mueller||||||||2024-10-28|Game of Thrones - Staffel 6 [4 BRs]|||1|Stk.|Home|Multi-Media|Filme & TV|Science Fiction & Fantasy|Game of Thrones - Staffel 6  [4 BRs]|||16,99 €|16,99 €||||||||||||||EUR|Home> Multi-Media> Filme & TV> Science Fiction & Fantasy> Game of Thrones - Staffel 6  [4 BRs]|https://www.mueller.at/p/game-of-thrones-staffel-6-4-brs-2101649/|1 Stk.|"Nach den schockierenden Entwicklungen gegen Ende der fünften Staffel, wie der blutigen Meuterei gegen Jon Schnee in der schwarzen Festung, Daenerys Bedrohung in Meereens Kampfarena oder Cerseis öffentlicher Demütigung, formieren sich nun alle Überlebenden aus Westeros und Essos neu, um unaufhaltsam ihrem unsicheren Schicksal entgegen zu eilen. Bekannte Gesichter schmieden neue Bündnisse, um ihre Überlebenschancen zu erhöhen, während neue Charaktere die Machtverhältnisse im Osten, Westen, Norden und Süden ins Wanken bringen.

Episoden:
01 Die Rote Frau
02 Zuhause
03 Eidbrecher
04 Das Buch des Fremden
05 Das Tor
06 Blut von meinem Blut
07 Der Gebrochene
08 Niemand
09 Die Schlacht der Bastarde
10 Die Winde des Winters"||||||||||||||||||||||Non-Organic||||"{'medium': 'Blu-ray Disc', 'Untertitel': 'Deutsch,Dänisch,Finnisch,Französisch,Holländisch,Norwegisch,Portugiesisch,Spanisch,Schwedisch', 'manufacturer': 'Warner Bros (Universal Pictures)', 'Bildformat': '16:9|HD', 'Zusatzinfos / Bonusmaterial beim Film dabei': 'Episodenführer;\nDie Schlacht der Bastarde: Ein ausführlicher Blick hinter die Kulissen;\n18 Stunden in den Paint Halls Studios;\nLegenden und Überlieferungen;\nWiederaufbau der Dothraki-Welt;\nAudiokommentare;\nNicht verwendete Szenen;', 'Inhalt': '1 Stk.', 'Laufzeit in min (gesamt)': '558', 'Produktionsjahr': '2015', 'Produktionsland': 'USA', 'Schauspieler': 'Iain Glen,Lena Headey,John Bradley,Peter Dinklage,Nikolaj Coster-Waldau,Alfie Allen,Emilia Clarke,Kit Harington,Dean-Charles Chapman', 'Special Edition': 'Nein', 'Tonformat-Sprache': 'Deutsch,Englisch,Französisch,Spanisch,Portugiesisch,Englisch', 'Untertitel für Gehörlose': 'Englisch', 'packaging_type': 'Softbox extrabreit', 'Hauptgenre': 'Fantasy|TV-Serie'}"||||||||||||||0|0|2101649_1.png|https://static.mueller.de/videojakob_5051890306982_pv_523926/pdzoom/game-of-thrones-staffel-6-4-brs.webp|2101649_2.png|https://static.mueller.de/pdzoom/videojakob_5051890306982_pr_523926-back.webp|2101649_3.png|https://static.mueller.de/videojakob_5051890306982_pd_66601452/pdzoom/game-of-thrones-staffel-6-4-brs.webp|2101649_4.png|https://static.mueller.de/videojakob_5051890306982_pd_66602983/pdzoom/game-of-thrones-staffel-6-4-brs.webp|2101649_5.png|https://static.mueller.de/videojakob_5051890306982_pd_66604295/pdzoom/game-of-thrones-staffel-6-4-brs.webp|2101649_6.png|https://static.mueller.de/videojakob_5051890306982_pd_66605858/pdzoom/game-of-thrones-staffel-6-4-brs.webp||||||||||||Warner Bros (Universal Pictures)||||||||||1 Stk.|||True||2101649P|||||||||5
2983133|mueller||||||||2024-10-28|AVEO Intim After Shave|AVEO||100|ml|Home|Drogerie|Pflege|Herrenpflege & Rasur|Rasur|Pre- & After-Shave|AVEO Intim After Shave|2,25 €|2,25 €|||||||||||22,50 € / 1 l|||EUR|Home> Drogerie> Pflege> Herrenpflege & Rasur> Rasur> Pre- & After-Shave> AVEO Intim After Shave|https://www.mueller.at/p/aveo-intim-after-shave-IPN2983133/|100 ml|After Shave Balsam||||||||||||||||||||||Non-Organic||||{'PH-Hautneutral': 'Ja', 'target_group': 'Damen', 'manufacturer': 'Viokox S.A.', 'Herstelleradresse': 'Pol. Ind. de Picassent Calle 5 Parcela 10, 46220 Picassent / Valencia', 'Kontaktmöglichkeit': 'www.mueller.eu', 'dermatologically_tested': 'Ja', 'Anwendungshinweis': 'Nach der Rasur gleichmäßig auf die gereinigte, trockene Haut auftragen. Mit den Fingerspitzen sanft einmassieren, bis es vollständig eingezogen ist.', 'package_contents': 'Aqua, Glycerin, Glyceryl Stearate, Isopropyl Palmitate, Panthenol, Prunus Amygdalus Dulcis Oil, Cocos Nucifera Oil, Tocopheryl Acetate, Succinoglycan, Hydroxyacetophenone, Tetrasodium Glutamate Diacetate, Lactic Acid, Citric Acid, Sodium Hydroxide, Phenoxyethanol.', 'skin_type': 'empfindliche Haut', 'product_property': 'beruhigend', 'Inhalt': '100 ml', 'scope_of_application': 'Aftershave', 'Produkttyp': 'Lotion'}||||||||||||||0|0|2983133_1.png|https://static.mueller.de/pdzoom/2200298313334-VS.webp||||||||||||||||||||||Viokox S.A.||||||||||100 ml|Aqua, Glycerin, Glyceryl Stearate, Isopropyl Palmitate, Panthenol, Prunus Amygdalus Dulcis Oil, Cocos Nucifera Oil, Tocopheryl Acetate, Succinoglycan, Hydroxyacetophenone, Tetrasodium Glutamate Diacetate, Lactic Acid, Citric Acid, Sodium Hydroxide, Phenoxyethanol.||True||2983133P|||||||||10
653162|mueller||||||||2024-10-28|VERNISSAGE Synthetikpinselset Fun 6-tlg. im Etui|VERNISSAGE||1|Stk.|Home|Schreibwaren|Bastelbedarf|Pinsel|VERNISSAGE Synthetikpinselset Fun 6-tlg. im Etui|||5,99 €|5,99 €||||||||||||||EUR|Home> Schreibwaren> Bastelbedarf> Pinsel> VERNISSAGE Synthetikpinselset Fun 6-tlg. im Etui|https://www.mueller.at/p/vernissage-synthetikpinselset-fun-6-tlg-im-etui-653162/|1 Stk.|"Das 6-teilige Pinselset besteht aus Kunsthaarpinseln - je 2 x rund N° 1, 6 / flach N° 8, 14 / oval N° 4 / schräg  N° 8.
Haare und Stiele sind farblich aufeinander abgestimmt.
Die Lieferung erfolgt in einem schwarzen Kunststoffetui.Material: Farbige Synthetikhaare - bunte Plastikstiele - Nyloncanvas Etui"||||||||||||||||||||||Non-Organic||||{'scope_of_delivery': '6 Pinsel in Kunststoffetui', 'Inhalt': '1 Stk.', 'Produkttyp': 'Pinsel'}||||||||||||||0|0|653162_1.png|https://static.mueller.de/5920435042-PV-0/pdzoom/vernissage-synthetikpinselset-fun-6-tlg-im-etui.webp|653162_2.png|https://static.mueller.de/5920435042-PB-1/pdzoom/vernissage-synthetikpinselset-fun-6-tlg-im-etui.webp|653162_3.png|https://static.mueller.de/5920435042-PB-2/pdzoom/vernissage-synthetikpinselset-fun-6-tlg-im-etui.webp||||||||||||||||||||||||||||1 Stk.|||True||653162P|||||||||20
2811894|mueller||||||||2024-10-28|BIO PRIMO Bio Bratöl Zum Kochen & Kaltgepresst|BIO PRIMO||750|ml|Home|Drogerie|Lebensmittel|Nahrung|Essig & Öl|BIO PRIMO Bio Bratöl Zum Kochen & Kaltgepresst||3,25 €|3,25 €|||||||||||4,33 € / 1 l|||EUR|Home> Drogerie> Lebensmittel> Nahrung> Essig & Öl> BIO PRIMO Bio Bratöl Zum Kochen & Kaltgepresst|https://www.mueller.at/p/bio-primo-bio-bratoel-zum-kochen-kaltgepresst-2811894/|750 ml|100 % Sonnenblumenöl.||Vor Wärme geschützt lagern und vor Sonneneinstrahlung schützen.|||Deutschland||||||{'Nährwerte je': '100 ml', 'Brennwert': '3367 kj / 819 kcal', 'Fett in g': '91', '- davon gesättigte Fettsäuren in g': '7,5', 'Kohlenhydrate in g': '0', '- davon Zucker in g': '0', 'Eiweiß in g': '0', 'Salz in g': '0,03'}|||||||||||Organic||||"{'Lagerhinweis': 'Vor Wärme geschützt lagern und vor Sonneneinstrahlung schützen.', 'target_group': 'Damen|Herren|Unisex', 'manufacturer': 'Teutoburger Ölmühle GmbH', 'Herstelleradresse': 'Gutenbergstraße 16a, 49479 Ibbenbüren', 'Herkunftsland': 'Deutschland', 'Öko-Kontrollstelle': 'DE-ÖKO-003', 'Inhalt': '750 ml', 'Bio': 'Ja', 'Eigenschaften': 'Vegan', 'Zutaten': 'Bio-Sonnenblumenöl – ölsäurereich, kaltgepresst und mild gedämpft.', 'Produkttyp': 'Essig & Öl'}"||||||||||||||3.0|1|2811894_1.png|https://static.mueller.de/7118739598-PV-0/pdzoom/bio-primo-bio-bratoel-zum-kochen-kaltgepresst.webp||||||||||||||||||||||Teutoburger Ölmühle GmbH||||||||||750 ml|||True||2811894P|||||||||10
2983130|mueller||||||||2024-10-28|AVEO Intim Rasiergel|AVEO||150|ml|Home|Drogerie|Pflege|Körperpflege|Enthaarung|Rasierschaum & -gel|AVEO Intim Rasiergel|1,75 €|1,75 €|||||||||||11,67 € / 1 l|||EUR|Home> Drogerie> Pflege> Körperpflege> Enthaarung> Rasierschaum & -gel> AVEO Intim Rasiergel|https://www.mueller.at/p/aveo-intim-rasiergel-IPN2983130/|150 ml|Rasier- und Reinigungsgel, zur Rasur und anschließender Reinigung des Intimbereich||||||||||||||||||||||Non-Organic||||"{'PH-Hautneutral': 'Ja', 'target_group': 'Damen', 'manufacturer': 'Viokox S.A.', 'Herstelleradresse': 'Pol. Ind. de Picassent Calle 5 Parcela 10, 46220 Picassent / Valencia', 'Kontaktmöglichkeit': 'www.mueller.eu', 'dermatologically_tested': 'Ja', 'Anwendungshinweis': 'Sanft in die nasse Haut einmassieren, bis sich ein leichter Schaum bildet. Rasieren oder als Reinigungsmittel verwenden. Haut nach der Anwendung gründlich abspülen.', 'package_contents': 'Aqua, Decyl Glucoside, Glycerin, Cocamidopropyl Betaine, Lactic Acid, Sphingomonas  Ferment Extract, Sclerotium Gum, Xanthan Gum, Sodium Benzoate, Potassium Sorbate.', 'skin_type': 'empfindliche Haut', 'product_property': 'reinigend|pflegend', 'Inhalt': '150 ml', 'scope_of_application': 'Enthaarung', 'Produkttyp': 'Rasiergel'}"||||||||||||||0|0|2983130_1.png|https://static.mueller.de/pdzoom/2200298313020-VS.webp||||||||||||||||||||||Viokox S.A.||||||||||150 ml|Aqua, Decyl Glucoside, Glycerin, Cocamidopropyl Betaine, Lactic Acid, Sphingomonas  Ferment Extract, Sclerotium Gum, Xanthan Gum, Sodium Benzoate, Potassium Sorbate.||True||2983130P|||||||||10
653160|mueller||||||||2024-10-28|Künstlerpinsel Set 16-tlg. mit Reißverschluss-Etui|||1|Stk.|Home|Schreibwaren|Bastelbedarf|Pinsel|Künstlerpinsel Set 16-tlg. mit Reißverschluss-Etui|||6,99 €|6,99 €||||||||||||||EUR|Home> Schreibwaren> Bastelbedarf> Pinsel> Künstlerpinsel Set 16-tlg. mit Reißverschluss-Etui|https://www.mueller.at/p/kuenstlerpinsel-set-16-tlg-mit-reissverschluss-etui-653160/|1 Stk.|16 Borstenpinsel, je 8 runde und 8 flache Pinsel mit langen naturlackierten Stielen aus hochwertigem Birkenholz. Die Lieferung erfolgt in einem praktischen, schwarzen Reißverschluss-Etui, so sind die Pinsel immer aufgeräumt und bereit, überall mit hingenommen zu werden.Material: Weiße Borsten - naturlackierte Stiele - Nyloncanvas Etui||||||||||||||||||||||Non-Organic||||{'scope_of_delivery': '16 Borstenpinsel, je 8 runde und flache Pinsel in\n den Größen 1, 2, 3, 4, 5, 6, 8 und 10', 'Inhalt': '1 Stk.', 'Produkttyp': 'Pinsel'}||||||||||||||5.0|2|653160_1.png|https://static.mueller.de/5920435130-PV-0/pdzoom/kuenstlerpinsel-set-16-tlg-mit-reissverschluss-etui.webp||||||||||||||||||||||||||||||||1 Stk.|||True||653160P|||||||||20
706368|mueller||||||||2024-10-28|OMEGA Rechnungsbuch 949 OK A5 hoch 2x50 Blatt SD|OMEGA||1|Stk.|Home|Schreibwaren|Büro|Bürobedarf|Sonstiges|OMEGA Rechnungsbuch 949 OK A5 hoch 2x50 Blatt SD||13,99 €|13,99 €||||||||||||||EUR|Home> Schreibwaren> Büro> Bürobedarf> Sonstiges> OMEGA Rechnungsbuch 949 OK A5 hoch 2x50 Blatt SD|https://www.mueller.at/p/omega-rechnungsbuch-949-ok-a5-hoch-2x50-blatt-sd-706368/|1 Stk.|Selbstdurchschreibendes Rechnungsbuch im Format DIN A5 hoch mit 50 Originalen und 50 rosa Durchschlägen, inklusive integrierter Schreibunterlage. Aktuell und rechtssicher, mit allen erforderlichen Angaben wie z.B. IBAN/BIC und Rechnungsnummer. Alle Blätter mit Ablagelochung und Qualitätsperforation für ein schnelles und sauberes Heraustrennen. Eine Sicherheitsbindung mit Leinenfälzl macht das Formularbuch besonders stabil und haltbar. CO2 neutral produziert und mit Austria Qualitätsgütesiegel ausgezeichnet.||||||||||||||||||||||Non-Organic||||{'Inhalt': '1 Stk.', 'Produkttyp': 'Sonstiges'}||||||||||||||0|0|706368_1.png|https://static.mueller.de/6666630802-PV-0/pdzoom/omega-rechnungsbuch-949-ok-a5-hoch-2x50-blatt-sd.webp|706368_2.png|https://static.mueller.de/6666630802-PB-1/pdzoom/omega-rechnungsbuch-949-ok-a5-hoch-2x50-blatt-sd.webp|706368_3.png|https://static.mueller.de/6666630802-PB-2/pdzoom/omega-rechnungsbuch-949-ok-a5-hoch-2x50-blatt-sd.webp|706368_4.png|https://static.mueller.de/6666630802-PB-3/pdzoom/omega-rechnungsbuch-949-ok-a5-hoch-2x50-blatt-sd.webp|706368_5.png|https://static.mueller.de/6666630802-PB-4/pdzoom/omega-rechnungsbuch-949-ok-a5-hoch-2x50-blatt-sd.webp||||||||||||||||||||||||1 Stk.|||True||706368P|||||||||8
22758|mueller||||||||2024-10-28|HERMA Hefthülle A4 aus Papier dunkelgrün|HERMA||1|Stk.|Home|Spielwaren|Buch & Schulbedarf|Schulranzen & Taschen|HERMA Hefthülle A4 aus Papier dunkelgrün|||0,59 €|0,59 €||||||||||||||EUR|Home> Spielwaren> Buch & Schulbedarf> Schulranzen & Taschen> HERMA Hefthülle A4 aus Papier dunkelgrün|https://www.mueller.at/p/herma-hefthuelle-a4-aus-papier-dunkelgruen-22758/|1 Stk.|Papier-Heftschoner von HERMA im Format A4 und A5, aus 100% Recycling Papier. Solide verarbeitet, mit aufgedrucktem Beschriftungsfeld und bedruckter Innenlasche für den optimalen Schutz vor Schmutz und Feuchtigkeit. Ideal für Schulen und Universitäten.||||||||||||||||||||||Non-Organic||||{'Inhalt': '1 Stk.', 'Produkttyp': 'Sonstiger Schulbedarf'}||||||||||||||0|0|22758_1.png|https://static.mueller.de/6772744234-PV-0/pdzoom/herma-hefthuelle-a4-aus-papier-dunkelgruen.webp||||||||||||||||||||||||||||||||1 Stk.|||True||22758P|||||||||10
706365|mueller||||||||2024-10-28|OMEGA Lieferscheinbuch 977 OK A5 hoch 2x50 Blatt SD|OMEGA||1|Stk.|Home|Schreibwaren|Büro|Bürobedarf|Sonstiges|OMEGA Lieferscheinbuch 977 OK A5 hoch 2x50 Blatt SD||12,99 €|12,99 €||||||||||||||EUR|Home> Schreibwaren> Büro> Bürobedarf> Sonstiges> OMEGA Lieferscheinbuch 977 OK A5 hoch 2x50 Blatt SD|https://www.mueller.at/p/omega-lieferscheinbuch-977-ok-a5-hoch-2x50-blatt-sd-706365/|1 Stk.|Selbstdurchschreibendes Lieferscheinbuch im Format DIN A5 hoch mit 50 Originalen und 50 rosa Durchschlägen, inklusive integrierter Schreibunterlage. Aktuell und rechtssicher, mit allen erforderlichen Angaben. Alle Blätter mit Ablagelochung und Qualitätsperforation für ein schnelles und sauberes Heraustrennen. Eine Sicherheitsbindung mit Leinenfälzl macht das Formularbuch besonders stabil und haltbar. CO2 neutral produziert und mit Austria Qualitätsgütesiegel ausgezeichnet.||||||||||||||||||||||Non-Organic||||{'Inhalt': '1 Stk.', 'Produkttyp': 'Sonstiges'}||||||||||||||0|0|706365_1.png|https://static.mueller.de/6666630567-PV-0/pdzoom/omega-lieferscheinbuch-977-ok-a5-hoch-2x50-blatt-sd.webp|706365_2.png|https://static.mueller.de/6666630567-PB-1/pdzoom/omega-lieferscheinbuch-977-ok-a5-hoch-2x50-blatt-sd.webp|706365_3.png|https://static.mueller.de/6666630567-PB-2/pdzoom/omega-lieferscheinbuch-977-ok-a5-hoch-2x50-blatt-sd.webp|706365_4.png|https://static.mueller.de/6666630567-PB-3/pdzoom/omega-lieferscheinbuch-977-ok-a5-hoch-2x50-blatt-sd.webp|706365_5.png|https://static.mueller.de/6666630567-PB-4/pdzoom/omega-lieferscheinbuch-977-ok-a5-hoch-2x50-blatt-sd.webp||||||||||||||||||||||||1 Stk.|||True||706365P|||||||||10
22753|mueller||||||||2024-10-28|HERMA Hefthülle A4 aus Papier blau|HERMA||1|Stk.|Home|Spielwaren|Buch & Schulbedarf|Schulranzen & Taschen|HERMA Hefthülle A4 aus Papier blau|||0,59 €|0,59 €||||||||||||||EUR|Home> Spielwaren> Buch & Schulbedarf> Schulranzen & Taschen> HERMA Hefthülle A4 aus Papier blau|https://www.mueller.at/p/herma-hefthuelle-a4-aus-papier-blau-22753/|1 Stk.|Papier-Heftschoner von HERMA im Format A4 und A5, aus 100% Recycling Papier. Solide verarbeitet, mit aufgedrucktem Beschriftungsfeld und bedruckter Innenlasche für den optimalen Schutz vor Schmutz und Feuchtigkeit. Ideal für Schulen und Universitäten.||||||||||||||||||||||Non-Organic||||{'Inhalt': '1 Stk.', 'Produkttyp': 'Sonstiger Schulbedarf'}||||||||||||||0|0|22753_1.png|https://static.mueller.de/6772744162-PV-0/pdzoom/herma-hefthuelle-a4-aus-papier-blau.webp||||||||||||||||||||||||||||||||1 Stk.|||True||22753P|||||||||10
22755|mueller||||||||2024-10-28|HERMA Hefthülle A4 aus Papier violett|HERMA||1|Stk.|Home|Spielwaren|Buch & Schulbedarf|Schulranzen & Taschen|HERMA Hefthülle A4 aus Papier violett|||0,59 €|0,59 €||||||||||||||EUR|Home> Spielwaren> Buch & Schulbedarf> Schulranzen & Taschen> HERMA Hefthülle A4 aus Papier violett|https://www.mueller.at/p/herma-hefthuelle-a4-aus-papier-violett-22755/|1 Stk.|Papier-Heftschoner von HERMA im Format A4 und A5, aus 100% Recycling Papier. Solide verarbeitet, mit aufgedrucktem Beschriftungsfeld und bedruckter Innenlasche für den optimalen Schutz vor Schmutz und Feuchtigkeit. Ideal für Schulen und Universitäten.||||||||||||||||||||||Non-Organic||||{'Inhalt': '1 Stk.', 'Produkttyp': 'Sonstiger Schulbedarf'}||||||||||||||0|0|22755_1.png|https://static.mueller.de/6772744198-PV-0/pdzoom/herma-hefthuelle-a4-aus-papier-violett.webp||||||||||||||||||||||||||||||||1 Stk.|||True||22755P|||||||||10
203282|mueller||||||||2024-10-28|GIORGIO ARMANI Eau pour Homme Eau de Toilette|GIORGIO ARMANI||100|ml|Home|Parfümerie|Düfte für Ihn|Düfte|GIORGIO ARMANI Eau pour Homme Eau de Toilette|||114,95 €|114,95 €|||||||||||1 149,50 € / 1 l|||EUR|Home> Parfümerie> Düfte für Ihn> Düfte> GIORGIO ARMANI Eau pour Homme Eau de Toilette|https://www.mueller.at/p/giorgio-armani-eau-pour-homme-eau-de-toilette-49759349/|100 ml|Die Kultiviertheit der italienischen Frische - wie ein geschmeidiger Leinenanzug. Ein Klassiker in neuem Gewand. Alles begann 1984, als Giorgio Armani mit Eau Pour Homme seinen ersten Herrenduft kreierte – einen zeitlosen Duft, der Männer jeder Generation dazu einlädt, italienischen Stil zu entdecken. Der Flakon ist mit seinen runden Schultern und der maskulinen Architektur die visuelle Verkörperung seines Inhalts. Im Mittelpunkt des Eau de Toilette liegt ein zeitloser Duft aus reinem, klassischem italienischem Stil, dem Giorgio Armani einen Hauch an Nonchalance verliehen hat. Eine spontane Frische und Wärme, Ruhe und Lebendigkeit. Die Eau Pour Homme Formel wurde mit Begeisterung angenommen und hat drei Generationen Männer im Laufe der Jahre für sich gewonnen. Sie ist sich dabei treu geblieben und wurde noch nie geändert. WÜRZIGE, LEBENDIGE FRISCHE – In der Kopfnote verschmelzen die strahlenden Töne von Bitterorange und Zitrone mit der intensiven Frische der Bergamotte. Ein Cocktail aus lebhaften Zitrusfrüchten, sublimiert durch die pfeffrigen Facetten von Koriander. AROMATISCHER HAUCH – Die Frische der Kopfnote weicht dem aromatischen Charakter des Lavendels und den blumigen Orangetönen des Neroli. Die würzige und einhüllende Intensität von Kreuzkümmel und Muskatnuss sublimiert diesen eleganten Duft zu einer unwiderstehlichen Verführung. MAGNETISCH-HOLZIGE TEXTUR – In der Basis vermischt sich die Wärme des Vetiver- und Zedernholzes mit der charmanten Sinnlichkeit von Patschuli und bringt eine sachliche und zeitlos-holzige Sillage. Eichenmoos fügt schließlich eine intensive Dimension hinzu, die den Duft durch seine geheimnisvollen und tiefen Facetten umhüllt.||||||||||||||||||||||Non-Organic||||"{'target_group': 'Herren', 'manufacturer': ""L'Oréal Deutschland GmbH"", 'Herstelleradresse': 'Johannstrasse 1, 40476 Düsseldorf', 'fragrance_concentration': 'Eau de Toilette', 'top_note': 'Bergamotte, Limone und Bitterorange', 'heart_note': 'Muskatnus, Lavendel und Kümmel', 'base_note': 'Zedernholz, Vetivergras und Patschuli', 'Anwendungshinweis': 'Für eine langanhaltende Duftwirkung sprühen Sie das Produkt aus 20 cm Entfernung auf die Haut. Bevorzugen Sie dabei warme Körperbereiche z.B. die Innenseite der Handgelenke oder die Stellen hinter den Ohrläppchen.', 'application_type': 'Pumpzerstäuber', 'package_contents': '738153 04 - INGREDIENTS:  ALCOHOL • AQUA / WATER • PARFUM / FRAGRANCE • LIMONENE • LINALOOL • ETHYLHEXYL METHOXYCINNAMATE • COUMARIN • CITRAL • BHT • BUTYL METHOXYDIBENZOYLMETHANE • ETHYLHEXYL SALICYLATE • HYDROXYCITRONELLAL • EUGENOL • GERANIOL • HEXYL CINNAMAL • BENZYL ALCOHOL • CITRONELLOL • BENZYL SALICYLATE • BENZYL BENZOATE • ISOEUGENOL • FARNESOL • CI 60730 / EXT. VIOLET 2 • CI 19140 / YELLOW 5 • CI 14700 / RED 4 (F.I.L. B210981/1).', 'Inhalt': '100 ml', 'fragrance_effect': 'anregend|frisch|klar', 'Produkttyp': 'Eau de Toilette'}"||||||||||||||0|0|203282_1.png|https://static.mueller.de/32473044-PV-0/pdzoom/giorgio-armani-eau-pour-homme-eau-de-toilette.webp||||||||||||||||||||||L'Oréal Deutschland GmbH||||||||||100 ml|738153 04 - INGREDIENTS:  ALCOHOL • AQUA / WATER • PARFUM / FRAGRANCE • LIMONENE • LINALOOL • ETHYLHEXYL METHOXYCINNAMATE • COUMARIN • CITRAL • BHT • BUTYL METHOXYDIBENZOYLMETHANE • ETHYLHEXYL SALICYLATE • HYDROXYCITRONELLAL • EUGENOL • GERANIOL • HEXYL CINNAMAL • BENZYL ALCOHOL • CITRONELLOL • BENZYL SALICYLATE • BENZYL BENZOATE • ISOEUGENOL • FARNESOL • CI 60730 / EXT. VIOLET 2 • CI 19140 / YELLOW 5 • CI 14700 / RED 4 (F.I.L. B210981/1).||True||203282P|||||||||10
22762|mueller||||||||2024-10-28|HERMA Hefthülle A5 aus Papier violett|HERMA||1|Stk.|Home|Spielwaren|Buch & Schulbedarf|Schulranzen & Taschen|HERMA Hefthülle A5 aus Papier violett|||0,45 €|0,45 €||||||||||||||EUR|Home> Spielwaren> Buch & Schulbedarf> Schulranzen & Taschen> HERMA Hefthülle A5 aus Papier violett|https://www.mueller.at/p/herma-hefthuelle-a5-aus-papier-violett-22762/|1 Stk.|Papier-Heftschoner von HERMA im Format A4 und A5, aus 100% Recycling Papier. Solide verarbeitet, mit aufgedrucktem Beschriftungsfeld und bedruckter Innenlasche für den optimalen Schutz vor Schmutz und Feuchtigkeit. Ideal für Schulen und Universitäten.||||||||||||||||||||||Non-Organic||||{'Inhalt': '1 Stk.', 'Produkttyp': 'Sonstiger Schulbedarf'}||||||||||||||0|0|22762_1.png|https://static.mueller.de/6772744429-PV-0/pdzoom/herma-hefthuelle-a5-aus-papier-violett.webp||||||||||||||||||||||||||||||||1 Stk.|||True||22762P|||||||||10
2997697|mueller||||||||2024-10-28|Beelzebub - Vol.3 [2 BRs]|||1|Stk.|Home|Multi-Media|Filme & TV|Anime|Beelzebub - Vol.3  [2 BRs]|||52,99 €|52,99 €||||||||||||||EUR|Home> Multi-Media> Filme & TV> Anime> Beelzebub - Vol.3  [2 BRs]|https://www.mueller.at/p/beelzebub-vol-3-2-brs-IPN2997697/|1 Stk.|"In einer Schule voller Rowdies, in der Schlägereien an der Tagesordnung stehen, ist Tatsumi Oga derjenige, dem wirklich niemand in die Quere kommen will! Unter höchst seltsamen Umständen findet er eines Tages ein Baby, das ihm trotz seiner einschüchternden Ausstrahlung nicht mehr von der Seite weicht. Obwohl der frischgebackene Ziehvater es noch nicht weiß, trägt das Baby den Namen Kaiser de Emperana Beelzebub IV und ist in Wahrheit der Sohn des Dämonenkönigs! Als wäre das nicht schon genug, erscheint auch noch das dämonische Dienstmädchen Hilda, das den Kleinen zusammen mit Oga zum nächsten furchteinflößenden Herrscher erziehen will …

Eine abgedrehte und einmalige Actionkomödie von Studio Pierrot Plus (Kingdom, My Clueless First Friend), bei der Fans von klassischen Sh?nen-Anime ihren Spaß haben werden! Durch viele unterhaltsame Charaktere und immer neue abenteuerliche Ausflüge verspricht die Serie abwechslungsreiche Unterhaltung!"|||||||||||||||Europa, Vorderasien, Afrika, Australien|||||||Non-Organic||||"{'medium': 'Blu-ray Disc', 'Untertitel': 'Deutsch', 'manufacturer': 'AV Visionen GmbH', 'Bildformat': '16:9|HD', 'Zusatzinfos / Bonusmaterial beim Film dabei': 'Clean Opening; Clean Ending', 'Inhalt': '1 Stk.', 'Laufzeit in min (gesamt)': '360', 'Produktionsjahr': '2011', 'Produktionsland': 'Japan', 'Regionalcode': 'Europa, Vorderasien, Afrika, Australien', 'Regisseur': 'Yoshihiro Takamoto', 'Special Edition': 'Nein', 'Tonformat-Sprache': 'Deutsch,Japanisch', 'Hauptgenre': 'Anime|Action|Comedy|Fantasy|TV-Serie'}"||||||||||||||0|0|2997697_1.png|https://static.mueller.de/videojakob_7630017534248_pv_663022/pdzoom/beelzebub-vol-3-2-brs.webp||||||||||||||||||||||AV Visionen GmbH||||||||||1 Stk.|||True||2997697P|||||||||4
2997699|mueller||||||||2024-10-28|Die Ewigkeit, die du dir wünschst - Gesamtausgabe [2 BRs]|||1|Stk.|Home|Multi-Media|Filme & TV|Anime|Die Ewigkeit, die du dir wünschst - Gesamtausgabe  [2 BRs]|||54,99 €|54,99 €||||||||||||||EUR|Home> Multi-Media> Filme & TV> Anime> Die Ewigkeit, die du dir wünschst - Gesamtausgabe  [2 BRs]|https://www.mueller.at/p/die-ewigkeit-die-du-dir-wuenschst-gesamtausgabe-2-brs-IPN2997699/|1 Stk.|"Der Oberschüler Takayuki bekommt eines Tages eine Liebeserklärung seiner schüchternen Mitschülerin Haruka, die dieses Geständnis nur mit Hilfe ihrer besten Freundin Mitsuki vollbringen konnte. Zögerlich geht er mit ihr eine Beziehung ein, und nach anfänglichen Zweifeln genießt er die Zeit mit ihr sehr. Doch dann bringt ein plötzlicher Schicksalsschlag das Leben und auch die Gefühle der drei Freunde völlig durcheinander und ein emotionales Drama nimmt seinen Lauf... 

Das herzzerreißende 14-teilige Drama basiert auf einem der erfolgreichsten Computerspiele Japans. Wir freuen uns, den Anime-Klassiker in einer Gesamtausgabe präsentieren zu können."|||||||||||||||Europa, Vorderasien, Afrika, Australien|||||||Non-Organic||||"{'medium': 'Blu-ray Disc', 'Untertitel': 'Deutsch', 'manufacturer': 'AV Visionen GmbH', 'Bildformat': '16:9|HD', 'Zusatzinfos / Bonusmaterial beim Film dabei': 'Booklet;\xa03 Artcards', 'Inhalt': '1 Stk.', 'Laufzeit in min (gesamt)': '335', 'Produktionsjahr': '2007', 'Produktionsland': 'Japan', 'Regionalcode': 'Europa, Vorderasien, Afrika, Australien', 'Regisseur': 'Tetsuya Watanabe', 'Special Edition': 'Nein', 'Tonformat-Sprache': 'Deutsch,Japanisch', 'Hauptgenre': 'Anime|Unterhaltung|TV-Serie'}"||||||||||||||0|0|2997699_1.png|https://static.mueller.de/videojakob_4262457850010_pv_670053/pdzoom/die-ewigkeit-die-du-dir-wuenschst-gesamtausgabe-2-brs.webp||||||||||||||||||||||AV Visionen GmbH||||||||||1 Stk.|||True||2997699P|||||||||1
706383|mueller||||||||2024-10-28|OMEGA Rechnungsbuch 951 1/2 OK A6 quer 2x50 Blatt SD|OMEGA||1|Stk.|Home|Schreibwaren|Büro|Bürobedarf|Sonstiges|OMEGA Rechnungsbuch 951 1/2 OK A6 quer 2x50 Blatt SD||7,99 €|7,99 €||||||||||||||EUR|Home> Schreibwaren> Büro> Bürobedarf> Sonstiges> OMEGA Rechnungsbuch 951 1/2 OK A6 quer 2x50 Blatt SD|https://www.mueller.at/p/omega-rechnungsbuch-951-1-2-ok-a6-quer-2x50-blatt-sd-706383/|1 Stk.|Selbstdurchschreibendes Rechnungsbuch im Format DIN A6 quer mit 50 Originalen und 50 rosa Durchschlägen, inklusive integrierter Schreibunterlage. Aktuell und rechtssicher, mit allen erforderlichen Angaben wie z.B. IBAN/BIC und Rechnungsnummer. Alle Blätter mit Ablagelochung und Qualitätsperforation für ein schnelles und sauberes Heraustrennen. Eine Sicherheitsbindung mit Leinenfälzl macht das Formularbuch besonders stabil und haltbar. CO2 neutral produziert und mit Austria Qualitätsgütesiegel ausgezeichnet.||||||||||||||||||||||Non-Organic||||{'Inhalt': '1 Stk.', 'Produkttyp': 'Sonstiges'}||||||||||||||0|0|706383_1.png|https://static.mueller.de/6666630769-PV-0/pdzoom/omega-rechnungsbuch-951-1-2-ok-a6-quer-2x50-blatt-sd.webp|706383_2.png|https://static.mueller.de/6666630769-PB-1/pdzoom/omega-rechnungsbuch-951-1-2-ok-a6-quer-2x50-blatt-sd.webp|706383_3.png|https://static.mueller.de/6666630769-PB-2/pdzoom/omega-rechnungsbuch-951-1-2-ok-a6-quer-2x50-blatt-sd.webp|706383_4.png|https://static.mueller.de/6666630769-PB-3/pdzoom/omega-rechnungsbuch-951-1-2-ok-a6-quer-2x50-blatt-sd.webp|706383_5.png|https://static.mueller.de/6666630769-PB-4/pdzoom/omega-rechnungsbuch-951-1-2-ok-a6-quer-2x50-blatt-sd.webp||||||||||||||||||||||||1 Stk.|||True||706383P|||||||||10
2997693|mueller||||||||2024-10-28|My Hero Academia - Staffel 4 - Gesamtausgabe [5 BRs]|||1|Stk.|Home|Multi-Media|Filme & TV|Anime|My Hero Academia - Staffel 4 - Gesamtausgabe  [5 BRs]|||134,99 €|134,99 €||||||||||||||EUR|Home> Multi-Media> Filme & TV> Anime> My Hero Academia - Staffel 4 - Gesamtausgabe  [5 BRs]|https://www.mueller.at/p/my-hero-academia-staffel-4-gesamtausgabe-5-brs-IPN2997693/|1 Stk.|"Der junge Izuku Midoriya hat nur einen Traum: Er möchte eines Tages ein Superheld werden – genau wie sein großes Idol All Might! Beim Kampf in Kamino hat der jedoch endgültig seine Kraft verloren und eine riesige Lücke hinterlassen. Nun muss sich Izuku noch mehr anstrengen, um möglichst schnell der neue Profiheld Nr. 1 zu werden. Mit der vorläufigen Lizenz im Gepäck ist sein nächstes Ziel die Teilnahme am Helden-Internship, das Izuku gerne in der Agentur von Sir Nighteye absolvieren würde. Doch das Verhältnis von All Might und seinem früheren Sidekick Sir Nighteye ist mittlerweile zerrüttet. Wird Mirio Togata alias Lemillion, einer der Big Three der Yuei, ihm helfen können, den Platz trotzdem zu bekommen? Und was werden die Helden gegen die erstarkende Schurkenliga unternehmen, die sich derweil mit dem mysteriösen Overhaul verbündet? 

Weiter und immer weiter: Mit Action, Humor und Coolness im Stil des gleichnamigen Mangas trumpfen die Helden auch in Staffel vier groß auf – animiert von Studio Bones (Eureka Seven, Ouran High School Host Club). Plus Ultra!"|||||||||||||||Europa, Vorderasien, Afrika, Australien|||||||Non-Organic||||"{'medium': 'Blu-ray Disc', 'Untertitel': 'Deutsch', 'manufacturer': 'AV Visionen GmbH', 'Bildformat': 'HD', 'Zusatzinfos / Bonusmaterial beim Film dabei': 'Standee; Artcards; Booklet; 5 Sticker; 5 Character Cards; Plektrum; Clean OP + ED', 'Inhalt': '1 Stk.', 'Laufzeit in min (gesamt)': '625', 'Produktionsjahr': '2019', 'Produktionsland': 'Japan', 'Regionalcode': 'Europa, Vorderasien, Afrika, Australien', 'Regisseur': 'Kenji Nagasaki', 'Special Edition': 'Nein', 'Tonformat-Sprache': 'Deutsch,Japanisch', 'Hauptgenre': 'Anime|Action|Comedy|TV-Serie'}"||||||||||||||0|0|2997693_1.png|https://static.mueller.de/videojakob_7630017535306_pv_670684/pdzoom/my-hero-academia-staffel-4-gesamtausgabe-5-brs.webp||||||||||||||||||||||AV Visionen GmbH||||||||||1 Stk.|||True||2997693P|||||||||4
2997696|mueller||||||||2024-10-28|Yunas Geisterhaus - Gesamtausgabe [4 BRs]|||1|Stk.|Home|Multi-Media|Filme & TV|Anime|Yunas Geisterhaus - Gesamtausgabe  [4 BRs]|||64,99 €|64,99 €||||||||||||||EUR|Home> Multi-Media> Filme & TV> Anime> Yunas Geisterhaus - Gesamtausgabe  [4 BRs]|https://www.mueller.at/p/yunas-geisterhaus-gesamtausgabe-4-brs-IPN2997696/|1 Stk.|"Lebenslanges kostenloses Wohnrecht – das käme Kogarashi gerade sehr recht! Seit er in seiner Kindheit nämlich von einem Geist besessen wurde, der ihn in massive Schulden gestürzt hat, ist er obdachlos und dauerpleite. Aus dem Grund hat er sich auch zu einem Medium ausbilden lassen, was ihm bei dem Angebot der Pension Yuragi nun sehr zunutze kommt. Die einzige Bedingung: Der Schüler soll den Geist austreiben, der in der Herberge spukt. Doch als sich herausstellt, dass es sich bei dem Geist um ein wahnsinnig süßes Mädchen ohne böse Absichten handelt, zögert Kogarashi. Anstatt sie zwanghaft zu erlösen, möchte er dem naiven Geisterteenie Yuna lieber dabei helfen, den Grund zu finden, warum sie die Welt der Lebenden noch nicht verlassen konnte. Im Badehaus wohnen jedoch noch andere nicht ganz normale junge Frauen – eine attraktiver als die andere – und nicht alle befürworten Kogarashis Aufenthalt, der unabsichtlich von einer schlüpfrigen Situation in die nächste stolpert …

Die Animeserie zum erfolgreichen gleichnamigen Manga vereint Comedy und sexy Mädchen in einer verführerischen Geistergeschichte – mit reizvollen Animationen von Studio XEBEC Inc. (Triage X)!"|||||||||||||||Europa, Vorderasien, Afrika, Australien|||||||Non-Organic||||"{'medium': 'Blu-ray Disc', 'Untertitel': 'Deutsch', 'manufacturer': 'AV Visionen GmbH', 'Bildformat': 'HD', 'Zusatzinfos / Bonusmaterial beim Film dabei': '4 Booklets; Clean Opening; Clean Ending; Leseprobe des Mangas', 'Inhalt': '1 Stk.', 'Laufzeit in min (gesamt)': '300', 'Produktionsjahr': '2018', 'Produktionsland': 'Japan', 'Regionalcode': 'Europa, Vorderasien, Afrika, Australien', 'Special Edition': 'Nein', 'Tonformat-Sprache': 'Deutsch,Japanisch', 'Hauptgenre': 'Anime|Comedy|TV-Serie'}"||||||||||||||0|0|2997696_1.png|https://static.mueller.de/videojakob_7630017534767_pv_670050/pdzoom/yunas-geisterhaus-gesamtausgabe-4-brs.webp||||||||||||||||||||||AV Visionen GmbH||||||||||1 Stk.|||True||2997696P|||||||||3
327664|mueller||||||||2024-10-28|JIL SANDER Sun Eau de Toilette Natural Spray|JIL SANDER||75|ml|Home|Parfümerie|Düfte für Sie|Düfte|JIL SANDER Sun Eau de Toilette Natural Spray|||42,00 €|42,00 €|42,00 €|14,95 €||||64%|Sie sparen 64%||||199,33 € / 1 l|||EUR|Home> Parfümerie> Düfte für Sie> Düfte> JIL SANDER Sun Eau de Toilette Natural Spray|https://www.mueller.at/p/jil-sander-sun-eau-de-toilette-natural-spray-49759343/|75 ml|"SUN steht für einen unvergleichlichen, sonnenstrahlenden Duftmoment, für das sorglose Gefühl warmer Sommertage auf der Haut und für Lieblingsmomente in der Sonne, die wir wie einen Schatz in uns tragen. Prickelnde, schwungvolle Noten von Bergamotte, schwarzer Johannisbeere und Rosenholz hinweggetragen von einer Brise aus Sommerblüten wie Jasmin, Maiglöckchen, Orangenblüte und Veilchen wirken wie ein Sommermorgen.
Kopfnote: Bergamotte, Rosenholz	Jasmin
Herznote: Maiglöckchen, Orangenblüte, Rose, Ylang-Ylang	
Basisnote: Patchouli, Ambra, Vanille, Moschus"||||||||||||||||||||||Non-Organic||||"{'target_group': 'Damen', 'manufacturer': 'Coty Beauty Germany GmbH', 'Herstelleradresse': 'Berliner Allee 65, D-64295 Darmstadt', 'fragrance_concentration': 'Eau de Toilette', 'top_note': 'Bergamotte, Rosenholz, Jasmin', 'heart_note': 'Maiglöckchen, Orangenblüte, Rose, Ylang-Ylang', 'base_note': 'Patchouli, Ambra, Vanille, Moschus', 'Anwendungshinweis': 'Auf die gesunde Haut aufsprühen. Kontakt mit den Augen vermeiden.', 'application_type': 'Pumpzerstäuber', 'package_contents': 'ALCOHOL DENAT., AQUA/WATER/EAU, PARFUM/FRAGRANCE, LINALOOL, LIMONENE, HYDROXYCITRONELLAL, ALPHA-ISOMETHYL IONONE, COUMARIN, ISOEUGENOL, BENZYL BENZOATE, BENZYL ALCOHOL, GERANIOL, BENZYL SALICYLATE, CITRAL, EUGENOL, AMYL CINNAMAL, CITRONELLOL, FARNESOL, BENZYL CINNAMATE, CINNAMYL ALCOHOL.', 'Inhalt': '75 ml', 'fragrance_effect': 'sanft|sommerlich|feminin', 'Produkttyp': 'Eau de Toilette'}"||||||||||||||4.55|20|327664_1.png|https://static.mueller.de/32600395-PV-0/pdzoom/jil-sander-sun-eau-de-toilette-natural-spray.webp|327664_2.png|https://static.mueller.de/32600395-PUV-1/pdzoom/jil-sander-sun-eau-de-toilette-natural-spray.webp|327664_3.png|https://static.mueller.de/32600395-PB-2/pdzoom/jil-sander-sun-eau-de-toilette-natural-spray.webp||||||||||||||||||Coty Beauty Germany GmbH||||||||||75 ml|ALCOHOL DENAT., AQUA/WATER/EAU, PARFUM/FRAGRANCE, LINALOOL, LIMONENE, HYDROXYCITRONELLAL, ALPHA-ISOMETHYL IONONE, COUMARIN, ISOEUGENOL, BENZYL BENZOATE, BENZYL ALCOHOL, GERANIOL, BENZYL SALICYLATE, CITRAL, EUGENOL, AMYL CINNAMAL, CITRONELLOL, FARNESOL, BENZYL CINNAMATE, CINNAMYL ALCOHOL.||False||327664P|||||||||10
521291|mueller||||||||2024-10-28|JOJO Abschiedswichtel|JOJO||1|Stk.|Home|Haushalt|Wohnen & Dekorieren|Deko-Zubehör|JOJO Abschiedswichtel|||4,99 €|4,99 €||||||||||||||EUR|Home> Haushalt> Wohnen & Dekorieren> Deko-Zubehör> JOJO Abschiedswichtel|https://www.mueller.at/p/jojo-abschiedswichtel-521291/|1 Stk.|"Kärtchentext:
""Zu jeder Stund‘ an allen Tagen,
war es schön Dich hier zu haben.
Abschied nehmen fällt so schwer,
komm doch bald mal wieder her.""

Größe des Wichtels: ca. 9cm
Die Karte wird mit einem zufälligen Wichtel (verschiedene Farben) geliefert.

JOJO Fair-Trade Siegel:
Die JOJO Glückswichtel werden von Hand in BSCI-zertifizierten Betrieben in China hergestellt. D.h. die fairen Arbeitsbedingungen werden dort streng überwacht. Textideen und Grafikdesign sowie Polybeutel- und Kartenproduktion stammen aus Deutschland. 
Dieser liebevolle Abschiedswichtel ist durch seine herzliche Anmutung und den netten Spruch das ideale Abschiedsgeschenk für besondere Menschen. Durch das leichte Gewicht und die handlichen Maße kann er überall als Glücksbringer, Beschützer, Mutmacher und Talisman mitgetragen werden. Drücke deine Zuneigung auf witzige und charmante Weise aus und die Beschenkten werden sich bei jedem Anblick an die nette Botschaft erinnern und diese bestimmt nicht vergessen!
Jedes Stück ein Unikat: Die Glücksbringer werden sorgfältig von Hand fair produziert.
Damit jeder möglichst lange etwas von diesem Glücksbringer hat, ist er sorgsam in einer wiederverschließbaren , kompostierbaren Schutzfolie verpackt.
Extra Geschenkkarte: Jedem Glückswichtel liegt eine 4-farbige Geschenkkarte (ca. 9x13cm) mit passendem Text auf der Vorderseite bei. Die Rückseite bietet genügend Platz um noch eine persönliche Botschaft ergänzen zu können."||||||||||||||||||||||Non-Organic||||{'Pflegehinweis': 'Nicht waschen', 'manufacturer': 'JOJO Joachim Kürz e.K.', 'Herstelleradresse': 'Dr.-Rudolf-Eberle-Str. 12, DE-79725 Laufenburg', 'Kontaktmöglichkeit': 'info@jojo-line.de', 'Inhalt': '1 Stk.'}||||||||||||||0|0|521291_1.png|https://static.mueller.de/6483405052-PV-0/pdzoom/jojo-abschiedswichtel.webp||||||||||||||||Nicht waschen||||||JOJO Joachim Kürz e.K.||||||||||1 Stk.|||True||521291P|||||||||10
22748|mueller||||||||2024-10-28|HERMA Hefthülle A4 aus Papier dunkelrot|HERMA||1|Stk.|Home|Spielwaren|Buch & Schulbedarf|Schulranzen & Taschen|HERMA Hefthülle A4 aus Papier dunkelrot|||0,59 €|0,59 €||||||||||||||EUR|Home> Spielwaren> Buch & Schulbedarf> Schulranzen & Taschen> HERMA Hefthülle A4 aus Papier dunkelrot|https://www.mueller.at/p/herma-hefthuelle-a4-aus-papier-dunkelrot-22748/|1 Stk.|Papier-Heftschoner von HERMA im Format A4 und A5, aus 100% Recycling Papier. Solide verarbeitet, mit aufgedrucktem Beschriftungsfeld und bedruckter Innenlasche für den optimalen Schutz vor Schmutz und Feuchtigkeit. Ideal für Schulen und Universitäten.||||||||||||||||||||||Non-Organic||||{'Inhalt': '1 Stk.', 'Produkttyp': 'Sonstiger Schulbedarf'}||||||||||||||0|0|22748_1.png|https://static.mueller.de/6772744090-PV-0/pdzoom/herma-hefthuelle-a4-aus-papier-dunkelrot.webp||||||||||||||||||||||||||||||||1 Stk.|||True||22748P|||||||||10
364132|mueller||||||||2024-10-28|The Poison|||1|Stk.|Home|Multi-Media|Musik|Rock|The Poison|||5,99 €|5,99 €||||||||||||||EUR|Home> Multi-Media> Musik> Rock> The Poison|https://www.mueller.at/p/the-poison-364132/|1 Stk.|||||||||||||||||||||||Non-Organic||||{'medium': 'CD', 'Künstler': 'Bullet For My Valentine', 'Inhalt': '1 Stk.', 'Anzahl Medien im Artikel': '1', 'genre': 'Rock international', 'Label': 'SME Catlg'}||||||||||||||0|0|364132_1.png|https://static.mueller.de/pdzoom/phononet_0828767343624_pv_0828767343624-0600px-001.webp|364132_2.png|https://static.mueller.de/pdzoom/phononet_0828767343624_pr_0828767343624-0600px-002.webp|364132_3.png|https://static.mueller.de/80657173-PR-1/pdzoom/the-poison.webp||||||||||||||||||||||||||||1 Stk.|||True||364132P|||||||||5
706395|mueller||||||||2024-10-28|OMEGA Fahrtenbuch 831 A5 hoch 1x50 Blatt|OMEGA||1|Stk.|Home|Schreibwaren|Büro|Bürobedarf|Sonstiges|OMEGA Fahrtenbuch 831 A5 hoch 1x50 Blatt||8,79 €|8,79 €||||||||||||||EUR|Home> Schreibwaren> Büro> Bürobedarf> Sonstiges> OMEGA Fahrtenbuch 831 A5 hoch 1x50 Blatt|https://www.mueller.at/p/omega-fahrtenbuch-831-a5-hoch-1x50-blatt-706395/|1 Stk.|Fahrtenbuch beidseitig bedruckt in A5 mit 50 Blatt ohne Abrissperforation. Inklusive Jahresübersicht, steuerlicher KM-Nachweis, zur Anerkennung beim Finanzamt, praxisgerecht, geprüft. CO2 neutral produziert und mit Austria Qualitätsgütesiegel ausgezeichnet.||||||||||||||||||||||Non-Organic||||{'Inhalt': '1 Stk.', 'Produkttyp': 'Sonstiges'}||||||||||||||0|0|706395_1.png|https://static.mueller.de/6666622083-PV-0/pdzoom/omega-fahrtenbuch-831-a5-hoch-1x50-blatt.webp|706395_2.png|https://static.mueller.de/6666622083-PB-1/pdzoom/omega-fahrtenbuch-831-a5-hoch-1x50-blatt.webp|706395_3.png|https://static.mueller.de/6666622083-PB-2/pdzoom/omega-fahrtenbuch-831-a5-hoch-1x50-blatt.webp|706395_4.png|https://static.mueller.de/6666622083-PB-3/pdzoom/omega-fahrtenbuch-831-a5-hoch-1x50-blatt.webp|706395_5.png|https://static.mueller.de/6666622083-PB-4/pdzoom/omega-fahrtenbuch-831-a5-hoch-1x50-blatt.webp||||||||||||||||||||||||1 Stk.|||True||706395P|||||||||10
2997684|mueller||||||||2024-10-28|Mein Diamant-Stickerheft – Drachen|||1|Stk.|Home|Spielwaren|Buch & Schulbedarf|Kinder- & Jugendbücher|Mein Diamant-Stickerheft – Drachen|||10,30 €|10,30 €||||||||||||||EUR|Home> Spielwaren> Buch & Schulbedarf> Kinder- & Jugendbücher> Mein Diamant-Stickerheft – Drachen|https://www.mueller.at/p/mein-diamant-stickerheft-drachen-IPN2997684/|1 Stk.|"Bereit für ein Reise in die Welt der Drachen? 

Mit über 1200 glänzenden Glitzersteinen kannst du die zauberhaften Szenen zum Glänzen bringen. Ob in der Wüste oder unter Wasser, ob Wasserdrachen oder Drachenkind, bei diesem wunderbaren Stickerspaß mit Glitzer-Effekt ist für jeden was dabei!

Diamond Dots als Sticker: Endlich gibt es diesen Trend auch im praktischen Stickerformat
Zauberhafte Szenen: Die 16 farbigen Motive lassen sich mit den selbstklebenden Steinchen leicht verzieren, so wird jedes Bild zum glitzernden Kunstwerk
Kunterbunte Diamanten: Hier finden sich über 1200 Juwelen zum Gestalten und Dekorieren
Ein perfektes Geschenk oder Mitbringsel: Über dieses Heft freuen sich alle Kinder ab 5 Jahren 
Wunderbare Funkelbilder

Das Stickerbuch ist ein ideales Mittel gegen Langeweile – ob unterwegs, im Kinderzimmer oder bei der Oma."||||||||||||||||||||||Non-Organic||||"{'target_group': 'Kindergartenkinder|Grundschüler', 'genre': 'Kreatives Gestalten', 'author': 'arsEdition', 'publishing_year': '2024', 'Inhalt': '1 Stk.', 'ISBN Ausgangsbuch': '9783845856834', 'Produkttyp': 'Kinder- & Jugendbücher', 'page_number': '32'}"||||||||||||||0|0|2997684_1.png|https://static.mueller.de/pdzoom/9783845856834.webp|2997684_2.png|https://static.mueller.de/pdzoom/9783845856834_weiterecover_01.webp|2997684_3.png|https://static.mueller.de/pdzoom/9783845856834_BC.webp||||||||||||||||||||||||||||1 Stk.|||True||2997684P|||||||||10
2997685|mueller||||||||2024-10-28|Mein Diamant-Stickerheft – Einhörner|||1|Stk.|Home|Spielwaren|Buch & Schulbedarf|Kinder- & Jugendbücher|Mein Diamant-Stickerheft – Einhörner|||10,30 €|10,30 €||||||||||||||EUR|Home> Spielwaren> Buch & Schulbedarf> Kinder- & Jugendbücher> Mein Diamant-Stickerheft – Einhörner|https://www.mueller.at/p/mein-diamant-stickerheft-einhoerner-IPN2997685/|1 Stk.|"Bereit für ein Reise in den Einhornwald? 

Mit über 1200 glänzenden Glitzersteinen kannst du die zauberhaften Szenen zum Glänzen bringen. Ob Einhorn oder Pegasus, ob Schmetterling oder Blume, bei diesem wunderbaren Stickerspaß mit Glitzer-Effekt ist für jeden was dabei!

Diamond Dots als Sticker: Endlich gibt es diesen Trend auch im praktischen Stickerformat
Zauberhafte Szenen: Die 16 farbigen Motive lassen sich mit den selbstklebenden Steinchen leicht verzieren, so wird jedes Bild zum glitzernden Kunstwerk
Kunterbunte Diamanten: Hier finden sich über 1200 Juwelen zum Gestalten und Dekorieren
Ein perfektes Geschenk oder Mitbringsel: Über dieses Heft freuen sich alle Kinder ab 5 Jahren 
Wunderbare Funkelbilder

Das Stickerbuch ist ein ideales Mittel gegen Langeweile – ob unterwegs, im Kinderzimmer oder bei der Oma."||||||||||||||||||||||Non-Organic||||"{'target_group': 'Kindergartenkinder|Grundschüler', 'genre': 'Kreatives Gestalten', 'author': 'arsEdition', 'publishing_year': '2024', 'Inhalt': '1 Stk.', 'ISBN Ausgangsbuch': '9783845856827', 'Produkttyp': 'Kinder- & Jugendbücher', 'page_number': '32'}"||||||||||||||0|0|2997685_1.png|https://static.mueller.de/pdzoom/9783845856827.webp|2997685_2.png|https://static.mueller.de/pdzoom/9783845856827_weiterecover_01.webp|2997685_3.png|https://static.mueller.de/pdzoom/9783845856827_innenansicht_02.webp|2997685_4.png|https://static.mueller.de/pdzoom/9783845856827_innenansicht_01.webp|2997685_5.png|https://static.mueller.de/pdzoom/9783845856827_BC.webp||||||||||||||||||||||||1 Stk.|||True||2997685P|||||||||10
364122|mueller||||||||2024-10-28|VERSACE Pour Homme Oud Noir Eau de Parfum|VERSACE||100|ml|Home|Parfümerie|Düfte für Ihn|Düfte|VERSACE Pour Homme Oud Noir Eau de Parfum|||133,95 €|133,95 €|||||||||||1 339,50 € / 1 l|||EUR|Home> Parfümerie> Düfte für Ihn> Düfte> VERSACE Pour Homme Oud Noir Eau de Parfum|https://www.mueller.at/p/versace-pour-homme-oud-noir-eau-de-parfum-364122/|100 ml|Die verführerische Stimmung eines Sonnenuntergangs in der Wüste. In der Luft liegt eine warme Brise, angenehm und wohltuend. Sinnlich und berauschend wie ein Aphrodisiakum. Es ist der Duft des Orients und eine der kostbarsten Substanzen der Haute Parfumerie. Zum Leben erweckt in Oud Noir, einem würzigen, intensiven Duft mit ausgeprägter Ledernote – für den Mann mit markanter Persönlichkeit.||||||||||||||||||||||Non-Organic||||"{'target_group': 'Herren', 'manufacturer': 'Nobilis Group GmbH', 'Herstelleradresse': 'Rheingaustraße 32, DE-65201 Wiesbaden', 'Kontaktmöglichkeit': 'info@nobilis-group.com', 'fragrance_concentration': 'Eau de Parfum', 'top_note': 'Bitterorange, Neroli, Schwarzer Pfeffer', 'heart_note': 'Kardamom, Safran, Olibanum', 'base_note': 'Oud-Holz, Patschuli', 'Anwendungshinweis': 'Auf die gesunde Haut aufsprühen.', 'application_type': 'Pumpzerstäuber', 'package_contents': 'ALCOHOL DENAT., PARFUM, LINALOOL, LIMONENE, ETHYLHEXYL METHOXYCINNAMATE, BUTYL METHOXYDIBENZOYLMETHANE, ETHYLHEXYL SALICYLATE, BENZYL SALICYLATE, HYDROXYISOHEXYL 3-CYCLOHEXENE CARBOXALDEHYDE, COUMARIN, FARNESOL, GERANIOL, CITRAL, HYDROXYCITRONELLAL', 'Inhalt': '100 ml', 'fragrance_effect': 'geheimnisvoll|extravagant|anregend', 'Produkttyp': 'Eau de Parfum'}"||||||||||||||0|0|364122_1.png|https://static.mueller.de/317119196-PV-0/pdzoom/versace-pour-homme-oud-noir-eau-de-parfum.webp|364122_2.png|https://static.mueller.de/317119196-PUV-1/pdzoom/versace-pour-homme-oud-noir-eau-de-parfum.webp|364122_3.png|https://static.mueller.de/317119196-VV-2/pdzoom/versace-pour-homme-oud-noir-eau-de-parfum.webp||||||||||||||||||Nobilis Group GmbH||||||||||100 ml|ALCOHOL DENAT., PARFUM, LINALOOL, LIMONENE, ETHYLHEXYL METHOXYCINNAMATE, BUTYL METHOXYDIBENZOYLMETHANE, ETHYLHEXYL SALICYLATE, BENZYL SALICYLATE, HYDROXYISOHEXYL 3-CYCLOHEXENE CARBOXALDEHYDE, COUMARIN, FARNESOL, GERANIOL, CITRAL, HYDROXYCITRONELLAL||True||364122P|||||||||2
2983055|mueller||||||||2024-10-28|PARSA Beauty Mikrofaser Papilotten|PARSA BEAUTY||6|Stk.|Home|Drogerie|Accessoires|Haarstyling|PARSA Beauty Mikrofaser Papilotten|||9,99 €|9,99 €|9,99 €|8,95 €||||10%|Sie sparen 10%||||14,92 € / 10 Stk.|||EUR|Home> Drogerie> Accessoires> Haarstyling> PARSA Beauty Mikrofaser Papilotten|https://www.mueller.at/p/parsa-beauty-mikrofaser-papilotten-IPN2983055/|6 Stk.|Die Mikrofaser Papilloten verleihen dem Haar schwungvolle Locken, ganz ohne Hitze. Durch den Verzicht auf Hitze beim Styling und der haarschonenden Mikrofaser werden die Haare weniger strapaziert und Frizz vorgebeugt. Das Mikrofasertool eignet sich besonders gut bei feinem Haar und ermöglicht es die Restfeuchtigkeit der Haare aufzunehmen.||||||||||||||||||||||Non-Organic||||"{'manufacturer': 'PARSA Haar- und Modeartikel GmbH', 'Herstelleradresse': 'Hummelberg 6, 74889 Sinsheim', 'Kontaktmöglichkeit': 'service@parsa-beauty.de', 'Materialdetails': 'Polyester, Polyamide, EVA, Metall', 'Material': 'Polyester|Polyamid|Metall', 'Anwendungshinweis': 'Die Haare in einzelne Strähnen teilen und stramm um die Papilloten wickeln. Die Papilloten mit den Enden nach unten knicken, so dass sie rund geformt und die Haare fixiert sind. Anschließend die Haare über mehrere Stunden um die Papilloten gewickelt lassen. Die Papilloten vorsichtig aus den Haaren lösen und die Locken mit Haarspray fixieren.  TIPP:  Um den Effekt zu verstärken, die Haare vorher anfeuchten oder direkt nach dem Föhnen einwickeln.', 'Inhalt': '6 Stk.', 'Produkttyp': 'Lockenwickler & Zubehör'}"||||||||Polyester, Polyamide, EVA, Metall||||||0|0|2983055_1.png|https://static.mueller.de/pdzoom/4001065896658.webp|2983055_2.png|https://static.mueller.de/pdzoom/4001065896658_1.webp||||||||||||||||||||PARSA Haar- und Modeartikel GmbH||||||||||6 Stk.|||True||2983055P|||||||||10
22713|mueller||||||||2024-10-28|HERMA Hefthülle A4 aus Papier pink|HERMA||1|Stk.|Home|Spielwaren|Buch & Schulbedarf|Schulranzen & Taschen|HERMA Hefthülle A4 aus Papier pink|||0,59 €|0,59 €||||||||||||||EUR|Home> Spielwaren> Buch & Schulbedarf> Schulranzen & Taschen> HERMA Hefthülle A4 aus Papier pink|https://www.mueller.at/p/herma-hefthuelle-a4-aus-papier-pink-22713/|1 Stk.|Papier-Heftschoner von HERMA im Format A4 und A5, aus 100% Recycling Papier. Solide verarbeitet, mit aufgedrucktem Beschriftungsfeld und bedruckter Innenlasche für den optimalen Schutz vor Schmutz und Feuchtigkeit. Ideal für Schulen und Universitäten.||||||||||||||||||||||Non-Organic||||{'Inhalt': '1 Stk.', 'Produkttyp': 'Sonstiger Schulbedarf'}||||||||||||||0|0|22713_1.png|https://static.mueller.de/6772744126-PV-0/pdzoom/herma-hefthuelle-a4-aus-papier-pink.webp|22713_2.png|https://static.mueller.de/6772744126-PB-1/pdzoom/herma-hefthuelle-a4-aus-papier-pink.webp||||||||||||||||||||||||||||||1 Stk.|||True||22713P|||||||||10
706326|mueller||||||||2024-10-28|BUSCH 6478 H0 - Wald-Set|BUSCH MODELLSPIELWAREN||1|Stk.|Home|Spielwaren|Modellbau & Modelleisenbahn|Modelleisenbahn|Landschaftsbau|BUSCH 6478 H0 - Wald-Set||19,49 €|19,49 €||||||||||||||EUR|Home> Spielwaren> Modellbau & Modelleisenbahn> Modelleisenbahn> Landschaftsbau> BUSCH 6478 H0 - Wald-Set|https://www.mueller.at/p/busch-6478-h0-wald-set-706326/|1 Stk.|Busch Modellbahnzubehör - Wald-SetAlles für einen kleinen Nadelwald: 20 Edeltannen mit feinem Nadelflock (50 bis 110 mm hoch), Wurzelfüße, zusätzliche Baumstämme für 3 Hochstammfichten, Holzbrücke, 2 Holzstapel, Bildstock sowie Streumaterial für die realistische Darstellung des Waldbodens.||||||||10 Jahre||||||||||||||Non-Organic||||"{'Spur Modelleisenbahn': 'H0 - 1:87', 'particularities': 'Der Hersteller behält sich farbliche und technische Änderungen vor. Zur Darstellung der Neuheiten werden zum Teil Originalfotos und Prototypen eingesetzt. Abweichungen zum Lieferzustand des Modells sind möglich.', 'target_group': 'Grundschüler|Jugendliche|Erwachsene', 'Artikelnummer des Herstellers': '6478', 'license': 'Busch Modellbau Ausgestaltung/Bäume', 'Altersempfehlung ab': '10 Jahre', 'Altersempfehlung bis': '99 Jahre', 'Materialdetails': 'Kunststoff (Hauptsächlich)', 'Material': 'Kunststoff (Hauptsächlich)', 'Inhalt': '1 Stk.', 'Produkttyp': 'Bäume'}"||||||||Kunststoff (Hauptsächlich)||||||0|0|706326_1.png|https://static.mueller.de/62627794-PB-0/pdzoom/busch-6478-h0-wald-set.webp|706326_2.png|https://static.mueller.de/62627794-PB-1/pdzoom/busch-6478-h0-wald-set.webp||||||||||||||||||||6478||||||||||1 Stk.|||False||706326P|||||||||1
706321|mueller||||||||2024-10-28|BUSCH 6003 H0 - Sonnenblumenfeld|BUSCH MODELLSPIELWAREN||1|Stk.|Home|Spielwaren|Modellbau & Modelleisenbahn|Modelleisenbahn|Landschaftsbau|BUSCH 6003 H0 - Sonnenblumenfeld||9,99 €|9,99 €||||||||||||||EUR|Home> Spielwaren> Modellbau & Modelleisenbahn> Modelleisenbahn> Landschaftsbau> BUSCH 6003 H0 - Sonnenblumenfeld|https://www.mueller.at/p/busch-6003-h0-sonnenblumenfeld-706321/|1 Stk.|Busch Modellbahnzubehör - SonnenblumenfeldBausatz für 60 naturgetreue Sonnenblumen (einschließlich Grundplatten).||||||||10 Jahre||||||||||||||Non-Organic||||"{'Spur Modelleisenbahn': 'H0 - 1:87', 'particularities': 'Der Hersteller behält sich farbliche und technische Änderungen vor. Zur Darstellung der Neuheiten werden zum Teil Originalfotos und Prototypen eingesetzt. Abweichungen zum Lieferzustand des Modells sind möglich.', 'target_group': 'Erwachsene|Jugendliche', 'Artikelnummer des Herstellers': '6003', 'license': 'Busch Modellbau Ausgestaltung/Bäume', 'Altersempfehlung ab': '10 Jahre', 'Altersempfehlung bis': '99 Jahre', 'Inhalt': '1 Stk.', 'Produkttyp': 'Streumaterial'}"||||||||||||||5.0|1|706321_1.png|https://static.mueller.de/203503088-PB-0/pdzoom/busch-6003-h0-sonnenblumenfeld.webp||||||||||||||||||||||6003||||||||||1 Stk.|||False||706321P|||||||||1
22725|mueller||||||||2024-10-28|Frosch Holzreiniger|||750|ml|Home|Drogerie|Haushalt|Putzen & Reinigen|Möbelpflege|Frosch Holzreiniger||3,45 €|3,45 €|||||||||||4,60 € / 1 l|||EUR|Home> Drogerie> Haushalt> Putzen & Reinigen> Möbelpflege> Frosch Holzreiniger|https://www.mueller.at/p/frosch-holzreiniger-22725/|750 ml|"Die Marke Frosch steht für Bio-Qualität seit 1986 und verbindet Tradition mit innovativen Produkt- und Nachhaltigkeitskonzepten. Das Sortiment umfasst umweltfreundliche und hautschonende Wasch- und Reinigungsmittel sowie Kosmetikprodukte und Raumerfrischer. Gut für Mensch, Tier und Umwelt lautet der Grundsatz von Frosch. 
Die veganen und tierversuchsfreien Produkte verzichten auf schädliche Inhaltsstoffe wie zum Beispiel Mikroplastik. Stattdessen nutzt Frosch pflanzlich basierte Inhaltsstoffe, vorzugsweise aus heimischem Anbau wie Raps oder Stroh und ausgewählte Duftstoffe, die für eine clevere Kombination aus guter Leistung und Schonung von Mensch und Natur sorgen.   
Doch nicht nur die Rezeptur, auch die Verpackung spielt bei Frosch eine große Rolle. Im Rahmen seiner Recyclat-Initiative macht sich die Marke für Wiederverwertung von Plastik stark. Schon heute bestehen die PET-Reinigerflaschen aus 100% Altplastik. 20% davon stammen bereits aus dem Gelben Sack. Reinigt und schützt mit natürlichen Pflegewirkstoffen der Kiefer."||Vor Frost schützen.||||||||||||||||||||Non-Organic||||{'Lagerhinweis': 'Vor Frost schützen.', 'target_group': 'Unisex', 'manufacturer': 'Werner & Mertz GmbH', 'Herstelleradresse': 'Rheinallee 96, 55120 Mainz', 'Kontaktmöglichkeit': 'verbraucherberatung@werner-mertz.com', 'Anwendungshinweis': 'Dosierung: 2 Esslöffel (30ml) auf 5 L warmes Wasser.\nBei kleinen hartnäckigen Verschmutzungen unverdünnt auftragen, einwirken lassen und gut abspülen.\nNicht mit anderen Produkten mischen.', 'package_contents': '<5% nichtionische Tenside, Duftstoffe (Linalool), Konservierungsmittel (Sodium Pyrithione, Phenoxyethanol). Weitere Inhaltsstoffe: Kiefernextrakt, Orangenextrakt.', 'Inhalt': '750 ml', 'Batterien erforderlich': 'Nein', 'Produkttyp': 'Bodenreiniger'}||||||||||||||4.0|1|22725_1.png|https://static.mueller.de/markant_04001499921629_pv_4827131/pdzoom/frosch-holzreiniger.webp|22725_2.png|https://static.mueller.de/markant_04001499921629_pr_4953920/pdzoom/frosch-holzreiniger.webp|22725_3.png|https://static.mueller.de/markant_04001499921629_pd_4822965/pdzoom/frosch-holzreiniger.webp|22725_4.png|https://static.mueller.de/markant_04001499921629_pd_4822963/pdzoom/frosch-holzreiniger.webp|22725_5.png|https://static.mueller.de/markant_04001499921629_pd_4822964/pdzoom/frosch-holzreiniger.webp||||||||||||||Werner & Mertz GmbH||||||||||750 ml|<5% nichtionische Tenside, Duftstoffe (Linalool), Konservierungsmittel (Sodium Pyrithione, Phenoxyethanol). Weitere Inhaltsstoffe: Kiefernextrakt, Orangenextrakt.||True||22725P||||Außer Reichweite von Kindern aufbewahren.|||||5
364151|mueller||||||||2024-10-28|ARTDECO Nail Whitener French Look|ARTDECO||10|ml|Home|Parfümerie|Pflege|Hand- & Fußpflege|Nagelpflege|ARTDECO Nail Whitener French Look||9,95 €|9,95 €|||||||||||995,00 € / 1 l|||EUR|Home> Parfümerie> Pflege> Hand- & Fußpflege> Nagelpflege> ARTDECO Nail Whitener French Look|https://www.mueller.at/p/artdeco-nail-whitener-french-look-364151/|10 ml|Der pastellige Speziallack verleiht den Nägeln einen dezenten French Manicure Look und hellt verfärbte Nägel auf. Er schenkt ihnen einen halbtransparenten Porzellanschimmer.||||||||||||||||||||||Non-Organic||||{'manufacturer': 'Artdeco Cosmetic GmbH', 'Herstelleradresse': 'Gaußstr. 13, 85757 Karlsfeld', 'Kontaktmöglichkeit': 'produktdaten@artdeco.com', 'Anwendungshinweis': 'Ein bis zwei Schichten auf die gereinigten Nägel auftragen. Nach jeder Schicht trocknen lassen.', 'package_contents': 'BUTYL ACETATE, ETHYL ACETATE, NITROCELLULOSE, ACETYL TRIBUTYL CITRATE, ADIPIC ACID/NEOPENTYL GLYCOL/TRIMELLITIC ANHYDRIDE COPOLYMER, ISOPROPYL ALCOHOL, ACRYLATES COPOLYMER, STEARALKONIUM BENTONITE, TITANIUM DIOXIDE (NANO), MICA, BENZOPHENONE-1, N-BUTYL ALCOHOL, TRIMETHYLPENTANEDIYL DIBENZOATE, POLYVINYL BUTYRAL, ALUMINUM HYDROXIDE, HYDROGEN DIMETHICONE, TIN OXIDE, CI 19140 (YELLOW 5 LAKE), CI 77491 (IRON OXIDES), CI 77499 (IRON OXIDES), CI 77891 (TITANIUM DIOXIDE)', 'Inhalt': '10 ml', 'scope_of_application': 'Nagelpflege', 'Produkttyp': 'Pflegelack'}||||||||||||||0|0|364151_1.png|https://static.mueller.de/263308757-PV-0/pdzoom/artdeco-nail-whitener-french-look.webp||||||||||||||||||||||Artdeco Cosmetic GmbH||||||||||10 ml|BUTYL ACETATE, ETHYL ACETATE, NITROCELLULOSE, ACETYL TRIBUTYL CITRATE, ADIPIC ACID/NEOPENTYL GLYCOL/TRIMELLITIC ANHYDRIDE COPOLYMER, ISOPROPYL ALCOHOL, ACRYLATES COPOLYMER, STEARALKONIUM BENTONITE, TITANIUM DIOXIDE (NANO), MICA, BENZOPHENONE-1, N-BUTYL ALCOHOL, TRIMETHYLPENTANEDIYL DIBENZOATE, POLYVINYL BUTYRAL, ALUMINUM HYDROXIDE, HYDROGEN DIMETHICONE, TIN OXIDE, CI 19140 (YELLOW 5 LAKE), CI 77491 (IRON OXIDES), CI 77499 (IRON OXIDES), CI 77891 (TITANIUM DIOXIDE)||True||364151P|||||||||10
2786315|mueller||||||||2024-10-28|essence Glow Serum Primer Hello Good Stuff|ESSENCE||30|ml|Home|Parfümerie|Pflege|Gesichtspflege|Spezialpflege|essence Glow Serum Primer Hello Good Stuff||4,95 €|4,95 €|||||||||||165,00 € / 1 l|||EUR|Home> Parfümerie> Pflege> Gesichtspflege> Spezialpflege> essence Glow Serum Primer Hello Good Stuff|https://www.mueller.at/p/essence-glow-serum-primer-hello-good-stuff-2786315/|30 ml|Der HELLO, GOOD STUFF! GLOW SERUM PRIMER ist mit Wassermelonenwasser und Niacinamid angereichert und besteht zu 93% aus natürlichen Inhaltsstoffen. Die leichte Geltextur zieht schnell ein und spendet der Haut einen sofortigen Frischekick und Feuchtigkeitsboost. Das Serum sorgt für extrasofte Haut - die perfekte Base für ein anschließendes Make-up oder einfach so, als Teil der Skincare-Routine. Feuchtigkeitsspendender Serum Primer als Base fürs Make-up oder Teil der Skincare-RoutineMit 93% natürlichen Inhaltsstoffen, Wassermelonenwasser & NiacinamidDie leichte Geltextur zieht schnell ein & verleiht extrasofte Haut||||||||||||||||||||||Non-Organic||||"{'target_group': 'Damen', 'manufacturer': 'cosnova', 'Herstelleradresse': 'Frankfurt (D-65843) - New York (NY 10003) – London (EC4A 4AB)', 'Kontaktmöglichkeit': 'service@cosnova.eu', 'Anwendungshinweis': 'Ein pflegendes Gesichtsserum lässt sich ganz einfach in die tägliche Beauty-Routine integrieren: einfach nach der Gesichtsreinigung ein paar Tropfen Serum auf Gesicht, Hals und Dekolleté auftragen, sanft einmassieren und einziehen lassen. Anschließend kann die normale Tagespflege aufgetragen werden.', 'package_contents': 'AQUA (WATER), GLYCERIN, CAPRYLIC/CAPRIC TRIGLYCERIDE, NIACINAMIDE, CITRULLUS LANATUS (WATERMELON) FRUIT WATER, DECYL GLUCOSIDE, ISOPROPYL MYRISTATE, PENTYLENE GLYCOL, GLYCOL DISTEARATE, TOCOPHEROL, CARBOMER, COCO-GLUCOSIDE, SODIUM ASCORBYL PHOSPHATE, ETHYLHEXYLGLYCERIN, CITRUS AURANTIUM DULCIS (ORANGE) PEEL OIL, SODIUM CHLORIDE, SODIUM SULFATE, SODIUM HYDROXIDE, CITRIC ACID, PHENOXYETHANOL, SODIUM BENZOATE, PARFUM (FRAGRANCE), LIMONENE, CI 14700 (RED 4).', 'skin_type': 'normale Haut', 'product_property': 'feuchtigkeitsspendend|glättend|pflegend', 'Inhalt': '30 ml', 'scope_of_application': 'Spezialpflege', 'Produkttyp': 'Fixing'}"||||||||||||||4.625|8|2786315_1.png|https://static.mueller.de/markant_04059729360717_pv_4540166/pdzoom/essence-glow-serum-primer-hello-good-stuff.webp|2786315_2.png|https://static.mueller.de/markant_04059729360717_pd_3998882/pdzoom/essence-glow-serum-primer-hello-good-stuff.webp|2786315_3.png|https://static.mueller.de/markant_04059729360717_pd_3998878/pdzoom/essence-glow-serum-primer-hello-good-stuff.webp|2786315_4.png|https://static.mueller.de/markant_04059729360717_pd_3998877/pdzoom/essence-glow-serum-primer-hello-good-stuff.webp|2786315_5.png|https://static.mueller.de/markant_04059729360717_pd_4528214/pdzoom/essence-glow-serum-primer-hello-good-stuff.webp|2786315_6.png|https://static.mueller.de/markant_04059729360717_pd_3998879/pdzoom/essence-glow-serum-primer-hello-good-stuff.webp||||||||||||cosnova||||||||||30 ml|AQUA (WATER), GLYCERIN, CAPRYLIC/CAPRIC TRIGLYCERIDE, NIACINAMIDE, CITRULLUS LANATUS (WATERMELON) FRUIT WATER, DECYL GLUCOSIDE, ISOPROPYL MYRISTATE, PENTYLENE GLYCOL, GLYCOL DISTEARATE, TOCOPHEROL, CARBOMER, COCO-GLUCOSIDE, SODIUM ASCORBYL PHOSPHATE, ETHYLHEXYLGLYCERIN, CITRUS AURANTIUM DULCIS (ORANGE) PEEL OIL, SODIUM CHLORIDE, SODIUM SULFATE, SODIUM HYDROXIDE, CITRIC ACID, PHENOXYETHANOL, SODIUM BENZOATE, PARFUM (FRAGRANCE), LIMONENE, CI 14700 (RED 4).||True||2786315P|||||||||10
2811800|mueller||||||||2024-10-28|NICI Panther 10cm Bb SA|NICI||1|Stk.|Home|Spielwaren|Kuscheltiere & Puppen|Kuscheltiere|Stofftiere|NICI Panther 10cm Bb SA||7,99 €|7,99 €||||||||||||||EUR|Home> Spielwaren> Kuscheltiere & Puppen> Kuscheltiere> Stofftiere> NICI Panther 10cm Bb SA|https://www.mueller.at/p/nici-panther-10cm-bb-sa-2811800/|1 Stk.|Der Panther wird durch sein graues Fell mit dunkler Musterung aus hochwertigem NICI Plüsch zum edel anmutenden Schlüsselanhänger. Sein freundliche Gesicht und die kleinen weichen Ohren verleihen ihm einen niedlichen Touch.||||||||3 Jahre||||||||||||||Non-Organic||||{'manufacturer': 'Nici GmbH', 'Herstelleradresse': 'Langheimerstr. 94,96264 Altenkunstadt', 'Altersempfehlung ab': '3 Jahre', 'Altersempfehlung bis': '99 Jahre', 'Inhalt': '1 Stk.', 'Produkttyp': 'Schlenkertiere'}||||||||||||||0|0|2811800_1.png|https://static.mueller.de/7118703515-PV-0/pdzoom/nici-panther-10cm-bb-sa.webp||||||||||||||||||||||Nici GmbH||||||||||1 Stk.|||False||2811800P|||||||||1
706341|mueller||||||||2024-10-28|BUSCH 7189 HO/N - Starter-Kit Basic|BUSCH MODELLSPIELWAREN||1|Stk.|Home|Spielwaren|Modellbau & Modelleisenbahn|Modelleisenbahn|Landschaftsbau|BUSCH 7189 HO/N - Starter-Kit Basic||19,99 €|19,99 €||||||||||||||EUR|Home> Spielwaren> Modellbau & Modelleisenbahn> Modelleisenbahn> Landschaftsbau> BUSCH 7189 HO/N - Starter-Kit Basic|https://www.mueller.at/p/busch-7189-ho-n-starter-kit-basic-706341/|1 Stk.|Busch Modellbahnzubehör - Starter-Kit BasicPreisgünstige Grundausstattung für die Ausgestaltung Ihrer ersten Modellbahnanlage: Zwei Bäume, vier verschiedenen Streumaterialien, Moos, Steine, Seepapier und Korkrinde. Zusätzlich enthält das Set einen Weidezaun zur Gestaltung von ländlichen Szenen.||||||||10 Jahre||||||||||||||Non-Organic||||"{'Spur Modelleisenbahn': 'N - 1:160|H0 - 1:87|TT - 1:120', 'particularities': 'Der Hersteller behält sich farbliche und technische Änderungen vor. Zur Darstellung der Neuheiten werden zum Teil Originalfotos und Prototypen eingesetzt. Abweichungen zum Lieferzustand des Modells sind möglich.', 'target_group': 'Grundschüler|Jugendliche|Erwachsene', 'Artikelnummer des Herstellers': '7189', 'license': 'Busch Modellbau Gelände-/Landschaftsbau', 'Altersempfehlung ab': '10 Jahre', 'Altersempfehlung bis': '99 Jahre', 'Materialdetails': 'Kunststoff (Hauptsächlich)', 'Material': 'Kunststoff (Hauptsächlich)', 'Inhalt': '1 Stk.', 'Produkttyp': 'Bäume'}"||||||||Kunststoff (Hauptsächlich)||||||0|0|706341_1.png|https://static.mueller.de/62628784-VV-0/pdzoom/busch-7189-ho-n-starter-kit-basic.webp|706341_2.png|https://static.mueller.de/62628784-PB-1/pdzoom/busch-7189-ho-n-starter-kit-basic.webp||||||||||||||||||||7189||||||||||1 Stk.|||False||706341P|||||||||1
667726|mueller||||||||2024-10-28|SENSAI MASCARA 38°C COLLECTION Eyelash Base|SENSAI||6|ml|Home|Parfümerie|Make-up|Augen|Mascara|SENSAI MASCARA 38°C COLLECTION Eyelash Base||34,95 €|34,95 €||||||||||||||EUR|Home> Parfümerie> Make-up> Augen> Mascara> SENSAI MASCARA 38°C COLLECTION Eyelash Base|https://www.mueller.at/p/sensai-mascara-38-c-collection-eyelash-base-667726/|6 ml|"Pflegt und beschichtet die Wimpern vor dem Anwenden der Mascara
für noch ausdrucksvollere Wimpern, mehr Länge, Haltbarkeit und Volumen."||||||||||||||||||||||Non-Organic||||"{'Effekt': 'verlängernd|verdichtend|Volumen|langanhaltend|langer Halt', 'target_group': 'Damen', 'manufacturer': 'Kanebo Cosmetics Deutschland GmbH', 'Herstelleradresse': 'Pöseldorfer Weg 20, 20148 Hamburg', 'Anwendungshinweis': 'Auf die Wimpern auftragen und mit der Mascara fortfahren.', 'package_contents': 'Aqua, Acrylates Copolymer, Cera Alba, Talc, Stearic Acid, Cetearyl Alcohol, Copernicia Cerifera Cera, Dipropylene Glycol, Polyvinyl Alcohol, Aminomethyl Propanol, Magnesium Aluminum Silicate, Disodium EDTA, Synthetic Fluorphlogopite, Glycine Soja Oil, Alcohol, Lauroyl Lysine, Hydrolyzed Silk, Swertia Japonica Extract, Daucus Carota Sativa Root Extract, Tocopherol, Phenoxyethanol, Methylparaben, Sodium Dehydroacetate, CI 77120', 'Inhalt': '6 ml', 'scope_of_application': 'Augen', 'Produkttyp': 'Wimperntusche'}"||||||||||||||0|0|667726_1.png|https://static.mueller.de/6666120733-PV-0/pdzoom/sensai-mascara-38-c-collection-eyelash-base.webp||||||||||||||||||||||Kanebo Cosmetics Deutschland GmbH||||||||||6 ml|Aqua, Acrylates Copolymer, Cera Alba, Talc, Stearic Acid, Cetearyl Alcohol, Copernicia Cerifera Cera, Dipropylene Glycol, Polyvinyl Alcohol, Aminomethyl Propanol, Magnesium Aluminum Silicate, Disodium EDTA, Synthetic Fluorphlogopite, Glycine Soja Oil, Alcohol, Lauroyl Lysine, Hydrolyzed Silk, Swertia Japonica Extract, Daucus Carota Sativa Root Extract, Tocopherol, Phenoxyethanol, Methylparaben, Sodium Dehydroacetate, CI 77120||True||667726P|||||||||4
667719|mueller||||||||2024-10-28|SENSAI Mascara 38°C Collection Volumising|SENSAI||8|ml|Home|Parfümerie|Make-up|Augen|Mascara|SENSAI Mascara 38°C Collection Volumising||37,95 €|37,95 €||||||||||||||EUR|Home> Parfümerie> Make-up> Augen> Mascara> SENSAI Mascara 38°C Collection Volumising|https://www.mueller.at/p/sensai-mascara-38-c-collection-volumising-667719/|8 ml|"Wasserfeste und ölresistente 38°C-Formulierung mit Rich Film Volumiser. Verleiht den einzelnen
Wimpern sofort mehr Fülle. Lässt sich mit Wasser von mindestens 38°C entfernen. In schwarz."||||||||||||||||||||||Non-Organic||||{'Wasserfest': 'Ja', 'Effekt': 'Volumen', 'target_group': 'Damen', 'manufacturer': 'Kanebo Cosmetics Deutschland GmbH', 'Herstelleradresse': 'Pöseldorfer Weg 20, 20148 Hamburg', 'Anwendungshinweis': 'Für ein optimales Ergebnis vor dem Auftragen, die SENSAI EYELASH BASE verwenden.', 'package_contents': 'Aqua, Acrylates Copolymer, Cera Alba, Copernicia Cerifera Cera, Stearic Acid, Dipropylene Glycol, Candelilla Cera, Cetearyl Alcohol, Triethanolamine, Polyvinyl Alcohol, Hydroxyethylcellulose, Disodium EDTA, Synthetic Fluorphlogopite, Glycine Soja Oil, Alcohol, Lauroyl Lysine, Hydrolyzed Silk, Swertia Japonica Extract, Daucus Carota Sativa Root Extract, Tocopherol, Phenoxyethanol, Methylparaben, Sodium Dehydroacetate, CI 77120, CI 77499', 'Farbnummer': 'MV-1', 'Farbe': 'Black', 'Inhalt': '8 ml', 'scope_of_application': 'Augen', 'Produkttyp': 'Wimperntusche'}||||||Black||||||||0|0|667719_1.png|https://static.mueller.de/6645278062-PV-0/pdzoom/sensai-mascara-38-c-collection-volumising.webp||||||||||||||||||||||Kanebo Cosmetics Deutschland GmbH||||||||||8 ml|Aqua, Acrylates Copolymer, Cera Alba, Copernicia Cerifera Cera, Stearic Acid, Dipropylene Glycol, Candelilla Cera, Cetearyl Alcohol, Triethanolamine, Polyvinyl Alcohol, Hydroxyethylcellulose, Disodium EDTA, Synthetic Fluorphlogopite, Glycine Soja Oil, Alcohol, Lauroyl Lysine, Hydrolyzed Silk, Swertia Japonica Extract, Daucus Carota Sativa Root Extract, Tocopherol, Phenoxyethanol, Methylparaben, Sodium Dehydroacetate, CI 77120, CI 77499||True||667719P|||||||||6
246912|mueller||||||||2024-10-28|Red Bull Energy Drink The Yellow Edition Tropical|RED BULL||250|ml|Home|Drogerie|Lebensmittel|Getränke|Sport- & Energydrinks|Red Bull Energy Drink The Yellow Edition Tropical||1,59 €|1,59 €|||||||||||6,36 € / 1 l|||EUR|Home> Drogerie> Lebensmittel> Getränke> Sport- & Energydrinks> Red Bull Energy Drink The Yellow Edition Tropical|https://www.mueller.at/p/red-bull-energy-drink-the-yellow-edition-tropical-246912/|250 ml|"Die Red Bull Yellow Edition mit dem Geschmack tropischer Früchte enthält die gleichen qualitativ hochwertigen Inhaltsstoffe wie der klassische Red Bull Energy Drink. Die Red Bull Editions, die #1 unter den Energy Drinks mit Geschmack in Österreich, verleihen Flügel, wann immer man sie braucht: beim Autofahren, wenn Vorlesungen oder Prüfungen anstehen, bei der Arbeit, beim Sport oder Gaming oder beim Ausgehen – am Tag oder in der Nacht.
Das Produkt: 250 ml Dose Red Bull Energy Tropical, die spezielle Formel von Red Bull Yellow Edition enthält Zutaten höchster Qualität: Koffein, Taurin, B-Komplex-Vitamine, Zucker, alpines Wasser, Red Bull Dosen bestehen zu 100 % aus recycelbarem Aluminium."|||||Österreich||||||{'Nährwerte je': '100 ml', 'Brennwert': '198 kj / 46 kcal', 'Fett in g': '0', '- davon gesättigte Fettsäuren in g': '0', 'Kohlenhydrate in g': '11', '- davon Zucker in g': '11', 'Eiweiß in g': '0', 'Salz in g': '0.1'}|||||||||||Non-Organic||||"{'manufacturer': 'Red Bull GmbH', 'Herstelleradresse': 'Vorarlberg', 'Kontaktmöglichkeit': 'info.de@redbull.com', 'Herkunftsland': 'Österreich', 'Inhalt': '250 ml', 'Zutaten': ""Wasser, Saccharose, Glucose, Säuerungsmittel (Citronensäure), Kohlensäure, Taurin (0,4%), Säureregulator (Natriumcitrat), Koffein (0,03%), Vitamine (Niacin, Pantothensäure, B6, B12), Aromen, Farbstoffe (Zuckerkulör, Beta-apo-8'-Carotinal(C30), Riboflavine), Stabilisator (Saccharoseacetatisobutyrat, Glycerinester aus Wurzelharz) - Bitte stets das aktuelle Produktlabel beachten!"", 'Produkttyp': 'Sport- & Energiegetränke'}"||||||||||||||0|0|246912_1.png|https://static.mueller.de/pdzoom/90415869_20062024_PV.webp|246912_2.png|https://static.mueller.de/pdzoom/90415869_20062024_2.webp|246912_3.png|https://static.mueller.de/pdzoom/90415869_20062024_3.webp|246912_4.png|https://static.mueller.de/pdzoom/90415869_20062024_5.webp|246912_5.png|https://static.mueller.de/pdzoom/90415869_20062024_4.webp||||||||||||||Red Bull GmbH||||||||||250 ml|||True||246912P|||||||||10
521245|mueller||||||||2024-10-28|JOJO Genesungswichtel|JOJO||1|Stk.|Home|Haushalt|Wohnen & Dekorieren|Deko-Zubehör|JOJO Genesungswichtel|||4,99 €|4,99 €||||||||||||||EUR|Home> Haushalt> Wohnen & Dekorieren> Deko-Zubehör> JOJO Genesungswichtel|https://www.mueller.at/p/jojo-genesungswichtel-521245/|1 Stk.|"Kärtchentext:
""Gute Besserung von mir,
bin in Gedanken oft bei Dir.
Werde bitte bald gesund,
dann wird das Leben wieder bunt.""

Größe des Wichtels: ca. 9cm
Die Karte wird mit einem zufälligen Wichtel (verschiedene Farben) geliefert.

JOJO Fair-Trade Siegel:
Die JOJO Glückswichtel werden von Hand in BSCI-zertifizierten Betrieben in China hergestellt. D.h. die fairen Arbeitsbedingungen werden dort streng überwacht. Textideen und Grafikdesign sowie Polybeutel- und Kartenproduktion stammen aus Deutschland.  
Dieser liebevolle Genesungswichtel ist durch seine herzliche Anmutung und den netten Spruch das ideale Geschenk um einem geliebten Menschen sein Mitgefühl auszudrücken und ihm eine gute Besserung zu wünschen. Durch das leichte Gewicht und die handlichen Maße kann er überall als Glücksbringer, Beschützer, Mutmacher und Talisman mitgetragen werden. Drücke deine Zuneigung auf witzige und charmante Weise aus und die Beschenkten werden sich bei jedem Anblick an die nette Botschaft erinnern und diese bestimmt nicht vergessen! 
Jedes Stück ein Unikat: Die Glücksbringer werden sorgfältig von Hand fair produziert.
Damit jeder möglichst lange etwas von diesem Glücksbringer hat, ist er sorgsam in einer wiederverschließbaren , kompostierbaren Schutzfolie verpackt. 
Extra Geschenkkarte: Jedem Glückswichtel liegt eine 4-farbige Geschenkkarte (ca. 9x13cm) mit passendem Text auf der Vorderseite bei. Die Rückseite bietet genügend Platz um noch eine persönliche Botschaft ergänzen zu können."||||||||||||||||||||||Non-Organic||||{'Pflegehinweis': 'Nicht waschen', 'manufacturer': 'JOJO Joachim Kürz e.K.', 'Herstelleradresse': 'Dr.-Rudolf-Eberle-Str. 12, DE-79725 Laufenburg', 'Kontaktmöglichkeit': 'info@jojo-line.de', 'Inhalt': '1 Stk.'}||||||||||||||0|0|521245_1.png|https://static.mueller.de/6658615861-PV-0/pdzoom/jojo-genesungswichtel.webp||||||||||||||||Nicht waschen||||||JOJO Joachim Kürz e.K.||||||||||1 Stk.|||True||521245P|||||||||10
770990|mueller||||||||2024-10-28|DR. GRANDEL Effect Peeling|DR. GRANDEL||75|ml|Home|Naturshop|Pflege|Gesichtspflege|Reinigung|Gesichtspeeling|DR. GRANDEL Effect Peeling|30,90 €|30,90 €|||||||||||412,00 € / 1 l|||EUR|Home> Naturshop> Pflege> Gesichtspflege> Reinigung> Gesichtspeeling> DR. GRANDEL Effect Peeling|https://www.mueller.at/p/dr-grandel-effect-peeling-770990/|75 ml|"Für ein porentief reines, verfeinertes Hautbild. Peeling auf Enzymbasis mit Bambus und Kaolin. Entfernt verhornte Hautschüppchen und Unreinheiten. Zusätzlich adsorbiert weiße Tonerde überschüssigen
Talg, verfeinert die Poren und glättet das Hautrelief. Effect Peeling sorgt für einen ebenmäßigen und strahlenden Teint."||||||||||||||||||||||Non-Organic||||"{'target_group': 'Damen', 'manufacturer': 'DR. GRANDEL GmbH', 'Herstelleradresse': 'Pfladergasse 7-13, 86150 Augsburg', 'Kontaktmöglichkeit': 'info@grandel.de', 'Anwendungshinweis': 'Ein bis zwei Mal wöchentlich auf die\ngereinigte Haut von Gesicht, Hals und Dekolleté\nauftragen. Idealerweise 10 Minuten einwirken lassen.\nBei Bedarf mit kreisenden Bewegungen sanft\neinmassieren. Mit lauwarmem Wasser abwaschen.\nNICHT IN DIE AUGEN GELANGEN LASSEN.', 'package_contents': 'Aqua (Water), Kaolin, Talc, Cetearyl Alcohol, Glycerin, Butylene Glycol, Bambusa Arundinacea (Bamboo) Stem Extract, Ethylhexyl Isononanoate, Propylene Glycol, Magnesium Aluminum Silicate, Xanthan Gum, Sodium Cetearyl Sulfate, Acrylates/C10-30 Alkyl Acrylate Crosspolymer, Disodium EDTA, Citric Acid, Bacillus Ferment, Phenoxyethanol, Methylparaben, Propylparaben, Ethylparaben, Potassium Sorbate, Benzyl Salicylate, Alpha-Isomethyl Ionone, Parfum (Fragrance), CI 19140 (Yellow 5), CI 42090 (Blue 1)', 'skin_type': 'Mischhaut|normale Haut|trockene Haut|ölige Haut', 'product_property': 'hautbildverfeinernd|porenverfeinernd|reinigend', 'Inhalt': '75 ml', 'scope_of_application': 'Reinigung', 'Produkttyp': 'Gesichtspeeling'}"||||||||||||||5.0|1|770990_1.png|https://static.mueller.de/6269029626-PV-0/pdzoom/dr-grandel-effect-peeling.webp||||||||||||||||||||||DR. GRANDEL GmbH||||||||||75 ml|Aqua (Water), Kaolin, Talc, Cetearyl Alcohol, Glycerin, Butylene Glycol, Bambusa Arundinacea (Bamboo) Stem Extract, Ethylhexyl Isononanoate, Propylene Glycol, Magnesium Aluminum Silicate, Xanthan Gum, Sodium Cetearyl Sulfate, Acrylates/C10-30 Alkyl Acrylate Crosspolymer, Disodium EDTA, Citric Acid, Bacillus Ferment, Phenoxyethanol, Methylparaben, Propylparaben, Ethylparaben, Potassium Sorbate, Benzyl Salicylate, Alpha-Isomethyl Ionone, Parfum (Fragrance), CI 19140 (Yellow 5), CI 42090 (Blue 1)||False||770990P|||||||||1
2890852|mueller||||||||2024-10-28|PILOT B2P EcoBall Kugelschreiber 3 + 1 Bonuspack|PILOT||1|Stk.|Home|Schreibwaren|Schreibgeräte|Kugelschreiber|PILOT B2P EcoBall Kugelschreiber 3 + 1 Bonuspack|||3,79 €|3,79 €|3,79 €|2,49 €||||34%|Sie sparen 34%|||||||EUR|Home> Schreibwaren> Schreibgeräte> Kugelschreiber> PILOT B2P EcoBall Kugelschreiber 3 + 1 Bonuspack|https://www.mueller.at/p/pilot-b2p-ecoball-kugelschreiber-3-1-bonuspack-IPN2890852/|1 Stk.|"Kugelschreiber ""Bottle 2 Pen"" mit Druckmechanik. Gefertigt aus PET Flaschen (aus einer PET-Flasche werden 3 Gehäuse gefertigt). Gehäuseoptik ist der Form einer PET Wasserflasche nachempfunden. Die Minenspitze sorgt für Langlebigkeit und hohe Druckresistenz. Minenstärke M. Besteht zu 89 % aus recycelten PET-Wasserflaschen (exkl. Verbrauchsmaterial). Nachfüllbar. Mit dem Österreichischen Umweltzeichen ausgezeichnet."||||||||||||||||||||||Non-Organic||||{'manufacturer': 'Pilot Pen (Deutschland) GmbH', 'Artikelnummer des Herstellers': '2014B4M', 'Inhalt': '1 Stk.', 'Produkttyp': 'Kugelschreiber'}||||||||||||||0|0|2890852_1.png|https://static.mueller.de/pdzoom/3131910433835.webp||||||||||||||||||||||Pilot Pen (Deutschland) GmbH||||||||||1 Stk.|||True||2890852P|||||||||10
731391|mueller||||||||2024-10-28|Microplane Premium Classic Gewürzreibe|MICROPLANE||1|Stk.|Home|Haushalt|Kochen & Backen|Küchenhelfer & -textilien|Spezialhelfer|Microplane Premium Classic Gewürzreibe||19,95 €|19,95 €|19,95 €|17,99 €||||10%|Sie sparen 10%|||||||EUR|Home> Haushalt> Kochen & Backen> Küchenhelfer & -textilien> Spezialhelfer> Microplane Premium Classic Gewürzreibe|https://www.mueller.at/p/microplane-premium-classic-gewuerzreibe-731391/|1 Stk.|Gewürzreibe der Premium Classic Serie reibt Gewürze sehr fein und macht jede Speise zum Geschmackserlebnis. Hergestellt mit der Photo- etching- Technologie ist die Klinge - made in USA - extrem scharf und reibt jedes noch so harte Gewürz besonders fein und frisch. Nehmen Sie Muskatnüsse, Zimt, Sternanis, Tonkabohnen oder andere Gewürze und erhalten Sie volles Aroma und einen unersetzlichen Geschmack. Mit der Reibe bringen Sie Gewürze frisch auf den Tisch!Länge: 22,9 cm||||||||||||||||||||||Non-Organic||||{'Geeignet für': 'Spuelmaschinen', 'Pflegehinweis': 'Gleich nach dem Reiben mögliche Reste leicht abklopfen und unter fließendem Wasser abspülen und trocknen lassen.', 'Inhalt': '1 Stk.'}||||||||||||||0|0|731391_1.png|https://static.mueller.de/6478485477-PV-0/pdzoom/microplane-premium-classic-gewuerzreibe.webp|731391_2.png|https://static.mueller.de/6478485477-PB-1/pdzoom/microplane-premium-classic-gewuerzreibe.webp||||||||||||||Gleich nach dem Reiben mögliche Reste leicht abklopfen und unter fließendem Wasser abspülen und trocknen lassen.||||||||||||||||1 Stk.|||False||731391P|||||Spuelmaschinen||||1
574879|mueller||||||||2024-10-28|Axe Bodyspray Africa ohne Aluminiumsalze|AXE||150|ml|Home|Drogerie|Pflege|Körperpflege|Deodorants|Spray|Axe Bodyspray Africa ohne Aluminiumsalze|3,95 €|3,95 €|||||||||||26,33 € / 1 l|||EUR|Home> Drogerie> Pflege> Körperpflege> Deodorants> Spray> Axe Bodyspray Africa ohne Aluminiumsalze|https://www.mueller.at/p/axe-bodyspray-africa-ohne-aluminiumsalze-IPN574879/|150 ml|"Die Welt ist voller Überraschungen und Abenteuer. Das Beste daran ist, dass man sie alle selbst erleben kann. Wir sind mobiler denn je und überall auf der Welt warten attraktive und geheimnisvolle Ziele darauf, erkundet zu werden. Abenteuer sind zu bestehen, es entstehen immer neue Freundschaften. Verbindung um Verbindung knüpft sich rund um die Welt. Für eine Welt voller neuer Erlebnisse wurde AXE Africa mit seinem aufregend-maskulinen Duft kreiert. Schon seit über einem Jahrzehnt ist es eines der beliebtesten Bodysprays und kombiniert den effektiven AXE-Schutz vor Körpergeruch mit einem wunderbaren, exotischen Duft, entwickelt von den besten Duftexperten der Welt. Mit der Dual Action Technology bekämpft das Bodyspray geruchsbildende Bakterien und bindet unangenehme Gerüche. Die innovative Zink-Technologie sorgt für ein besonderes Dufterlebnis. Vollkommen ohne Aluminiumsalze schützt AXE Africa seinen Träger so effektiv, dass er sich jederzeit auf seine anziehende Ausstrahlung verlassen kann. Der Duft ist exotisch komponiert und beeindruckt zugleich mit modernem Charakter. Die maskuline Basis aus Sandelholz, süßem Bernstein, Moschus und afrikanischen Gewürznoten ergibt eine leidenschaftliche Komposition mit der beschwingten Kopfnote. Hier sorgen frische Zitrusfrüchte und sinnlich-blumige Duftnoten wie Lavendel und Rosmarin für Eleganz. Im Zusammenspiel ergibt das einen Duft, der anregend auf alle Sinne wirkt und gleichzeitig sicher vor unangenehmen Gerüchen schützt. Einfach einen kurzen Sprühstoß auf die Achseln und den Oberkörper geben und 100% frischen Duft sowie bis zu 48 Stunden Deo-Schutz erfahren.

AXE setzt sich für Nachhaltigkeit ein – unsere Ambition ist, dass alle AXE Verpackungen bis 2025 recycelbar sind oder selbst schon recyceltes Material enthalten. Das Aluminium der Deodorant Dose ist unbegrenzt wiederverwertbar. Die leere Dose bitte ins Recycling geben. 

AXE Africa ist das effektive Deo ohne Aluminium mit dem exotischen Duft, der von einer interessierten Persönlichkeit erzählt, die überall auf der Welt zu Hause sein kann. 

THE AXE EFFECT AXE Bodyspray Africa – das Deo ohne Aluminium sorgt 48 Stunden lang für effektiven Schutz vor KörpergeruchMit der Fragrance Boost Technology kommt der Duft von AXE Bodyspray Africa nun unverfälscht und lang anhaltend zur GeltungDual Action Technology für doppelte Wirkung: das Bodyspray bekämpft geruchsbildende Bakterien und bindet unangenehme GerücheDas ideale Männerdeo sorgt dank geruchsbekämpfender Zink-Technologie für ein besonderes Dufterlebnis nach Sandelholz und MandarinenDas Aluminium der Deodorant Dose ist wiederverwertbar, daher das leere Deo bitte nach Verwendung ins Recycling gebenAXE Bodyspray Africa – das Deospray ohne Aluminium für Entdecker und Abenteurer"||||||||||||||||||||||Non-Organic||||{'manufacturer': 'Unilever RA', 'Herstelleradresse': '455, 3013 AL, NL', 'Kontaktmöglichkeit': '0800 0991197', 'package_contents': 'Alcohol Denat., Butane, Isobutane, Propane, Parfum, Zinc Neodecanoate, Isopropyl Myristate, Citronellol, Coumarin, Geraniol, Hexyl Cinnamal, Linalool.', 'Inhalt': '150 ml', 'scope_of_application': 'Deodorants', 'Produkttyp': 'Spray'}||||||||||||||3.0|1|574879_1.png|https://static.mueller.de/markant_08710447497258_pv_4828117/pdzoom/axe-bodyspray-africa-ohne-aluminiumsalze.webp|574879_2.png|https://static.mueller.de/markant_08710447497258_pv_4582447/pdzoom/axe-bodyspray-africa-ohne-aluminiumsalze.webp|574879_3.png|https://static.mueller.de/markant_08710447497258_pd_4614767/pdzoom/axe-bodyspray-africa-ohne-aluminiumsalze.webp|574879_4.png|https://static.mueller.de/markant_08710447497258_pd_4614762/pdzoom/axe-bodyspray-africa-ohne-aluminiumsalze.webp|574879_5.png|https://static.mueller.de/markant_08710447497258_pd_5029083/pdzoom/axe-bodyspray-africa-ohne-aluminiumsalze.webp|574879_6.png|https://static.mueller.de/markant_08710447497258_pd_4612395/pdzoom/axe-bodyspray-africa-ohne-aluminiumsalze.webp||||||||||||Unilever RA||||||||||150 ml|Alcohol Denat., Butane, Isobutane, Propane, Parfum, Zinc Neodecanoate, Isopropyl Myristate, Citronellol, Coumarin, Geraniol, Hexyl Cinnamal, Linalool.||True||574879P||||Gefahr WARNHINWEISE: Aus nicht weniger als 15 cm Entfernung sprühen. Nicht auf gereizter oder verletzter Haut anwenden. Bei Auftreten von Hautirritationen nicht weiter verwenden. Direktes Einatmen vermeiden. Nur kurz sprühen und in gut gelüfteten Räumen verwenden, längeres Sprühen vermeiden. Kontakt mit Augen und Intimbereich vermeiden. Benutzung ausschließlich gemäß Verwendungszweck. Nur entleert entsorgen.|||||10
2890841|mueller||||||||2024-10-28|Vitakraft Hundesnack CHICKEN Bonas® Kaustangen Huhn & Käse|VITAKRAFT||80|g|Home|Tiershop|Tiernahrung|Hund|Nahrungsergänzung|Vitakraft Hundesnack CHICKEN Bonas® Kaustangen Huhn & Käse||2,49 €|2,49 €|||||||||||31,13 € / 1 kg|||EUR|Home> Tiershop> Tiernahrung> Hund> Nahrungsergänzung> Vitakraft Hundesnack CHICKEN Bonas® Kaustangen Huhn & Käse|https://www.mueller.at/p/vitakraft-hundesnack-chicken-bonas-kaustangen-huhn-kaese-IPN2890841/|80 g|"Nach diesem raffinierten Snack wird Ihr Hund verrückt sein: Denn die schmackhaften Kaustangen aus Rinderhaut sind nicht nur mit viel herzhaftem Hähnchenfleisch umwickelt, sie sind auch noch mit verführerischen Käsestückchen gespickt. Für unwiderstehlichen Geschmack und eine Extraportion Kauspaß in bester Qualität – ohne Zusatz von Zucker, Soja, Getreide, Ei und Fleischmehlen. Auch auf alle Zusatzstoffe, von Konservierungsmitteln bis hin zu Geschmacksverstärkern, wird bei der Herstellung konsequent verzichtet. Neue nachhaltige Verpackung: Weniger Plastik, gleicher Inhalt! Verpackt sind die Kausnacks im wiederverschließbaren Beutel aus recyclingfähigem Material. Dabei ist die Beutelgröße ideal an die Inhaltsmenge angepasst, um unnötiges Plastik zu vermeiden. Genuss mit bestem Gewissen!

Kausnack für Hunde
Aus Rinderhaut mit Huhn
Mit Käsestückchen
100 % mageres Hähnchenfleisch im Fleischanteil
Ohne Zusatz von Zucker, Soja, Ei und Fleischmehlen
Ohne Getreide
Ohne Zusatz von Farb- und Konservierungsstoffen
Ohne Zusatz von Geschmacksverstärkern
Im wiederverschließbaren Beutel
Recyclingfähige Verpackung
"||Kühl und trocken lagern.|||||||Geflügel|||||||||||||Non-Organic||||"{'Lagerhinweis': 'Kühl und trocken lagern.', 'Futtermittelart': 'Ergänzungsfutter', 'manufacturer': 'Vitakraft pet care GmbH & Co. KG', 'Herstelleradresse': 'Mahndorfer Heerstr. 9, 28307 Bremen', 'Kontaktmöglichkeit': 'www.vitakraft.com', 'Öko-Kontrollstelle': 'αDENI361007', 'Zulassungsnummer': 'αDENI361007', 'Geeignet für Lebensphase': 'Adult', 'Geschmacksrichtung': 'Geflügel', 'packaging_type': 'Beutel', 'Inhalt': '80 g', 'Eigenschaften': 'Ohne Zuckerzusatz|Ohne Getreide|Ohne Farbstoffe|Ohne Zusatz von Konservierungsstoffen', 'Fütterungsempfehlung': 'Als herzhafte Belohnung zwischendurch.Wir empfehlen für Hunde mit einem Idealgewicht von …2-5kg: bis 0,5 Stück/Tag5-15kg: 0,5-1,5 Stück/Tag15-25kg: 1,5-2 Stück/Tag25-35kg: 2-3 Stück/Tag35-50kg: 3-3,5 Stück/TagEs handelt sich um Richtwerte, die je nach Alter, Aktivität und Rasse variieren können. Berücksichtigen Sie die verfütterte Menge bei der Tagesration und stellen Sie immer ausreichend Trinkwasser bereit.', 'Analytische Bestandteile': '20,00% Feuchtigkeit, 65,00% Protein, 3,50% Fettgehalt, 0,30% Rohfaser, 5,00% Rohasche', 'Zusammensetzung (Futter)': 'Hühnerfleisch 60%, Rinderhaut, Pflanzliche Nebenerzeugnisse, Milch und Molkereierzeugnisse (Käse 3%), Pflanzliche Eiweißextrakte, Mineralstoffe', 'Produkttyp': 'Nahrungsergänzung', 'Tiertyp': 'Hund'}"||||Als herzhafte Belohnung zwischendurch.Wir empfehlen für Hunde mit einem Idealgewicht von …2-5kg: bis 0,5 Stück/Tag5-15kg: 0,5-1,5 Stück/Tag15-25kg: 1,5-2 Stück/Tag25-35kg: 2-3 Stück/Tag35-50kg: 3-3,5 Stück/TagEs handelt sich um Richtwerte, die je nach Alter, Aktivität und Rasse variieren können. Berücksichtigen Sie die verfütterte Menge bei der Tagesration und stellen Sie immer ausreichend Trinkwasser bereit.|||||||Geflügel|||0|0|2890841_1.png|https://static.mueller.de/pdzoom/4008239585950.webp|2890841_2.png|https://static.mueller.de/pdzoom/4008239585950_1.webp||||||||||||||||||||Vitakraft pet care GmbH & Co. KG||||||||||80 g|||True||2890841P|||||Adult||||7
100295|mueller||||||||2024-10-28|Müller - Toy Place - Baby Mobiltelefon|TOY PLACE||1|Stk.|Home|Spielwaren|Baby & Kleinkind|Babyspielzeug|Weiteres Spielzeug|Müller - Toy Place - Baby Mobiltelefon||12,99 €|12,99 €||||||||||||||EUR|Home> Spielwaren> Baby & Kleinkind> Babyspielzeug> Weiteres Spielzeug> Müller - Toy Place - Baby Mobiltelefon|https://www.mueller.at/p/mueller-toy-place-baby-mobiltelefon-100295/|1 Stk.|"Sprechendes Lerntelefon mit lustigen Activties
Anleitungssprache DE, EN
• Musik- und Zahlenspaß mit 10 vorprogrammierten Melodien und lehrt die Zahlen von 0-9.
• Bildschirm mit bunter Grafik und blinkenden Zifferntasten.
• Echter Klingelton und Soundeffekte.
• Batteriengröße: 3 x 1,5 AAA"||||||||12 Monate||||||||||||||Non-Organic||||{'target_group': 'Kleinkinder', 'manufacturer': 'Winfat Industrial Company Limited', 'Herstelleradresse': 'Müller Handels GmbH & Co. KG, \nAlbstr. 92,\n89081 Ulm', 'Kontaktmöglichkeit': 'www.mueller.de', 'Artikelnummer des Herstellers': '100295', 'license': 'Toy Place Baby/Kleinkind', 'Altersempfehlung ab': '12 Monate', 'Altersempfehlung bis': '3 Jahre', 'Materialdetails': 'Kunststoff (Hauptsächlich)', 'Batterie-Typ': 'Zn/C', 'Inhalt': '1 Stk.', 'Produkttyp': 'Motorikspielzeug'}||||||||Kunststoff (Hauptsächlich)||||||3.6667|3|100295_1.png|https://static.mueller.de/62634010-PV-0/pdzoom/mueller-toy-place-baby-mobiltelefon.webp||||||||||||||||||||||Winfat Industrial Company Limited||||||||||1 Stk.|||True||100295P|||||||||10
2890847|mueller||||||||2024-10-28|PILOT Tintenroller FriXion Clicker 0.7 (M) +6x Mine Blau - 2er Blister|||1|Stk.|Home|Schreibwaren|Schreibgeräte|Tintenroller|PILOT Tintenroller FriXion Clicker 0.7 (M) +6x Mine Blau - 2er Blister|||7,99 €|7,99 €||||||||||||||EUR|Home> Schreibwaren> Schreibgeräte> Tintenroller> PILOT Tintenroller FriXion Clicker 0.7 (M) +6x Mine Blau - 2er Blister|https://www.mueller.at/p/pilot-tintenroller-frixion-clicker-0-7-m-6x-mine-blau-2er-blister-IPN2890847/|1 Stk.|Innovativer, radierbarer Tintenroller FriXion Clicker 0.7 mit Druckmechanik über den Clip. Ausgestattet mit der patentierten, thermosensitiven FriXion-Tinte. Mittels der Kunststoffspitze am Gehäuseende und der erzeugten Reibungswärme (ab ca. 60° C) kann das Geschriebene weggerieben werden. Kälte bewirkt den Umkehreffekt. Eine kurze Zeit im Gefrierfach (ab ca. -10° C) lässt die Schrift wieder erscheinen. Konische Edelstahlspitze für besonders hohe Druckresistenz und Langlebigkeit. Mit der passenden Mine BLS-FR7 (2261) nachfüllbar. Kugeldurchmesser: 0,7 mm (M). Strichbreite: ca. 0,4 mm. Gehäusefarbe = Schreibfarbe. Schreibfarbe: Blau. Verpackt als 2er Blister: bestehend aus FriXion Clicker 0.7 und passendem 6er Minenset in Blau. Nicht dokumentenecht.||||||||||||||||||||||Non-Organic||||{'scope_of_delivery': '2 Clicker + 6 Minen blau', 'Artikelnummer des Herstellers': '2270B4M2PM', 'Inhalt': '1 Stk.'}||||||||||||||5.0|2|2890847_1.png|https://static.mueller.de/pdzoom/3131910427414.webp||||||||||||||||||||||2270B4M2PM||||||||||1 Stk.|||True||2890847P|||||||||10
2497383|mueller||||||||2024-10-28|Central Park - Massaker in New York - Limited Edition Mediabook (+ DVD)|||1|Stk.|Home|Multi-Media|Filme & TV|Horror|Central Park - Massaker in New York - Limited Edition Mediabook (+ DVD)|||16,00 €|16,00 €||||||||||||||EUR|Home> Multi-Media> Filme & TV> Horror> Central Park - Massaker in New York - Limited Edition Mediabook (+ DVD)|https://www.mueller.at/p/central-park-massaker-in-new-york-limited-edition-mediabook-dvd-2497383/|1 Stk.|"Die Schule ist langweilig und das Familienleben unerträglich - anstatt Zeit zu Hause zu verbringen, hängt eine High-School-Clique um Harold (Justiin A. Davis) und seine Freundin Leyla (Grace van Patten) lieber im berühmten New Yorker Central Park ab. Sie ahnen jedoch nicht, dass ihr kommender Ausflug dorthin das absolute Grauen bereithält, denn ein rachsüchtiger Killer wartet nur darauf, sie für die Sünden ihrer Väter bezahlen zu lassen!  ""Central Park"", das Regie-Erstlingswerk des Schauspielers Justin Reinsilber, lässt das Herz von Fans von Slasher-Filmen wie ""Halloween"" oder ""Freitag, der 13."" höherschlagen. Blutig, angsteinflößend und mit einem brutalen Killer, der keine Gnade kennt."|||||||||||||||Europa, Vorderasien, Afrika, Australien|||||||Non-Organic||||"{'medium': 'Blu-ray Disc', 'Untertitel': 'Deutsch', 'manufacturer': 'Alive AG', 'Bildformat': 'HD|Widescreen', 'Zusatzinfos / Bonusmaterial beim Film dabei': 'Trailer;\nBooklet;\nPoster;', 'Inhalt': '1 Stk.', 'Laufzeit in min (gesamt)': '84', 'Produktionsjahr': '2017', 'Produktionsland': 'USA', 'Regionalcode': 'Europa, Vorderasien, Afrika, Australien', 'Regisseur': 'Justin Reinsilber', 'Schauspieler': 'Ruby Modine,Charles Borland,Deema Aitken,Guillermo Arribas,Malika Samuel,Justiin A. Davis,Grace van Patten', 'Special Edition': 'Nein', 'Tonformat-Sprache': 'Deutsch', 'packaging_type': 'Mediabook', 'Hauptgenre': 'Horror'}"||||||||||||||0|0|2497383_1.png|https://static.mueller.de/videojakob_4042564192902_pv_560308/pdzoom/central-park-massaker-in-new-york-limited-edition-mediabook-dvd.webp|2497383_2.png|https://static.mueller.de/pdzoom/videojakob_4042564192902_pr_560308-back.webp||||||||||||||||||||Alive AG||||||||||1 Stk.|||True||2497383P|||||||||5
22796|mueller||||||||2024-10-28|HERMA Hefthülle A5 aus Papier dunkelgrün|HERMA||1|Stk.|Home|Spielwaren|Buch & Schulbedarf|Schulranzen & Taschen|HERMA Hefthülle A5 aus Papier dunkelgrün|||0,45 €|0,45 €||||||||||||||EUR|Home> Spielwaren> Buch & Schulbedarf> Schulranzen & Taschen> HERMA Hefthülle A5 aus Papier dunkelgrün|https://www.mueller.at/p/herma-hefthuelle-a5-aus-papier-dunkelgruen-22796/|1 Stk.|Papier-Heftschoner von HERMA im Format A4 und A5, aus 100% Recycling Papier. Solide verarbeitet, mit aufgedrucktem Beschriftungsfeld und bedruckter Innenlasche für den optimalen Schutz vor Schmutz und Feuchtigkeit. Ideal für Schulen und Universitäten.||||||||||||||||||||||Non-Organic||||{'Inhalt': '1 Stk.', 'Produkttyp': 'Sonstiger Schulbedarf'}||||||||||||||0|0|22796_1.png|https://static.mueller.de/6772744465-PV-0/pdzoom/herma-hefthuelle-a5-aus-papier-dunkelgruen.webp||||||||||||||||||||||||||||||||1 Stk.|||True||22796P|||||||||10
2076372|mueller||||||||2024-10-28|Möbelgleiter, 125-tlg.|||1|Stk.|Home|Haushalt|Wohnen & Dekorieren|Deko-Zubehör|Möbelgleiter, 125-tlg.|||2,49 €|2,49 €||||||||||||||EUR|Home> Haushalt> Wohnen & Dekorieren> Deko-Zubehör> Möbelgleiter, 125-tlg.|https://www.mueller.at/p/moebelgleiter-125-tlg-2076372/|1 Stk.|"selbstklebend, sortierte Formen
schwarz und weiß
farbig sortiert
Filz

22 cm x 25,5 cm x 0,8 cm"||||||||||||||||||||||Non-Organic||||{'Inhalt': '1 Stk.'}||||||||||||||0|0|2076372_1.png|https://static.mueller.de/6662202910-PV-0/pdzoom/moebelgleiter-125-tlg.webp||||||||||||||||||||||||||||||||1 Stk.|||True||2076372P|||||||||8
770969|mueller||||||||2024-10-28|DR. GRANDEL Cleansing Milk|DR. GRANDEL||200|ml|Home|Naturshop|Pflege|Gesichtspflege|Reinigung|Reinigungsmilch & -balm|DR. GRANDEL Cleansing Milk|26,50 €|26,50 €|||||||||||132,50 € / 1 l|||EUR|Home> Naturshop> Pflege> Gesichtspflege> Reinigung> Reinigungsmilch & -balm> DR. GRANDEL Cleansing Milk|https://www.mueller.at/p/dr-grandel-cleansing-milk-770969/|200 ml|Für ein porentief reines, sanftes Hautgefühl.||||||||||||||||||||||Non-Organic||||"{'target_group': 'Damen', 'manufacturer': 'DR. GRANDEL GmbH', 'Herstelleradresse': 'Pfladergasse 7-13, 86150 Augsburg', 'Kontaktmöglichkeit': 'info@grandel.de', 'Anwendungshinweis': 'Auf die trockene Haut von Gesicht, Hals und Dekolleté\nauftragen und mit feuchten Händen massieren. Anschließend\nmit lauwarmem Wasser abwaschen. Zum Entfernen\nvon Make-up pur verwenden', 'package_contents': 'Aqua (Water), Caprylic/Capric Triglyceride, Canola Oil, Glycerin, Simmondsia Chinensis (Jojoba) Seed Oil, Decyl Glucoside, Trilaureth-4 Phosphate, Cetearyl Alcohol, Glyceryl Stearate, Potassium Palmitoyl Hydrolyzed Wheat Protein, Panthenol, Xanthan Gum, Sodium PCA, Acrylates/C10-30 Alkyl Acrylate Crosspolymer, Citric Acid, Pantolactone, Phenoxyethanol, Methylparaben, Propylparaben, Ethylparaben, Benzyl Salicylate, Alpha-Isomethyl Ionone, Parfum (Fragrance)', 'skin_type': 'Mischhaut|normale Haut|trockene Haut', 'product_property': 'reinigend|feuchtigkeitsspendend', 'Inhalt': '200 ml', 'scope_of_application': 'Reinigung', 'Produkttyp': 'Reinigungsmilch'}"||||||||||||||0|0|770969_1.png|https://static.mueller.de/6269029562-PV-0/pdzoom/dr-grandel-cleansing-milk.webp||||||||||||||||||||||DR. GRANDEL GmbH||||||||||200 ml|Aqua (Water), Caprylic/Capric Triglyceride, Canola Oil, Glycerin, Simmondsia Chinensis (Jojoba) Seed Oil, Decyl Glucoside, Trilaureth-4 Phosphate, Cetearyl Alcohol, Glyceryl Stearate, Potassium Palmitoyl Hydrolyzed Wheat Protein, Panthenol, Xanthan Gum, Sodium PCA, Acrylates/C10-30 Alkyl Acrylate Crosspolymer, Citric Acid, Pantolactone, Phenoxyethanol, Methylparaben, Propylparaben, Ethylparaben, Benzyl Salicylate, Alpha-Isomethyl Ionone, Parfum (Fragrance)||False||770969P|||||||||1
2629693|mueller||||||||2024-10-28|Glücksmantras für dich|-||1|Stk.|Home|Bücher|Geschenkbücher|Glücksmantras für dich||||8,30 €|8,30 €||||||||||||||EUR|Home> Bücher> Geschenkbücher> Glücksmantras für dich|https://www.mueller.at/p/gluecksmantras-fuer-dich-2629693/|1 Stk.|"Mehr Zeit für »Me-Time«
Es ist nicht leicht, den Alltag immer im Griff zu behalten – darum hast du dir auch mal eine Pause verdient. Diese wunderschön gestaltete Kartenbox mit 50 positiven Botschaften im Spielkartenformat schenkt dir kleine Glücksmomente für zwischendurch.
Ziehe eines der 50 Mantrakärtchen aus dem Stapel, wann immer du eine Auszeit vom Trubel des Alltags brauchst. Jede Karte wird dich zu motivierenden, entspannenden und Mut machenden Glückserlebnissen inspirieren und dir ein bisschen Zeit für dich selbst verschaffen."||||||||||||||||||||||Non-Organic||||"{'genre': 'Freizeit & Hobby|Ratgeber & Lebenshilfe', 'language': 'deutsch', 'publisher': 'arsEdition', 'Einband': 'Spiralbindung', 'Inhalt': '1 Stk.', 'ISBN Ausgangsbuch': '9783845836171', 'Produkttyp': 'Geschenkbücher', 'page_number': '51'}"||||||||||||||0|0|2629693_1.png|https://static.mueller.de/6765128761-PV-0/pdzoom/gluecksmantras-fuer-dich.webp|2629693_2.png|https://static.mueller.de/6765128761-PB-1/pdzoom/gluecksmantras-fuer-dich.webp||||||||||||||||||||||||||||||1 Stk.|||True||2629693P|||||||||10
521279|mueller||||||||2024-10-28|JOJO Schulwichtel|JOJO||1|Stk.|Home|Haushalt|Wohnen & Dekorieren|Deko-Zubehör|JOJO Schulwichtel|||4,99 €|4,99 €||||||||||||||EUR|Home> Haushalt> Wohnen & Dekorieren> Deko-Zubehör> JOJO Schulwichtel|https://www.mueller.at/p/jojo-schulwichtel-521279/|1 Stk.|"Dieser Glückswichtel soll Dir in all
deinen Lebenslagen Glück bringen.

Sortierter Artikel. Die Farbe ist nicht frei wählbar."||||||||||||||||||||||Non-Organic||||{'manufacturer': 'JOJO Joachim Kürz e.K.', 'Herstelleradresse': 'Dr.-Rudolf-Eberle-Str. 12, DE-79725 Laufenburg', 'Kontaktmöglichkeit': 'info@jojo-line.de', 'Inhalt': '1 Stk.'}||||||||||||||0|0|521279_1.png|https://static.mueller.de/6350350371-PV-0/pdzoom/jojo-schulwichtel.webp||||||||||||||||||||||JOJO Joachim Kürz e.K.||||||||||1 Stk.|||True||521279P|||||||||10
521280|mueller||||||||2024-10-28|JOJO Prüfungswichtel|JOJO||1|Stk.|Home|Haushalt|Wohnen & Dekorieren|Deko-Zubehör|JOJO Prüfungswichtel|||4,99 €|4,99 €||||||||||||||EUR|Home> Haushalt> Wohnen & Dekorieren> Deko-Zubehör> JOJO Prüfungswichtel|https://www.mueller.at/p/jojo-pruefungswichtel-521280/|1 Stk.|Dieser Glückswichtel soll Dir in all Deinen Lebenslagen Glück bringen.||||||||||||||||||||||Non-Organic||||{'manufacturer': 'JOJO Joachim Kürz e.K.', 'Herstelleradresse': 'Dr.-Rudolf-Eberle-Str. 12, DE-79725 Laufenburg', 'Kontaktmöglichkeit': 'info@jojo-line.de', 'Inhalt': '1 Stk.'}||||||||||||||0|0|521280_1.png|https://static.mueller.de/5919452431-PV-0/pdzoom/jojo-pruefungswichtel.webp||||||||||||||||||||||JOJO Joachim Kürz e.K.||||||||||1 Stk.|||True||521280P|||||||||10
22770|mueller||||||||2024-10-28|Pritt Klebestift 11g|PRITT||11|g|Home|Schreibwaren|Bastelbedarf|Kleber|Pritt Klebestift 11g|||1,39 €|1,39 €|||||||||||126,36 € / 1 kg|||EUR|Home> Schreibwaren> Bastelbedarf> Kleber> Pritt Klebestift 11g|https://www.mueller.at/p/pritt-klebestift-11g-22770/|11 g|"Kinderfreundlicher Klebestift für die Schule, zu Hause und das Büro.
Speziell für Kinder entwickelt ist der Pritt Klebestift ideal für alle kreativen Bastelprojekte und überzeugt mit Zuverlässigkeit, einer hohen Ergiebigkeit und gleichzeitig auch Nachhaltigkeit. Da der Kleber lösemittelfrei ist und zu 97% aus natürlichen Inhaltsstoffen* besteht, können Kinder sicher mit ihm basteln, zudem kann der Klebestift auch bei 20°C ausgewaschen werden. Vielseitig einsetzbar haftet der Pritt Klebestift auf vielen Materialien wie z. B. Papier, Karton, Filz, Fotos, Baumwolle und mehr. Der Pritt Klebestift ist in vielen unterschiedlichen Größen erhältlich und eignet sich nicht nur, um die Ideen von Kindern zum Leben zu erwecken – er ist auch die ideale Ergänzung im Bürobedarf für Menschen jeden Alters!
Alle Vorteile:

Ideal für Schule, zu Hause und das Büro
Sicher & kinderfreundlich
Lösemittelfrei
Aus 97% natürlichen Inhaltsstoffen*
Auswaschbar bei 20°C -  Inhalt: 1x11g Klebestift, Transparent

Anwendung: Glatt und gleichmäßig auf die Oberfläche (Papier/Karton etc.) auftragen. Bei Bedarf die Oberflächen neu positionieren, bevor der Klebstoff trocknet.
*Inkl. Wasser."||||||||||||||||||||||Non-Organic||||{'scope_of_delivery': '1x11g Klebestift', 'manufacturer': 'Henkel AG & Co. KGaA', 'Herstelleradresse': 'Henkelstr. 67, 40191 Düsseldorf', 'Inhalt': '11 g', 'Produkttyp': 'Kleber'}||||||||||||||0|0|22770_1.png|https://static.mueller.de/pdzoom/40151595_01.webp|22770_2.png|https://static.mueller.de/6016464430-PB-1/pdzoom/pritt-klebestift-11g.webp|22770_3.png|https://static.mueller.de/6016464430-PB-2/pdzoom/pritt-klebestift-11g.webp|22770_4.png|https://static.mueller.de/6016464430-PB-3/pdzoom/pritt-klebestift-11g.webp|22770_5.png|https://static.mueller.de/6016464430-PB-4/pdzoom/pritt-klebestift-11g.webp|22770_6.png|https://static.mueller.de/6016464430-PB-5/pdzoom/pritt-klebestift-11g.webp||||||||||||Henkel AG & Co. KGaA||||||||||11 g|||True||22770P|||||||||20
22771|mueller||||||||2024-10-28|Pritt Klebestift 22g|PRITT||22|g|Home|Schreibwaren|Bastelbedarf|Kleber|Pritt Klebestift 22g|||1,59 €|1,59 €|||||||||||72,27 € / 1 kg|||EUR|Home> Schreibwaren> Bastelbedarf> Kleber> Pritt Klebestift 22g|https://www.mueller.at/p/pritt-klebestift-22g-22771/|22 g|"Kinderfreundlicher Klebestift für die Schule, zu Hause und das Büro.
Speziell für Kinder entwickelt ist der Pritt Klebestift ideal für alle kreativen Bastelprojekte und überzeugt mit Zuverlässigkeit, einer hohen Ergiebigkeit und gleichzeitig auch Nachhaltigkeit. Da der Kleber lösemittelfrei ist und zu 97% aus natürlichen Inhaltsstoffen* besteht, können Kinder sicher mit ihm basteln, zudem kann der Klebestift auch bei 20°C ausgewaschen werden. Vielseitig einsetzbar haftet der Pritt Klebestift auf vielen Materialien wie z. B. Papier, Karton, Filz, Fotos, Baumwolle und mehr. Der Pritt Klebestift ist in vielen unterschiedlichen Größen erhältlich und eignet sich nicht nur, um die Ideen von Kindern zum Leben zu erwecken – er ist auch die ideale Ergänzung im Bürobedarf für Menschen jeden Alters!
Alle Vorteile:

Ideal für Schule, zu Hause und das Büro
Sicher & kinderfreundlich
Lösemittelfrei
Aus 97% natürlichen Inhaltsstoffen*
Auswaschbar bei 20°C
Inhalt: 1x22g Klebestift, Transparent

Anwendung: Glatt und gleichmäßig auf die Oberfläche (Papier/Karton etc.) auftragen. Bei Bedarf die Oberflächen neu positionieren, bevor der Klebstoff trocknet.
*Inkl. Wasser."||||||||||||||||||||||Non-Organic||||{'scope_of_delivery': '1x22g Klebestift', 'manufacturer': 'Henkel AG & Co. KGaA', 'Herstelleradresse': 'Henkelstr. 67, 40191 Düsseldorf', 'Inhalt': '22 g', 'Produkttyp': 'Kleber'}||||||||||||||0|0|22771_1.png|https://static.mueller.de/pdzoom/40151601_01.webp|22771_2.png|https://static.mueller.de/6016464380-PB-1/pdzoom/pritt-klebestift-22g.webp|22771_3.png|https://static.mueller.de/6016464380-PB-2/pdzoom/pritt-klebestift-22g.webp|22771_4.png|https://static.mueller.de/6016464380-PB-3/pdzoom/pritt-klebestift-22g.webp|22771_5.png|https://static.mueller.de/6016464380-PB-4/pdzoom/pritt-klebestift-22g.webp|22771_6.png|https://static.mueller.de/6016464380-PB-5/pdzoom/pritt-klebestift-22g.webp||||||||||||Henkel AG & Co. KGaA||||||||||22 g|||True||22771P|||||||||20
770948|mueller||||||||2024-10-28|DR. GRANDEL Purigel|DR. GRANDEL||200|ml|Home|Naturshop|Pflege|Gesichtspflege|Reinigung|Reinigungsgel|DR. GRANDEL Purigel|26,50 €|26,50 €|||||||||||132,50 € / 1 l|||EUR|Home> Naturshop> Pflege> Gesichtspflege> Reinigung> Reinigungsgel> DR. GRANDEL Purigel|https://www.mueller.at/p/dr-grandel-purigel-770948/|200 ml|Für ein porentief reines, frisches Hautgefühl.||||||||||||||||||||||Non-Organic||||"{'target_group': 'Damen', 'manufacturer': 'DR. GRANDEL GmbH', 'Herstelleradresse': 'Pfladergasse 7-13, 86150 Augsburg', 'Kontaktmöglichkeit': 'info@grandel.de', 'Anwendungshinweis': 'In die Handflächen geben, mit etwas Wasser aufschäumen\nund Gesicht, Hals und Dekolleté reinigen. Anschließend\nabwaschen.', 'package_contents': 'Aqua (Water), PEG-7 Glyceryl Cocoate, Sodium Laureth Sulfate, Sodium Laureth-8 Sulfate, Hydroxyethylcellulose, Magnesium Laureth Sulfate, Magnesium Laureth-8 Sulfate, Sodium Oleth Sulfate, Magnesium Oleth Sulfate, Buteth-3, Sodium Benzotriazolyl Butylphenol Sulfonate, Tributyl Citrate, Citric Acid, Phenoxyethanol, Methylparaben, Propylparaben, Ethylparaben, Hexyl Cinnamal, Linalool, Limonene, Parfum (Fragrance), CI 42090 (Blue 1), CI 19140 (Yellow 5)', 'skin_type': 'Mischhaut|normale Haut|ölige Haut', 'product_property': 'reinigend|erfrischend', 'Inhalt': '200 ml', 'scope_of_application': 'Reinigung', 'Produkttyp': 'Reinigungsgel'}"||||||||||||||0|0|770948_1.png|https://static.mueller.de/6269029690-PV-0/pdzoom/dr-grandel-purigel.webp||||||||||||||||||||||DR. GRANDEL GmbH||||||||||200 ml|Aqua (Water), PEG-7 Glyceryl Cocoate, Sodium Laureth Sulfate, Sodium Laureth-8 Sulfate, Hydroxyethylcellulose, Magnesium Laureth Sulfate, Magnesium Laureth-8 Sulfate, Sodium Oleth Sulfate, Magnesium Oleth Sulfate, Buteth-3, Sodium Benzotriazolyl Butylphenol Sulfonate, Tributyl Citrate, Citric Acid, Phenoxyethanol, Methylparaben, Propylparaben, Ethylparaben, Hexyl Cinnamal, Linalool, Limonene, Parfum (Fragrance), CI 42090 (Blue 1), CI 19140 (Yellow 5)||False||770948P|||||||||1
2076399|mueller||||||||2024-10-28|KRÜGER DAY by DAY Heisse Zitrone|KRÜGER||160|g|Home|Drogerie|Lebensmittel|Nahrungsergänzung|KRÜGER DAY by DAY Heisse Zitrone|||1,99 €|1,99 €|||||||||||12,44 € / 1 kg|||EUR|Home> Drogerie> Lebensmittel> Nahrungsergänzung> KRÜGER DAY by DAY Heisse Zitrone|https://www.mueller.at/p/krueger-day-by-day-heisse-zitrone-2076399/|160 g|Der fruchtige Geschmack der Zitrone mit einer Extraportion Vitamin C und Zink unterstützt die körpereigenen Abwehrkräfte. Das Produkt ist jedoch kein Ersatz für eine ausgewogene und abwechslungsreiche Ernährung und eine gesunde Lebensweise.||Kühl und trocken lagern.|||DE|Nicht für Kinder oder Jugendliche unter 18 Jahren.|||||{'Nährwerte je': 'Portion 150g', 'Brennwert': '131 kj / 31 kcal', 'Fett in g': '0', '- davon gesättigte Fettsäuren in g': '0', 'Kohlenhydrate in g': '6.8', '- davon Zucker in g': '6.5', 'Eiweiß in g': '0', 'Salz in g': '0'}|||||||||||Non-Organic||||"{'Lagerhinweis': 'Kühl und trocken lagern.', 'manufacturer': 'Krüger GmbH & Co. KG', 'Herstelleradresse': 'Senefelderstraße 44, 51469 Bergisch Gladbach', 'Kontaktmöglichkeit': 'info@krueger.de', 'Herkunftsland': 'DE', 'Anwendungshinweis': 'Den Inhalt eines Sachets (8g) in ein Glas geben, mit 150ml heißem nicht mehr kochendem Wasser übergießen, umrühren – und fertig.', 'Allergenhinweis': 'Nicht für Kinder oder Jugendliche unter 18 Jahren.', 'Inhalt': '160 g', 'Eigenschaften': 'Laktosefrei|Glutenfrei|Vegan', 'Zutaten': 'Zucker, Säuerungsmittel Citronensäure, Zitronenfruchtpulver 5,6% (Maltodextrin, Zitronensaftkonzentrat), Vitamin C, natürliches Zitronenaroma mit anderen natürlichen Aromen, natürliches Aroma, Zinksulfat, Trennmittel Siliciumdioxid, pflanzliches Öl (Palm), Farbstoff Riboflavin-5`-Phosphat', 'Produkttyp': 'Nahrungsergänzung', 'warning_notice': 'Die angegebene empfohlene tägliche Verzehrsmenge darf nicht überschritten werden. Nahrungsergänzungsmittel sollten nicht als Ersatz für eine ausgewogene und abwechslungsreiche Ernährung dienen. Achten Sie auf eine gesunde Lebensweise. Außerhalb der Reichweite von kleinen Kindern aufbewahren.'}"||||||||||||||0|0|2076399_1.png|https://static.mueller.de/6809575319-PV-0/pdzoom/krueger-day-by-day-heisse-zitrone.webp||||||||||||||||||||||Krüger GmbH & Co. KG||||||||||160 g|||True||2076399P|||||||||10
22781|mueller||||||||2024-10-28|HERMA Hefthülle A5 aus Papier dunkelblau|HERMA||1|Stk.|Home|Spielwaren|Buch & Schulbedarf|Schulranzen & Taschen|HERMA Hefthülle A5 aus Papier dunkelblau|||0,45 €|0,45 €||||||||||||||EUR|Home> Spielwaren> Buch & Schulbedarf> Schulranzen & Taschen> HERMA Hefthülle A5 aus Papier dunkelblau|https://www.mueller.at/p/herma-hefthuelle-a5-aus-papier-dunkelblau-22781/|1 Stk.|Papier-Heftschoner von HERMA im Format A4 und A5, aus 100% Recycling Papier. Solide verarbeitet, mit aufgedrucktem Beschriftungsfeld und bedruckter Innenlasche für den optimalen Schutz vor Schmutz und Feuchtigkeit. Ideal für Schulen und Universitäten.||||||||||||||||||||||Non-Organic||||{'Inhalt': '1 Stk.', 'Produkttyp': 'Sonstiger Schulbedarf'}||||||||||||||0|0|22781_1.png|https://static.mueller.de/6772744501-PV-0/pdzoom/herma-hefthuelle-a5-aus-papier-dunkelblau.webp||||||||||||||||||||||||||||||||1 Stk.|||True||22781P|||||||||10
2233426|mueller||||||||2024-10-28|LEGO NEXO Knights Serie 2 – TC – Booster|BLUE OCEAN||1|Stk.|Home|Spielwaren|Spiele & Puzzles|Spiele|Kartenspiele|LEGO NEXO Knights Serie 2 – TC – Booster||0,50 €|0,50 €||||||||||||||EUR|Home> Spielwaren> Spiele & Puzzles> Spiele> Kartenspiele> LEGO NEXO Knights Serie 2 – TC – Booster|https://www.mueller.at/p/lego-nexo-knights-serie-2-tc-booster-2233426/|1 Stk.|5 Karten pro Booster||||||||5 Jahre||||||||||||||Non-Organic||||"{'target_group': 'Kindergartenkinder|Grundschüler', 'Herstelleradresse': 'Durchgeknallt - Top-Media', 'Kontaktmöglichkeit': 'Kammererstr. 18/1 71636 Ludwigsburg', 'Artikelnummer des Herstellers': '179204', 'Altersempfehlung ab': '5 Jahre', 'Inhalt': '1 Stk.', 'Produkttyp': 'Sammelkarten'}"||||||||||||||0|0|2233426_1.png|https://static.mueller.de/pdzoom/4260223179198.webp|2233426_2.png|https://static.mueller.de/pdzoom/4260223179198_2.webp||||||||||||||||||||Durchgeknallt - Top-Media||||||||||1 Stk.|||True||2233426P|||||||||10
2694094|mueller||||||||2024-10-28|KitKat Chunky Milk|NESTLÉ||160|g|Home|Drogerie|Lebensmittel|Süßigkeiten|Schokolade|KitKat Chunky Milk||2,59 €|2,59 €|||||||||||16,19 € / 1 kg|||EUR|Home> Drogerie> Lebensmittel> Süßigkeiten> Schokolade> KitKat Chunky Milk|https://www.mueller.at/p/kitkat-chunky-milk-IPN2694094/|160 g|"NESTLE KITKAT CHUNKY Milk 4er Multipack (4x40g)
NESTLÉ KITKAT CHUNKY Classic, Schokoriegel mit Milchschokolade & knuspriger Waffel KITKAT CHUNKY ist der beliebte Schokoladen-Klassiker und zwar in einer Großpackung. Durch die einzigartige Kombination aus zartschmelzender Milchschokolade und knuspriger Waffel wird der Riegel zum leckeren Pausensnack. Und sein Format macht ihn zum perfekten Begleiter für eine satte Pause, die den Akku wieder auflädt.

Schokoladen-Klassiker mit reichlich Milch & Kakao lässt keine Wünsche offen
Einzigartige Kombination aus Milchschokolade und knuspriger Waffel
Schoko-Snack für Groß und Klein, ideal für den Hunger zwischendurch
100% nachhaltig erzeugter Kakao: Für unsere Schokolade beziehen wir Kakao von Rainforest Alliance-zertifizierten Farmen

Der Schokoladenriegel überzeugt Jung und Alt. Gönnen Sie sich eine wohlverdiente Auszeit vom stressigen Alltag und genießen Sie unseren Knusper-Riegel."||Trocken lagern. Vor Wärme schützen.||||Weizenmehl, Magermilchpulver, Butterreinfett, Molkenerzeugnis|||||{'Nährwerte je': '100 Gramm', 'Brennwert': '2158 kj / 516 kcal', 'Fett in g': '27', '- davon gesättigte Fettsäuren in g': '15,2', 'Kohlenhydrate in g': '58,8', '- davon Zucker in g': '46,7', 'Eiweiß in g': '7,8', 'Salz in g': '0,2'}|||||||||||Non-Organic||||{'Lagerhinweis': 'Trocken lagern. Vor Wärme schützen.', 'manufacturer': 'Nestlé Deutschland AG', 'Herstelleradresse': '60523 Frankfurt, Germany', 'Kontaktmöglichkeit': 'verbraucherservice@de.nestle.com', 'Allergenhinweis': 'Weizenmehl, Magermilchpulver, Butterreinfett, Molkenerzeugnis', 'Inhalt': '160 g', 'Zutaten': 'Zucker, WEIZENMEHL, MAGERMILCHPULVER,  pflanzliche Fette (Palm, Shea), Kakaomasse*,  Kakaobutter*, BUTTERREINFETT, MOLKENERZEUGNIS,  fettarmer Kakao*, Emulgator Lecithine, Backtriebmittel  Natriumcarbonate. Kann enthalten: ERDNÜSSE, NÜSSE  (CH: HASELNÜSSE).  *Rainforest Alliance Certified.', 'Nutriscore': 'E', 'Produkttyp': 'Schokoladenartikel'}||||||||||||||0|0|2694094_1.png|https://static.mueller.de/pdzoom/3800020411957_3208552.webp||||||||||||||||||||||Nestlé Deutschland AG||||||||||160 g|||True||2694094P|||||||||5
22786|mueller||||||||2024-10-28|RHEITA Kork-Pinnwand 40 x 60 cm|RHEITA||1|Stk.|Home|Schreibwaren|Büro|Notizen|Pinnwand|RHEITA Kork-Pinnwand 40 x 60 cm||5,79 €|5,79 €||||||||||||||EUR|Home> Schreibwaren> Büro> Notizen> Pinnwand> RHEITA Kork-Pinnwand 40 x 60 cm|https://www.mueller.at/p/rheita-kork-pinnwand-40-x-60-cm-22786/|1 Stk.|Die Kork-Pinnwand hat einen Naturholzrahmen. Sie ist 40 x 60 cm groß und dank der mitgelieferten Befestigungsösen schnell an der Wand angebracht.||||||||||||||||||||||Non-Organic||||{'scope_of_delivery': '1 Pinnwand mit Befestigungsösen und Pinnnadeln', 'Inhalt': '1 Stk.', 'Produkttyp': 'Pinnwand'}||||||||||||||3.0|2|22786_1.png|https://static.mueller.de/5741199536-PV-0/pdzoom/rheita-kork-pinnwand-40-x-60-cm.webp||||||||||||||||||||||||||||||||1 Stk.|||True||22786P|||||||||10
770934|mueller||||||||2024-10-28|Günther Flugmodelle - Einleinerdrachen Butterfly|GÜNTHER FLUGSPIELE||1|Stk.|Home|Spielwaren|Sport & Outdoor|Drachen|Günther Flugmodelle - Einleinerdrachen Butterfly|||15,49 €|15,49 €||||||||||||||EUR|Home> Spielwaren> Sport & Outdoor> Drachen> Günther Flugmodelle - Einleinerdrachen Butterfly|https://www.mueller.at/p/guenther-flugmodelle-einleinerdrachen-butterfly-770934/|1 Stk.|Günther Flugmodelle - Einleinerdrachen ButterflyWenn dieser Schmetterling seine Flügel ausspannt, ist er einer der Schönsten am Himmel. Durch eine aufwändige Stoffbedruckungstechnik erstrahlt dieses Modell in den prächtigsten Farben und ist somit auch an grauen Tagen ein echter Hingucker. Komplett mit Griff und Schnur.Material: Segel aus Polyester. Wind: 20-40 km/h. Größe des Modells: ca. 95 x 63 cm. Für Kinder ab 6 Jahren.Warnhinweis: ACHTUNG! Nicht geeignet für Kinder unter drei Jahren, wegen Strangulationsgefahr durch lange Schnur! Nicht in der Nähe von elektrischen Freileitungen oder bei Gewitter benutzen! Nicht in der Nähe von Flughäfen und Einflugschneisen benutzen! Schnurlänge max. 100 m!||||||||6 Jahre||||||||||||||Non-Organic||||{'Artikelnummer des Herstellers': '1151', 'license': 'Günther - Einleiner-Drachen aus Polyester', 'Altersempfehlung ab': '6 Jahre', 'Altersempfehlung bis': '10 Jahre', 'Inhalt': '1 Stk.', 'Produkttyp': 'Kinderdrachen'}||||||||||||||0|0|770934_1.png|https://static.mueller.de/251107184-PV-0/pdzoom/guenther-flugmodelle-einleinerdrachen-butterfly.webp|770934_2.png|https://static.mueller.de/251107184-VV-1/pdzoom/guenther-flugmodelle-einleinerdrachen-butterfly.webp|770934_3.png|https://static.mueller.de/251107184-PB-2/pdzoom/guenther-flugmodelle-einleinerdrachen-butterfly.webp|770934_4.png|https://static.mueller.de/251107184-PB-3/pdzoom/guenther-flugmodelle-einleinerdrachen-butterfly.webp||||||||||||||||1151||||||||||1 Stk.|||True||770934P|||||||||10
521266|mueller||||||||2024-10-28|JOJO Dankewichtel|JOJO||1|Stk.|Home|Haushalt|Wohnen & Dekorieren|Deko-Zubehör|JOJO Dankewichtel|||4,99 €|4,99 €||||||||||||||EUR|Home> Haushalt> Wohnen & Dekorieren> Deko-Zubehör> JOJO Dankewichtel|https://www.mueller.at/p/jojo-dankewichtel-521266/|1 Stk.|"Kärtchentext: 
""Danke sagen möcht’ ich Dir,
sehr geholfen hast Du mir
und wenn ich auch mal helfen kann,
scheu’ Dich nicht und frage an.

Größe des Wichtels: ca. 9cm
Die Karte wird mit einem zufälligen Wichtel (verschiedene Farben) geliefert.

JOJO Fair-Trade Siegel:
Die JOJO Glückswichtel werden von Hand in BSCI-zertifizierten Betrieben in China hergestellt. D.h. die fairen Arbeitsbedingungen werden dort streng überwacht. Textideen und Grafikdesign sowie Polybeutel- und Kartenproduktion stammen aus Deutschland.  
Dieser liebevolle Dankewichtel ist durch seine herzliche Anmutung und den netten Spruch das ideale Geschenk um sich bei einem besonderen Menschen zu bedanken. Durch das leichte Gewicht und die handlichen Maße kann er überall als Glücksbringer, Beschützer, Mutmacher und Talisman mitgetragen werden. Drücke deine Zuneigung auf witzige und charmante Weise aus und die Beschenkten werden sich bei jedem Anblick an die nette Botschaft erinnern und diese bestimmt nicht vergessen! 
Jedes Stück ein Unikat: Die Glücksbringer werden sorgfältig von Hand fair produziert.
Damit jeder möglichst lange etwas von diesem Glücksbringer hat, ist er sorgsam in einer wiederverschließbaren , kompostierbaren Schutzfolie verpackt. 
Extra Geschenkkarte: Jedem Glückswichtel liegt eine 4-farbige Geschenkkarte (ca. 9x13cm) mit passendem Text auf der Vorderseite bei. Die Rückseite bietet genügend Platz um noch eine persönliche Botschaft ergänzen zu können."||||||||||||||||||||||Non-Organic||||{'Pflegehinweis': 'Nicht waschen', 'manufacturer': 'JOJO Joachim Kürz e.K.', 'Herstelleradresse': 'Dr.-Rudolf-Eberle-Str. 12, DE-79725 Laufenburg', 'Kontaktmöglichkeit': 'info@jojo-line.de', 'Inhalt': '1 Stk.'}||||||||||||||0|0|521266_1.png|https://static.mueller.de/6483404670-PV-0/pdzoom/jojo-dankewichtel.webp||||||||||||||||Nicht waschen||||||JOJO Joachim Kürz e.K.||||||||||1 Stk.|||True||521266P|||||||||10
2280350|mueller||||||||2024-10-28|Steinhart Stumpenkerze Raureif 10cm|STEINHART||1|Stk.|Home|Drogerie|Haushalt|Haushaltsartikel|Kerzen|Stumpenkerzen|Steinhart Stumpenkerze Raureif 10cm|2,99 €|2,99 €||||||||||||||EUR|Home> Drogerie> Haushalt> Haushaltsartikel> Kerzen> Stumpenkerzen> Steinhart Stumpenkerze Raureif 10cm|https://www.mueller.at/p/steinhart-stumpenkerze-raureif-10cm-IPN2694102/|1 Stk.|Steinhart Stumpenkerze Raureif Höhe: 10cm, Durhcmesser: 6,8cm||||||||||||||||||||||Non-Organic||||{'special_function': 'Kerze zum Abbrand in Innenräumen', 'Gewicht': '294', 'manufacturer': 'Gebr. Steinhart GmbH & Co. KG', 'Herstelleradresse': 'Buchstraße 20, 86381 Krumbach', 'Kontaktmöglichkeit': 'info@steinhart.de / www.steinhart.de', 'Materialdetails': 'Paraffin-/Stearinmischung', 'Farbe': 'brombeer', 'Höhe': '10 cm', 'Durchmesser': '6.8 cm', 'Inhalt': '1 Stk.'}||||||brombeer||Paraffin-/Stearinmischung||||||0|0|2280350_1.png|https://static.mueller.de/pdzoom/4008542289880.webp||||||||||||||||||||||Gebr. Steinhart GmbH & Co. KG||||||||||1 Stk.|||True||2280350P|||||||||10
549933|mueller||||||||2024-10-28|Avatar (Score) SCORE|||1|Stk.|Home|Multi-Media|Musik|Filmmusik|Avatar (Score) SCORE|||5,99 €|5,99 €||||||||||||||EUR|Home> Multi-Media> Musik> Filmmusik> Avatar (Score) SCORE|https://www.mueller.at/p/avatar-score-score-IPN549933/|1 Stk.|||||||||||||||||||||||Non-Organic||||{'medium': 'CD', 'Künstler': 'OST/Horner,James (Composer)', 'Inhalt': '1 Stk.', 'Anzahl Medien im Artikel': '1', 'genre': 'Soundtrack / Filmmusik', 'Label': 'ATLANTIC'}||||||||||||||0|0|549933_1.png|https://static.mueller.de/pdzoom/phononet_0075678957611_pv_0075678957611-0600px-001.webp|549933_2.png|https://static.mueller.de/pdzoom/phononet_0075678957611_pr_0075678957611-0600px-002.webp||||||||||||||||||||||||||||||1 Stk.|||True||549933P|||||||||5
2694109|mueller||||||||2024-10-28|Biotta Wellness Woche Bio|BIOTTA||1|Stk.|Home|Drogerie|Lebensmittel|Getränke|Säfte, Smoothies & Schorlen|Biotta Wellness Woche Bio||64,95 €|64,95 €||||||||||||||EUR|Home> Drogerie> Lebensmittel> Getränke> Säfte, Smoothies & Schorlen> Biotta Wellness Woche Bio|https://www.mueller.at/p/biotta-wellness-woche-bio-IPN2694109/|1 Stk.|"Meine Wellness Woche Die Wohlfühl-Saftwoche + Komplett-Paket: Beinhaltet alles, was für eine Woche Saftfasten benötigt wird + Persönliche Auszeit für einen Neustart; weg von hektischem ungesundem Essen + Mit Rezepten für vor und nach der Saftwoche, basischem Badesalz und exklusiven Yoga-Tutorials + Online-Community mit Forum & Newsletter + Klimafreundlich produziert
Was beinhaltet die Biotta Wellness Woche:

11 Frucht- und Gemüse-Direktsäfte (5dl): Biotta Mein Safttag #1 (3x), Biotta Mein Safttag #2 (2x), Biotta Vita 7 (2x), Biotta Tomate (2x), Biotta Vital Digest (2x)
1 Packung Bio-Leinsamen (100 g)
1 Packung Biotta Bio-Kräutertee (75 g) (Mischung aus acht Bio-Kräutern)
1 Packung Basisches Badesalz (120 g)
Anleitung inkl. Rezepten und zahlreichen Tipps & Tricks für 1 Vorbereitungstag, 5 Safttage, 2 Aufbautage
"||Kühl und trocken lagern. Vor direktem Sonnenlicht schützen.|||Schweiz||||||{'Nährwerte je': 'die genauen Nährwerte entnehmen Sie bitte der Verpackung'}|||||||||||Organic||||{'Lagerhinweis': 'Kühl und trocken lagern. Vor direktem Sonnenlicht schützen.', 'manufacturer': 'Biotta AG', 'Herstelleradresse': 'Pflanzbergstrasse 8, CH-8274 Tägerwilen', 'Herkunftsland': 'Schweiz', 'Öko-Kontrollstelle': 'CH-BIO-006, EU/Nicht-EU-Landwirtschaft', 'Anwendungshinweis': 'Die Anwendung der Biotta Wellness Woche wird genau in der beiliegenden Anleitung inkl. Rezepten im Detail beschrieben   Biotta Säfte: Gut schütteln. Nach Öffnen im Kühlschrank lagern. Innert 8 Tagen trinken.', 'Inhalt': '1 Stk.', 'Bio': 'Ja', 'Zutaten': 'Biotta Mein Safttag #1: Bio Cocktail aus Fruchtsaft und -püree, Gemüsesaft, Verveine-Auszug, Kurkuma und Pfeffer. Zutaten: (19%), Verveine*-Auszug (19%), Orangensaft*, gelber Karottensaft* (15%), Gurkensaft milchsauer vergoren* (10%), Zitronensaft*, Kurkuma*, Pfeffer*. Pasteurisiert. *aus biologischem Anbau    Biotta Mein Safttag #2: Bio Gemüsesaftmischung mit Akazienfasern, Kardamom und Ingwersaft. Zutaten: Schwarzkarottensaft milchsauer vergoren* (62%), Karottensaft*, Tomatensaft*, Akazienfasern* (3%), Ingwersaft* (0.5%), Zitronensaftkonzentrat*, Kardamom*. Pasteurisiert. *aus biologischem Anbau    Biotta Tomate: Bio Tomatensaft mit Zitrone und Meersalz. Zutaten: Tomatensaft*, Zitronensaft* (1%), Meersalz (0.5%). Pasteurisiert. *aus biologischem Anbau    Biotta Vita 7: Bio Frucht- und Gemüsesaft-Cocktail mit Fruchtpüree und Süssmolke. Zutaten: Orangensaft*, Karottensaft*, Bananenpüree* (13%), Apfelsaft*, Ananassaft*, SÜSSMOLKE* (10%), Traubensaft*, Sanddornsaft*, Randen-/Rote Betesaft*, Zitronensaftkonzentrat*. Pasteurisiert. *aus biologischem Anbau  Biotta Vital Digest: Bio Fruchtsaft-Cocktail mit Dörrpflaumen- und Aprikosenpüree. Zutaten: Pflaumensaft*, Dörrpflaumenpüree* (35%) (Wasser, Dörrpflaumen), Traubensaft*, Aprikosenpüree* (5%), Aroniasaft*, Zitronensaft*. Pasteurisiert. *aus biologischem Anbau    Biotta Bio-Kräutertee Zutaten: Lindenblüten*, Kamillen*, Pfefferminze*, Fenchel*, Zitronengras*, Zitronenverbene*, Hagebutten*, Ringelblumen*. *aus biologischem Anbau    Biotta Bio-Leinsamen Zutaten: Leinsamen* (Indien, Kasachstan). *aus biologischem Anbau    VitaBase® Basisches Badesalz  Zutaten: Natriumchlorid (Himalaya), Natriumcarbonat, Natriumbicarbonat (Natron), grüne Heilerde.', 'Produkttyp': 'Säfte'}||||||||||||||0|0|2694109_1.png|https://static.mueller.de/pdzoom/7618500544875_2_1_rgb.webp|2694109_2.png|https://static.mueller.de/pdzoom/7618500544875_rgb.webp||||||||||||||||||||Biotta AG||||||||||1 Stk.|||False||2694109P|||||||||1
2473227|mueller||||||||2024-10-28|Chloé Nomade Eau de Toilette|CHLOE||30|ml|Home|Parfümerie|Düfte für Sie|Düfte|Chloé Nomade Eau de Toilette|||68,00 €|68,00 €|68,00 €|49,95 €||||27%|Sie sparen 27%||||1 665,00 € / 1 l|||EUR|Home> Parfümerie> Düfte für Sie> Düfte> Chloé Nomade Eau de Toilette|https://www.mueller.at/p/chloe-nomade-eau-de-toilette-6471617129/|30 ml|"Zu Hause kann überall sein. Solange die Chloé Frau ihre Reise fortsetzt und jeden Augenblick lebt, fühlt sie sich zu Hause. Sie zeichnet sich durch eine natürliche Eleganz und den Drang nach Freiheit aus. In ihren Erfahrungen und Begegnungen entfalten sich ihr Selbstbewusstsein und ihre Inspiration. Sie richtet ihren Blick auf neue Wege und ihre Energie lässt sie immer neue Facetten an sich entdecken. Wo auch immer sie hingeht, und an jedem Ort, den sie bereist, hinterlässt sie den Duft, der sie definiert. Ein Parfum, das sie widerspiegelt. Eine Nomadin, so wie sie es ist. Die Quintessenz von Freiheit: Ein Duft, der mühelose Eleganz und Selbstbewusstsein verkörpert und die Sehnsucht nach Freiheit erweckt. 
Die Facetten des eindrucksvollen floralen Chypre-Dufts verbinden Sanftmut mit Stärke. Der intensive mineralische Charakter von Eichenmoos wird umhüllt von der Süße der Mirabelle. Aus dieser Frische erhebt sich die blumige Lumineszenz der Freesie. 

Ein Flakon voller Inspiration: Der transparente Glasflakon nimmt uns mit auf eine Reise und lässt das einfallende Licht rosé-beigefarben erstrahlen. Das Design der golden reflektierenden Verschlusskappe wird mit einem geknoteten rosa Band in Lederoptik komplettiert."||||||||||||||||||||||Non-Organic||||"{'target_group': 'Damen', 'manufacturer': 'Coty Beauty Germany GmbH', 'Herstelleradresse': 'Berliner Allee 65, D-64295 Darmstadt', 'fragrance_concentration': 'Eau de Toilette', 'fragrance_note': 'blumig', 'top_note': 'Freesie', 'heart_note': 'Mirabelle', 'base_note': 'Eichenmoos', 'Anwendungshinweis': 'Die Anwendungshinweise entnehmen Sie bitte der Verpackung des gelieferten Produktes.', 'package_contents': 'ALCOHOL  DENAT., PARFUM/FRAGRANCE, AQUA/WATER/EAU, ETHYLHEXYL METHOXYCINNAMATE, BENZYL SALICYLATE, LINALOOL, LIMONENE, BENZOPHENONE-3, ETHYLHEXYL SALICYLATE, ALPHA-ISOMETHYL IONONE, BUTYL METHOXYDIBENZOYLMETHANE, CITRONELLOL, COUMARIN, BHT, CITRAL, EUGENOL, ALCOHOL, TRIS(TETRAMETHYLHYDROXYPIPERIDINOL) CITRATE, PROPYLENE GLYCOL, GERANIOL, ISOEUGENOL, FD&C RED NO. 4 (CI 14700), FD&C YELLOW NO. 5 (CI 19140), EXT. D&C VIOLET NO. 2 (CI 60730).', 'Inhalt': '30 ml', 'fragrance_effect': 'elegant|selbstbewusst|sanft|geheimnisvoll', 'Produkttyp': 'Eau de Toilette'}"||||||||||||||0|0|2473227_1.png|https://static.mueller.de/6458473656-PV-0/pdzoom/chloe-nomade-eau-de-toilette.webp|2473227_2.png|https://static.mueller.de/6458473656-PUV-1/pdzoom/chloe-nomade-eau-de-toilette.webp|2473227_3.png|https://static.mueller.de/6458473656-VV-2/pdzoom/chloe-nomade-eau-de-toilette.webp||||||||||||||||||Coty Beauty Germany GmbH||||||||||30 ml|ALCOHOL  DENAT., PARFUM/FRAGRANCE, AQUA/WATER/EAU, ETHYLHEXYL METHOXYCINNAMATE, BENZYL SALICYLATE, LINALOOL, LIMONENE, BENZOPHENONE-3, ETHYLHEXYL SALICYLATE, ALPHA-ISOMETHYL IONONE, BUTYL METHOXYDIBENZOYLMETHANE, CITRONELLOL, COUMARIN, BHT, CITRAL, EUGENOL, ALCOHOL, TRIS(TETRAMETHYLHYDROXYPIPERIDINOL) CITRATE, PROPYLENE GLYCOL, GERANIOL, ISOEUGENOL, FD&C RED NO. 4 (CI 14700), FD&C YELLOW NO. 5 (CI 19140), EXT. D&C VIOLET NO. 2 (CI 60730).||False||2473227P|||||||||10
2669155|mueller||||||||2024-10-28|Soapland Einkaufstaschennetz Cotton|SOAPLAND||1|Stk.|Home|Haushalt|Wohnen & Dekorieren|Körbe & Taschen|Soapland Einkaufstaschennetz Cotton|||4,99 €|4,99 €||||||||||||||EUR|Home> Haushalt> Wohnen & Dekorieren> Körbe & Taschen> Soapland Einkaufstaschennetz Cotton|https://www.mueller.at/p/soapland-einkaufstaschennetz-cotton-IPN2669155/|1 Stk.|"Die Netztasche aus 100 % Baumwolle ist der ideale Begleiter für unterwegs und beim Einkaufen . Die extra langen Henkel sorgen für einen angenehmen Tragekomfort.
Dieser Artikel ist sortiert. Die Farbe wird zufällig ausgewählt und lässt sich nicht vorab bestimmen."||||||||||||||||||||||Non-Organic||||{'Material': 'Baumwolle', 'Inhalt': '1 Stk.'}||||||||||||||0|0|2669155_1.png|https://static.mueller.de/pdzoom/4014531624631_natur_1.webp|2669155_2.png|https://static.mueller.de/pdzoom/4014531624631_blau_1.webp|2669155_3.png|https://static.mueller.de/pdzoom/4014531624631_natur.webp|2669155_4.png|https://static.mueller.de/pdzoom/4014531624631_blau.webp||||||||||||||||||||||||||1 Stk.|||True||2669155P|||||||||10
2669156|mueller||||||||2024-10-28|Soapland Einkaufstaschennetz Cotton|SOAPLAND||1|Stk.|Home|Haushalt|Wohnen & Dekorieren|Körbe & Taschen|Soapland Einkaufstaschennetz Cotton|||4,99 €|4,99 €||||||||||||||EUR|Home> Haushalt> Wohnen & Dekorieren> Körbe & Taschen> Soapland Einkaufstaschennetz Cotton|https://www.mueller.at/p/soapland-einkaufstaschennetz-cotton-IPN2669156/|1 Stk.|"Die Netztasche aus 100 % Baumwolle ist der ideale Begleiter für unterwegs und beim Einkaufen . Die extra langen Henkel sorgen für einen angenehmen Tragekomfort.
Dieser Artikel ist sortiert. Die Farbe wird zufällig ausgewählt und lässt sich nicht vorab bestimmen.
 
"||||||||||||||||||||||Non-Organic||||{'Material': 'Baumwolle', 'Farbe': 'flieder', 'Inhalt': '1 Stk.'}||||||flieder||||||||0|0|2669156_1.png|https://static.mueller.de/pdzoom/4014531624648_flieder_1.webp|2669156_2.png|https://static.mueller.de/pdzoom/4014531624648_apricot_1.webp|2669156_3.png|https://static.mueller.de/pdzoom/4014531624648_apricot.webp|2669156_4.png|https://static.mueller.de/pdzoom/4014531624648_flieder.webp||||||||||||||||||||||||||1 Stk.|||True||2669156P|||||||||10
2890877|mueller||||||||2024-10-28|herlitz Notizheft flex PP 50044368 liniert + kariert|HERLITZ MY.BOOK FLEX||1|Stk.|Home|Schreibwaren|Büro|Notizen|Notizbuch|herlitz Notizheft flex PP 50044368 liniert + kariert||8,49 €|8,49 €||||||||||||||EUR|Home> Schreibwaren> Büro> Notizen> Notizbuch> herlitz Notizheft flex PP 50044368 liniert + kariert|https://www.mueller.at/p/herlitz-notizheft-flex-pp-50044368-liniert-kariert-IPN2890877/|1 Stk.|"Eins für alle, alles in einem. Das modular aufgebaute System umfasst wiederverwendbare und stabile Schutzhüllen, auswechselbare Papiereinlagen sowie verschiedenfarbige Halte- und Verschlussgummis.
Durch die miteinander kombinierbaren Module passt sich das Notizheft mühelos sämtlichen Herausforderungen des Alltags an und ist so individuell wie seine Nutzer.
Die Wahl zwischen verschiedenen Covern sowie unterschiedlichen Lineaturen und Papiereinlagen sorgt für Individualität im Hörsaal, in der Schule, zu Hause oder im Büro - und schont gleichzeitig die Umwelt."||||||||||||||||||||||Non-Organic||||{'Blatt': '80', 'Linienart': 'liniert & kariert', 'Artikelnummer des Herstellers': '50044368', 'Inhalt': '1 Stk.'}||||||||||||||0|0|2890877_1.png|https://static.mueller.de/pdzoom/4008110367071F.webp|2890877_2.png|https://static.mueller.de/pdzoom/4008110366463.webp|2890877_3.png|https://static.mueller.de/pdzoom/4008110367071gF.webp||||||||||||||||||50044368||||||||||1 Stk.|||False||2890877P|||||||||1
2890980|mueller||||||||2024-10-28|ESTÉE LAUDER Matte Lipstick|ESTÉE LAUDER||3.5|g|Home|Parfümerie|Make-up|Lippen|Lippenstift|ESTÉE LAUDER Matte Lipstick||45,95 €|45,95 €||||||||||||||EUR|Home> Parfümerie> Make-up> Lippen> Lippenstift> ESTÉE LAUDER Matte Lipstick|https://www.mueller.at/p/estee-lauder-matte-lipstick-IPN2890879/|3.5 g|"Make the moment. Ein passender Lippenstift für jeden Moment. 
Dieser langanhaltende Lippenstift verleiht den Lippen eine ausdrucksstarke, angenehm zu tragende Farbe, die allen Hauttönen schmeichelt. Der intensive Lippenstift ist farbecht und hält 10 Stunden lang, ohne zu verlaufen, abzufärben oder sich in Fältchen abzusetzen. 

Mattes Finish: Der Plush Powder Complex sorgt für ein ebenmäßiges, samtig-mattes Finish. Voll deckender Lippenstift mit aufpolsternden und pflegenden Eigenschaften. (Wenn Sie mehr Farbtöne wünschen, sehen Sie sich auch unsere Creme- und Hi-Lustre-Finishes an).
Der natürlich gewonnene Moisture Lock Complex* sorgt während des Tragens für zusätzliche Pflege. Die Lippen sehen sofort voller und geschmeidiger aus und erhalten mit der Zeit ein definierteres und ebenmäßigeres Aussehen – auch nach dem Entfernen des Lippenstifts. Die von ExpertInnen konzipierte Spitze des Lippenstifts ist perfekt geformt, um die Konturen Ihrer Lippen mit müheloser Präzision zu  konturieren. Das goldene Etui ist ein wahres Schmuckstück, das angenehm in der Hand liegt. Speziell entwickelt, um in einer ausgewählten Auswahl unserer beliebtesten Lippenstiftfarben nachgefüllt zu werden.

#LeaveYourMark: Dieser langanhaltende Lippenstift ist für jeden und für jeden Anlass perfekt.

Entdecken Sie alle Must-Have Farben in 3 unterschiedlichen Finishes. 

BESONDERER INHALTSSTOFF: Moisture Lock Complex
Unser hochwirksamer, natürlich gewonnener* Moisture Lock Complex enthält eine Kombination aus wirksamen Ölen und einem leistungsstarken Pflanzenextrakt, der die Lippen sofort pflegt und aufpolstert, während er zugleich die Feuchtigkeit auf den Lippen langfristig erhält.
- Ein Trio aus wirksamen Ölen: Rotes Himbeersamenöl, Wiesenschaumkrautsamenöl und Aprikosenkernöl pflegen die Lippen.
- Salicornea Herbacea-Extrakt: Hochwirksamer Pflanzenextrakt, der den Lippen langanhaltend Feuchtigkeit spendet und für einen angenehmen Tragekomfort sorgt.

*Gemäß ISO-Norm 16128. Aus pflanzlichen Quellen, nicht-erdölhaltigen mineralischen Quellen und/oder Wasser."||||||||||||||||||||||Non-Organic||||{'consistency': 'Stift', 'target_group': 'Damen', 'Anwendungshinweis': 'Für einen Farbakzent einmal auftragen oder weiter auftragen, um die Deckkraft zu erhöhen und die Farbwirkung dieses lang anhaltenden Lippenstifts zu intensivieren.', 'package_contents': 'Dimethicone, Isoeicosane, Polyethylene, Vinyl Dimethicone/Methicone Silsesquioxane Crosspolymer, Bentonite, Trimethylsiloxysilicate, Polysilicone-11, Silica, Tocopheryl Acetate, Microcrystalline Wax\\Cera Microcristallina\\Cire Microcristalline, Tocopherol, Salicornia Herbacea Extract, Rubus Idaeus (Raspberry) Seed Oil, Limnanthes Alba (Meadowfoam) Seed Oil, Prunus Armeniaca (Apricot) Kernel Oil, Caprylic/Capric Triglyceride, Triethoxycaprylylsilane, Dimethicone Crosspolymer, Polyglyceryl-3 Diisostearate, Fragrance (Parfum), [+/- Mica, Titanium Dioxide (Ci 77891), Iron Oxides (Ci 77491), Iron Oxides (Ci 77492), Iron Oxides (Ci 77499), Bismuth Oxychloride (Ci 77163), Blue 1 Lake (Ci 42090), Carmine (Ci 75470), Manganese Violet (Ci 77742), Red 6 (Ci 15850), Red 7 (Ci 15850), Red 7 Lake (Ci 15850), Red 21 (Ci 45380), Red 22 Lake (Ci 45380), Red 27 (Ci 45410), Red 28 Lake (Ci 45410), Red 30 Lake (Ci 73360), Red 33 Lake (Ci 17200), Yellow 6 Lake (Ci 15985), Yellow 5 Lake (Ci 19140)]. Bitte beachten Sie, dass sich die Liste der Inhaltsstoffe von Zeit zu Zeit ändern oder variieren kann. Die aktuellste Liste der Inhaltsstoffe finden Sie auf der Produktverpackung, die Sie erhalten.', 'Farbnummer': '569', 'Farbe': 'Fearless', 'Inhalt': '3.5 g', 'scope_of_application': 'Lippen', 'Produkttyp': 'Lippenfarbe'}||||||Fearless||||||||0|0|2890980_1.png|https://static.mueller.de/pdzoom/887167618367_neu.webp|2890980_2.png|https://static.mueller.de/pdzoom/887167618367_4neu.webp|2890980_3.png|https://static.mueller.de/pdzoom/887167618367_3neu.webp|2890980_4.png|https://static.mueller.de/pdzoom/887167618367_2neu.webp|2890980_5.png|https://static.mueller.de/pdzoom/887167618367_1neu.webp||||||||||||||||||||||||3.5 g|Dimethicone, Isoeicosane, Polyethylene, Vinyl Dimethicone/Methicone Silsesquioxane Crosspolymer, Bentonite, Trimethylsiloxysilicate, Polysilicone-11, Silica, Tocopheryl Acetate, Microcrystalline Wax\Cera Microcristallina\Cire Microcristalline, Tocopherol, Salicornia Herbacea Extract, Rubus Idaeus (Raspberry) Seed Oil, Limnanthes Alba (Meadowfoam) Seed Oil, Prunus Armeniaca (Apricot) Kernel Oil, Caprylic/Capric Triglyceride, Triethoxycaprylylsilane, Dimethicone Crosspolymer, Polyglyceryl-3 Diisostearate, Fragrance (Parfum), [+/- Mica, Titanium Dioxide (Ci 77891), Iron Oxides (Ci 77491), Iron Oxides (Ci 77492), Iron Oxides (Ci 77499), Bismuth Oxychloride (Ci 77163), Blue 1 Lake (Ci 42090), Carmine (Ci 75470), Manganese Violet (Ci 77742), Red 6 (Ci 15850), Red 7 (Ci 15850), Red 7 Lake (Ci 15850), Red 21 (Ci 45380), Red 22 Lake (Ci 45380), Red 27 (Ci 45410), Red 28 Lake (Ci 45410), Red 30 Lake (Ci 73360), Red 33 Lake (Ci 17200), Yellow 6 Lake (Ci 15985), Yellow 5 Lake (Ci 19140)]. Bitte beachten Sie, dass sich die Liste der Inhaltsstoffe von Zeit zu Zeit ändern oder variieren kann. Die aktuellste Liste der Inhaltsstoffe finden Sie auf der Produktverpackung, die Sie erhalten.||True||2890980P|||||||||3
2629610|mueller||||||||2024-10-28|Lindt Excellence 100%|LINDT||50|g|Home|Drogerie|Lebensmittel|Süßigkeiten|Schokolade|Lindt Excellence 100%||2,60 €|2,60 €|||||||||||52,00 € / 1 kg|||EUR|Home> Drogerie> Lebensmittel> Süßigkeiten> Schokolade> Lindt Excellence 100%|https://www.mueller.at/p/lindt-excellence-100-2629610/|50 g|Mehr geht nicht: Die hochprozentigste Edelbitter-Sorte ist die 100%. Sie enthält den maximalen Kakaoanteil und bietet dadurch das intensivste Geschmackserlebnis aller EXCELLENCE-Sorten. Die herben und rauchigen Noten unterstreichen den Kakaointensiven Geschmack der Tafel.|||||||||||{'Nährwerte je': '100  g', 'Brennwert': '2534 kj / 614 kcal', 'Fett in g': '54.0 g', '- davon gesättigte Fettsäuren in g': '34.0 g', 'Kohlenhydrate in g': '11.0 g', '- davon Zucker in g': '0.5 g', 'Eiweiß in g': '13.0 g', 'Salz in g': '0.03 g'}|||||||||||Non-Organic||||{'manufacturer': 'Lindt & Sprüngli GmbH', 'Herstelleradresse': 'Süsterfeldstrasse 130, DE-52072 Aachen', 'Kontaktmöglichkeit': '0241/ 8881-0', 'Inhalt': '50 g', 'Zutaten': 'Kakaomasse, Kakaobutter, fettarmes Kakaopulver. Kann SCHALENFRÜCHTE, MILCH, SOJA und SESAMSAMEN enthalten.', 'Produkttyp': 'Schokoladenartikel'}||||||||||||||0|0|2629610_1.png|https://static.mueller.de/markant_03046920022194_pv_4677932/pdzoom/lindt-excellence-100.webp||||||||||||||||||||||Lindt & Sprüngli GmbH||||||||||50 g|||True||2629610P|||||||||5
2890867|mueller||||||||2024-10-28|ARDELL Künstliche Wimpern Eco Lashes|ARDELL||1|Stk.|Home|Parfümerie|Make-up|Augen|Falsche Wimpern|ARDELL Künstliche Wimpern Eco Lashes||8,99 €|8,99 €||||||||||||||EUR|Home> Parfümerie> Make-up> Augen> Falsche Wimpern> ARDELL Künstliche Wimpern Eco Lashes|https://www.mueller.at/p/ardell-kuenstliche-wimpern-eco-lashes-IPN2890867/|1 Stk.|Die Eco Lashes von ARDELL, bestehend aus 100% nachhaltigen Fasern, holen das Optimum aus Ihrem Augen Make-up heraus. Die aufgefächerten Wimpern verleihen einen atemberaubenden Augenaufschlag der auf andere hypnotisierend wirkt. Das flexible Wimpernband lässt sich problemlos an den Wimpernkranz anpassen und ist bequem zu tragen. Für Augen, die mehr sagen als tausend Worte. Inklusive umweltfreundlicher Verpackung mit reduziertem Platikanteil.||REINIGUNG: Nach vorsichtiger Abnahme die Wimpern mit Make-up Entferner reinigen. PFLEGE: Zur Verlängerung der Lebensdauerder Wimpern bei Nicht-Verwendung bitte zurück in das Packaging legen.||||||||||||||||||||Non-Organic||||"{'Effekt': 'verdichtend|Volumen', 'Lagerhinweis': 'REINIGUNG: Nach vorsichtiger Abnahme die Wimpern mit Make-up Entferner reinigen. PFLEGE: Zur Verlängerung der Lebensdauerder Wimpern bei Nicht-Verwendung bitte zurück in das Packaging legen.', 'Anwendungshinweis': '1. Richten Sie das Band am natürlichen Wimpernansatz aus, um die Passform zu überprüfen. Schneiden Sie, wenn nötig, den Überschuss ab. 2. DUO Wimpernkleber auftragen: Tragen Sie eine dünne Linie DUO Kleber entlang des Bandes auf. Warten Sie ca. 20 Sekunden, bis der Kleber leicht angetrocknet ist. 3. Wimpern ankleben: Fixieren Sie das Wimpernband, indem Sie es auf den Wimpernansatz drücken.', 'package_contents': 'Echthaarwimpern', 'Farbnummer': '450', 'Inhalt': '1 Stk.', 'scope_of_application': 'Augen', 'Produkttyp': 'Falsche Wimpern'}"||||||||||||||0|0|2890867_1.png|https://static.mueller.de/pdzoom/74764632517.webp|2890867_2.png|https://static.mueller.de/pdzoom/74764632517_1.webp|2890867_3.png|https://static.mueller.de/pdzoom/74764632517_4.webp|2890867_4.png|https://static.mueller.de/pdzoom/74764632517_3.webp|2890867_5.png|https://static.mueller.de/pdzoom/74764632517_2.webp||||||||||||||||||||||||1 Stk.|Echthaarwimpern||True||2890867P|||||||||10
2629603|mueller||||||||2024-10-28|Lindt Vollmilch Schokolade ohne Zuckerzusatz|LINDT||100|g|Home|Drogerie|Lebensmittel|Süßigkeiten|Schokolade|Lindt Vollmilch Schokolade ohne Zuckerzusatz||3,39 €|3,39 €|||||||||||33,90 € / 1 kg|||EUR|Home> Drogerie> Lebensmittel> Süßigkeiten> Schokolade> Lindt Vollmilch Schokolade ohne Zuckerzusatz|https://www.mueller.at/p/lindt-vollmilch-schokolade-ohne-zuckerzusatz-2629603/|100 g|Feinste Vollmilch-Schokolade ohne Zuckerzusatz und ohne Gluten. Vollmilch-Schokolade, ohne Zuckerzusatz, mit Süßungsmittel Maltit, Kakao: 35% mindestens.|||||||||||{'Nährwerte je': '100  g', 'Brennwert': '2142 kj / 510 kcal', 'Fett in g': '37.0 g', '- davon gesättigte Fettsäuren in g': '22.0 g', 'Kohlenhydrate in g': '52.0 g', '- davon Zucker in g': '9.0 g', 'Eiweiß in g': '7.0 g', 'Salz in g': '0.25 g'}|||||||||||Non-Organic||||{'manufacturer': 'Lindt & Sprüngli GmbH', 'Herstelleradresse': 'Süsterfeldstrasse 130, DE-52072 Aachen', 'Kontaktmöglichkeit': '0241/ 8881-0', 'Inhalt': '100 g', 'Zutaten': 'Süßungsmittel (Maltit), Kakaobutter, VollMILCHpulver, Kakaomasse, BUTTERreinfett, Emulgator (SOJAlecithin), Aroma. Kann HASELNÜSSE, MANDELN und andere SCHALENFRÜCHTE enthalten.', 'Produkttyp': 'Schokoladenartikel'}||||||||||||||0|0|2629603_1.png|https://static.mueller.de/markant_08013108696688_pv_2143832/pdzoom/lindt-vollmilch-schokolade-ohne-zuckerzusatz.webp||||||||||||||||||||||Lindt & Sprüngli GmbH||||||||||100 g|||True||2629603P||||Kakao: 35% mindestens|||||5
271976|mueller||||||||2024-10-28|Steiff - Bobby Schlenker-Teddybär, 40 cm|STEIFF||1|Stk.|Home|Spielwaren|Kuscheltiere & Puppen|Kuscheltiere|Stofftiere|Steiff - Bobby Schlenker-Teddybär, 40 cm||109,00 €|109,00 €||||||||||||||EUR|Home> Spielwaren> Kuscheltiere & Puppen> Kuscheltiere> Stofftiere> Steiff - Bobby Schlenker-Teddybär, 40 cm|https://www.mueller.at/p/steiff-bobby-schlenker-teddybaer-40-cm-271976/|1 Stk.|Bobby Schlenker-Teddybär, 40 cmDer 40 cm große Bobby Schlenker-Teddybär ist ein toller Freund für alle Kinder. Bobby ist aus kuschelweichem Plüsch und eignet sich wunderbar zum Kuscheln und Schmusen. Bobby ist schon ganz gespannt auf viele neue Abenteuer und auf sein neues zu Hause. Die Schleife des Bären ist nicht abnehmbar.||||||||0 Jahre||||||||||||||Non-Organic||||"{'target_group': 'Baby & Kleinkind|Vorschüler|Jugendliche', 'Artikelnummer des Herstellers': '013478', 'license': 'Steiff - Teddybären - Teddybären für Kinder', 'Altersempfehlung ab': '0 Jahre', 'Altersempfehlung bis': '99 Jahre', 'Tierart': 'Bär', 'Materialdetails': 'Plüsch', 'Inhalt': '1 Stk.', 'Genre | Spielmotivation': 'Spielen|Sammeln', 'Produkttyp': 'Schlenkertiere'}"||||||||Plüsch||||||0|0|271976_1.png|https://static.mueller.de/62616424-PB-0/pdzoom/steiff-bobby-schlenker-teddybaer-40-cm.webp||||||||||||||||||||||013478||||||||||1 Stk.|||True||271976P|||||||||7
2890896|mueller||||||||2024-10-28|Westmark Pizzaschneider Fuentez|WESTMARK||1|Stk.|Home|Haushalt|Kochen & Backen|Küchenhelfer & -textilien|Spezialhelfer|Westmark Pizzaschneider Fuentez||9,99 €|9,99 €||||||||||||||EUR|Home> Haushalt> Kochen & Backen> Küchenhelfer & -textilien> Spezialhelfer> Westmark Pizzaschneider Fuentez|https://www.mueller.at/p/westmark-pizzaschneider-fuentez-IPN2890896/|1 Stk.|"
antihaftbeschichtete Räder schneiden schnell durch Pizza, Flamm- und Pfannkuchen
bei Nicht-Gebrauch kommt das Fahrrad auf den dafür vorgesehenen Ständer
einfach zu reinigen, Handwäsche mit etwas Spülmittel
"||||||||||||||||||||||Non-Organic||||"{'Gewicht': '78', 'Pflegehinweis': 'Handwäsche empfohlen', 'manufacturer': 'Westmark GmbH', 'Herstelleradresse': 'Bielefelder Str. 125, 57368 Lennestadt-Elspe', 'Kontaktmöglichkeit': 'info@westmark.de', 'Materialdetails': 'Edelstahl, PP', 'Material': 'Edelstahl|Polypropylen', 'Höhe': '3.5 cm', 'Breite': '18.5 cm', 'Tiefe': '11.5 cm', 'Inhalt': '1 Stk.'}"||||||||Edelstahl, PP||||||5.0|1|2890896_1.png|https://static.mueller.de/pdzoom/4004094132964_PV.webp|2890896_2.png|https://static.mueller.de/pdzoom/4004094132964_PD4.webp|2890896_3.png|https://static.mueller.de/pdzoom/4004094132964_PD2.webp|2890896_4.png|https://static.mueller.de/pdzoom/4004094132964_PD3.webp|2890896_5.png|https://static.mueller.de/pdzoom/4004094132964_PD1.webp||||||||Handwäsche empfohlen||||||Westmark GmbH||||||||||1 Stk.|||True||2890896P|||||||||10
838142|mueller||||||||2024-10-28|Piatnik 219733 - Standard Bild 2x55 Blatt Rummy Bridge Canasta|PIATNIK||1|Stk.|Home|Spielwaren|Spiele & Puzzles|Spiele|Kartenspiele|Piatnik 219733 - Standard Bild 2x55 Blatt Rummy Bridge Canasta||11,85 €|11,85 €|11,85 €|9,99 €||||16%|Sie sparen 16%|||||||EUR|Home> Spielwaren> Spiele & Puzzles> Spiele> Kartenspiele> Piatnik 219733 - Standard Bild 2x55 Blatt Rummy Bridge Canasta|https://www.mueller.at/p/piatnik-219733-standard-bild-2x55-blatt-rummy-bridge-canasta-838142/|1 Stk.|"Standard Bild 2x55 Blatt Rummy Bridge Canasta
Piatnik Standard
2 x 3 Joker
2 x 55 Blatt"||||||||8 Jahre||||||||||||||Non-Organic||||"{'target_group': 'Grundschüler|Erwachsene|Jugendliche', 'Artikelnummer des Herstellers': '2197', 'license': 'Piatnik Bridge & Poker Spiele Standardkarten', 'Altersempfehlung ab': '8 Jahre', 'Inhalt': '1 Stk.', 'Produkttyp': 'Kartenspiele'}"||||||||||||||0|0|838142_1.png|https://static.mueller.de/6691012710-PV-0/pdzoom/piatnik-219733-standard-bild-2x55-blatt-rummy-bridge-canasta.webp||||||||||||||||||||||2197||||||||||1 Stk.|||True||838142P|||||||||10
2958002|mueller||||||||2024-10-28|Magic: The Gathering Fallout Commander-Deck – Ave Caesar (deutsche Version)|MAGIC THE GATHERING||1|Stk.|Home|Spielwaren|Spiele & Puzzles|Spiele|Kartenspiele|Magic: The Gathering Fallout Commander-Deck – Ave Caesar (deutsche Version)||59,99 €|59,99 €||||||||||||||EUR|Home> Spielwaren> Spiele & Puzzles> Spiele> Kartenspiele> Magic: The Gathering Fallout Commander-Deck – Ave Caesar (deutsche Version)|https://www.mueller.at/p/magic-the-gathering-fallout-commander-deck-ave-caesar-deutsche-version-IPN2958002/|1 Stk.|"DIE SCHATZKAMMERN WURDEN GEÖFFNET – Reise durch das Ödland mit einem 100-Karten-Deck, das 37 nie zuvor veröffentlichen Magic-Karten mit den Lieblingscharakteren der Fans, thematischen Spielmechaniken und Illustrationen einführt, die die postnukleare Welt der Fallout-Serie widerspiegeln
KÄMPFE GEGEN DIE ANDEREN BEWOHNER DES ÖDLANDS – Kämpfe in epischen MTG-Partien mit 3-5 Spielern voller strategischer Schachzüge und gesellschaftlicher Intrigen gegen deine Freunde; diese vorgefertigten Decks bieten dir die Möglichkeit, sofort in das Spiel einzusteigen 
AVE CAESAR – Entscheide dich für das Deck Ave Caesar, um an der Seite von Caesar zu kämpfen, einem listigen Strategen, der deine Armee in einen erbarmungslosen Kampf zum Sieg führen wird.
SAMMLE BESONDERE FALLOUT-KARTENDRUCKE – Jedes Deck enthält eine Sammler-Booster-Probepackung mit 2 besonderen Karten mit alternativem Kartenrand, darunter eine seltene oder sagenhaft seltene Karte
ALLES, WAS DU ZUM SPIELEN BRAUCHST, UND MEHR – Jedes Deck enthält außerdem 10 doppelseitige Spielsteinkarten, 1 Lebenspunktezähler, 1 Strategiehilfe und 1 Deckbox (mit Platz für 100 Karten samt Hüllen)
EIN SPIEL, DAS ILLUSTRATIONEN, GESCHICHTEN UND STRATEGIE MITEINANDER VEREINT – Magic: The Gathering ist ein Sammelkartenspiel, das tiefgreifende Strategie mit Illustrationen und Mechaniken verwebt, die die Themen einer bestimmten Welt und Geschichte erkunden – egal, ob du eine lockere Partie mit Freunden spielen, coole Karten sammeln oder an Wettkämpfen teilnehmen möchtest, Magic heißt dich zu The Gathering willkommen
 
 
Kämpfe mit anderen Bewohnern des Ödlands ums Überleben, wenn die Fallout-Serie auf das beliebteste Multiplayer-Format von Magic trifft. Das Commander-Deck Ave Caesar enthält 1 spielfertiges rot-weiß-schwarzes Deck mit 100 Magic-Karten (2 legendäre traditionelle Foilkarten, 98 Nicht-Foilkarten), eine Sammler-Booster-Probepackung (enthält 2 traditionelle Foilkarten oder Nicht-Foilkarten mit besonderem Kartendruck darunter 1 Karte mit besonderem Kartendruck der Seltenheit selten oder höher und 1 Karte mit alternativer Illustration und alternativem Kartenrand der Seltenheit häufig oder höher), 1 Display-Commander als Etched-Foilkarte (ein Exemplar der Commander-Karte aus Karton mit Foil-Effekt am Kartenrand und in der Illustration), 10 doppelseitige Spielsteinkarten, 1 Deckbox (mit Platz für 100 Karten samt Hüllen), 1 Lebenspunkterad, 1 Strategiebeilage und 1 Regelreferenzkarte."||||||||13 Jahre||||||||||||||Non-Organic||||{'target_group': 'Jugendliche', 'Artikelnummer des Herstellers': 'D26081000', 'Altersempfehlung ab': '13 Jahre', 'Inhalt': '1 Stk.', 'Produkttyp': 'Sammelkarten'}||||||||||||||0|0|2958002_1.png|https://static.mueller.de/pdzoom/5010996167057.webp|2958002_2.png|https://static.mueller.de/pdzoom/5010996167057_2.webp|2958002_3.png|https://static.mueller.de/pdzoom/5010996167057_3.webp||||||||||||||||||D26081000||||||||||1 Stk.|||False||2958002P|||||||||1
2958004|mueller||||||||2024-10-28|Magic: The Gathering Fallout Commander-Deck – Kampfbereite Überlebende|MAGIC THE GATHERING||1|Stk.|Home|Spielwaren|Spiele & Puzzles|Spiele|Kartenspiele|Magic: The Gathering Fallout Commander-Deck – Kampfbereite Überlebende||59,99 €|59,99 €||||||||||||||EUR|Home> Spielwaren> Spiele & Puzzles> Spiele> Kartenspiele> Magic: The Gathering Fallout Commander-Deck – Kampfbereite Überlebende|https://www.mueller.at/p/magic-the-gathering-fallout-commander-deck-kampfbereite-ueberlebende-IPN2958004/|1 Stk.|"DIE SCHATZKAMMERN WURDEN GEÖFFNET – Reise durch das Ödland mit einem 100-Karten-Deck, das 38 nie zuvor veröffentlichen Magic-Karten mit den Lieblingscharakteren der Fans, thematischen Spielmechaniken und Illustrationen einführt, die die postnukleare Welt der Fallout-Serie widerspiegelnKÄMPFE GEGEN DIE ANDEREN BEWOHNER DES ÖDLANDS – Kämpfe in epischen MTG-Partien mit 3-5 Spielern voller strategischer Schachzüge und gesellschaftlicher Intrigen gegen deine Freunde; diese vorgefertigten Decks bieten dir die Möglichkeit, sofort in das Spiel einzusteigen Aggressive Überlebende – Mit dem Deck Aggressive Überlebende hast du alles in der Hand, was du brauchst, um deine Feinde mithilfe deines Begleiters, dem treuen Deutschen Schäferhund Dogmeat, zu besiegen.SAMMLE BESONDERE FALLOUT-KARTENDRUCKE – Jedes Deck enthält eine Sammler-Booster-Probepackung mit 2 besonderen Karten mit alternativem Kartenrand, darunter eine seltene oder sagenhaft seltene KarteALLES, WAS DU ZUM SPIELEN BRAUCHST, UND MEHR – Jedes Deck enthält außerdem 10 doppelseitige Spielsteinkarten, 1 Lebenspunktezähler, 1 Strategiehilfe und 1 Deckbox (mit Platz für 100 Karten samt Hüllen)EIN SPIEL, DAS ILLUSTRATIONEN, GESCHICHTEN UND STRATEGIE MITEINANDER VEREINT – Magic: The Gathering ist ein Sammelkartenspiel, das tiefgreifende Strategie mit Illustrationen und Mechaniken verwebt, die die Themen einer bestimmten Welt und Geschichte erkunden – egal, ob du eine lockere Partie mit Freunden spielen, coole Karten sammeln oder an Wettkämpfen teilnehmen möchtest, Magic heißt dich zu The Gathering willkommen
Kämpfe mit anderen Bewohnern des Ödlands ums Überleben, wenn die Fallout-Serie auf das beliebteste Multiplayer-Format von Magic trifft. Das Commander-Deck Aggressive Überlebende enthält 1 spielfertiges rot-grün-weißes Deck mit 100 Magic-Karten (2 legendäre traditionelle Foilkarten, 98 Nicht-Foilkarten), eine Sammler-Booster-Probepackung (enthält 2 traditionelle Foilkarten oder Nicht-Foilkarten mit besonderem Kartendruck darunter 1 Karte mit besonderem Kartendruck der Seltenheit "||||||||13 Jahre||||||||||||||Non-Organic||||{'target_group': 'Jugendliche', 'Artikelnummer des Herstellers': 'D26091000', 'Altersempfehlung ab': '13 Jahre', 'Inhalt': '1 Stk.', 'Produkttyp': 'Sammelkarten'}||||||||||||||0|0|2958004_1.png|https://static.mueller.de/pdzoom/5010996167095.webp|2958004_2.png|https://static.mueller.de/pdzoom/5010996167095_2.webp|2958004_3.png|https://static.mueller.de/pdzoom/5010996167095_3.webp||||||||||||||||||D26091000||||||||||1 Stk.|||False||2958004P|||||||||1
2958006|mueller||||||||2024-10-28|Magic: The Gathering Fallout Commander-Deck – Wissenschaft!|MAGIC THE GATHERING||1|Stk.|Home|Spielwaren|Spiele & Puzzles|Spiele|Kartenspiele|Magic: The Gathering Fallout Commander-Deck – Wissenschaft!||59,99 €|59,99 €||||||||||||||EUR|Home> Spielwaren> Spiele & Puzzles> Spiele> Kartenspiele> Magic: The Gathering Fallout Commander-Deck – Wissenschaft!|https://www.mueller.at/p/magic-the-gathering-fallout-commander-deck-wissenschaft-IPN2958006/|1 Stk.|"DIE SCHATZKAMMERN WURDEN GEÖFFNET – Reise durch das Ödland mit einem 100-Karten-Deck, das 38 nie zuvor veröffentlichen Magic-Karten mit den Lieblingscharakteren der Fans, thematischen Spielmechaniken und Illustrationen einführt, die die postnukleare Welt der Fallout-Serie widerspiegelnKÄMPFE GEGEN DIE ANDEREN BEWOHNER DES ÖDLANDS – Kämpfe in epischen MTG-Partien mit 3-5 Spielern voller strategischer Schachzüge und gesellschaftlicher Intrigen gegen deine Freunde; diese vorgefertigten Decks bieten dir die Möglichkeit, sofort in das Spiel einzusteigen WISSENSCHAFT! – Mit dem Deck Wissenschaft! kannst du dich mit der herausragenden Wissenschaftlerin Dr. Madison Li zusammentun und die Macht der Technologie nutzen, um für das Schicksal der Erde zu kämpfenSAMMLE BESONDERE FALLOUT-KARTENDRUCKE – Jedes Deck enthält eine Sammler-Booster-Probepackung mit 2 besonderen Karten mit alternativem Kartenrand, darunter eine seltene oder sagenhaft seltene KarteALLES, WAS DU ZUM SPIELEN BRAUCHST, UND MEHR – Jedes Deck enthält außerdem 10 doppelseitige Spielsteinkarten, 1 Lebenspunktezähler, 1 Strategiehilfe und 1 Deckbox (mit Platz für 100 Karten samt Hüllen)EIN SPIEL, DAS ILLUSTRATIONEN, GESCHICHTEN UND STRATEGIE MITEINANDER VEREINT – Magic: The Gathering ist ein Sammelkartenspiel, das tiefgreifende Strategie mit Illustrationen und Mechaniken verwebt, die die Themen einer bestimmten Welt und Geschichte erkunden – egal, ob du eine lockere Partie mit Freunden spielen, coole Karten sammeln oder an Wettkämpfen teilnehmen möchtest, Magic heißt dich zu The Gathering willkommen
Kämpfe mit anderen Bewohnern des Ödlands ums Überleben, wenn die Fallout-Serie auf das beliebteste Multiplayer-Format von Magic trifft. Das Commander-Deck Wissenschaft! enthält 1 spielfertiges blau-weiß-rotes Deck mit 100 Magic-Karten (2 legendäre traditionelle Foilkarten, 98 Nicht-Foilkarten), eine Sammler-Booster-Probepackung (enthält 2 traditionelle Foilkarten oder Nicht-Foilkarten mit besonderem Kartendruck darunter 1 Karte mit besonderem Kartendruck der Seltenheit selten oder höher und 1 Karte mit alternativer Illustration und alternativem Kartenrand der Seltenheit häufig oder höher), 1 Display-Commander als Etched-Foilkarte (ein Exemplar der Commander-Karte aus Karton mit Foil-Effekt am Kartenrand und in der Illustration), 10 doppelseitige Spielsteinkarten, 1 Deckbox (mit Platz für 100 Karten samt Hüllen), 1 Lebenspunkterad, 1 Strategiebeilage und 1 Regelreferenzkarte."||||||||13 Jahre||||||||||||||Non-Organic||||{'target_group': 'Jugendliche', 'Artikelnummer des Herstellers': 'D26101000', 'Altersempfehlung ab': '13 Jahre', 'Inhalt': '1 Stk.', 'Produkttyp': 'Sammelkarten'}||||||||||||||0|0|2958006_1.png|https://static.mueller.de/pdzoom/5010996167132.webp|2958006_2.png|https://static.mueller.de/pdzoom/5010996167132_2.webp|2958006_3.png|https://static.mueller.de/pdzoom/5010996167132_3.webp||||||||||||||||||D26101000||||||||||1 Stk.|||False||2958006P|||||||||1
2958008|mueller||||||||2024-10-28|Magic: The Gathering Fallout Commander-Deck – Mutantengefahr (deutsche Version)|MAGIC THE GATHERING||1|Stk.|Home|Spielwaren|Spiele & Puzzles|Spiele|Kartenspiele|Magic: The Gathering Fallout Commander-Deck – Mutantengefahr (deutsche Version)||59,99 €|59,99 €||||||||||||||EUR|Home> Spielwaren> Spiele & Puzzles> Spiele> Kartenspiele> Magic: The Gathering Fallout Commander-Deck – Mutantengefahr (deutsche Version)|https://www.mueller.at/p/magic-the-gathering-fallout-commander-deck-mutantengefahr-deutsche-version-IPN2958008/|1 Stk.|"·         DIE SCHATZKAMMERN WURDEN GEÖFFNET – Reise durch das Ödland mit einem 100-Karten-Deck, das 41 nie zuvor veröffentlichen Magic-Karten mit den Lieblingscharakteren der Fans, thematischen Spielmechaniken und Illustrationen einführt, die die postnukleare Welt der Fallout-Serie widerspiegeln
·         KÄMPFE GEGEN DIE ANDEREN BEWOHNER DES ÖDLANDS – Kämpfe in epischen MTG-Partien mit 3-5 Spielern voller strategischer Schachzüge und gesellschaftlicher Intrigen gegen deine Freunde; diese vorgefertigten Decks bieten dir die Möglichkeit, sofort in das Spiel einzusteigen 
·         MUTANTENBEDROHUNG – Mit dem Deck Mutantenbedrohung vertraust du auf den Weisen Mottenmann, um zu beweisen, dass die Zeit, in der die Menschheit an der Spitze der Nahrungskette steht, endgültig vorbei ist
·         SAMMLE BESONDERE FALLOUT-KARTENDRUCKE – Jedes Deck enthält eine Sammler-Booster-Probepackung mit 2 besonderen Karten mit alternativem Kartenrand, darunter eine seltene oder sagenhaft seltene Karte
·         ALLES, WAS DU ZUM SPIELEN BRAUCHST, UND MEHR – Jedes Deck enthält außerdem 10 doppelseitige Spielsteinkarten, 1 Lebenspunktezähler, 1 Strategiehilfe und 1 Deckbox (mit Platz für 100 Karten samt Hüllen)
·         EIN SPIEL, DAS ILLUSTRATIONEN, GESCHICHTEN UND STRATEGIE MITEINANDER VEREINT – Magic: The Gathering ist ein Sammelkartenspiel, das tiefgreifende Strategie mit Illustrationen und Mechaniken verwebt, die die Themen einer bestimmten Welt und Geschichte erkunden – egal, ob du eine lockere Partie mit Freunden spielen, coole Karten sammeln oder an Wettkämpfen teilnehmen möchtest, Magic heißt dich zu The Gathering willkommen
Kämpfe mit anderen Bewohnern des Ödlands ums Überleben, wenn die Fallout-Serie auf das beliebteste Multiplayer-Format von Magic trifft. Das Commander-Deck Mutantenbedrohung enthält 1 spielfertiges schwarz-grün-blaues Deck mit 100 Magic-Karten (2 legendäre traditionelle Foilkarten, 98 Nicht-Foilkarten), eine Sammler-Booster-Probepackung (enthält 2 traditionelle Foilkarten oder Nicht-Foilkarten mit besonderem Kartendruck darunter 1 Karte mit besonderem Kartendruck der Seltenheit selten oder höher und 1 Karte mit alternativer Illustration und alternativem Kartenrand der Seltenheit häufig oder höher), 1 Display-Commander als Etched-Foilkarte (ein Exemplar der Commander-Karte aus Karton mit Foil-Effekt am Kartenrand und in der Illustration), 10 doppelseitige Spielsteinkarten, 1 Deckbox (mit Platz für 100 Karten samt Hüllen), 1 Lebenspunkterad, 1 Strategiebeilage und 1 Regelreferenzkarte.
 "||||||||13 Jahre||||||||||||||Non-Organic||||{'target_group': 'Jugendliche', 'Artikelnummer des Herstellers': 'D26111000', 'Altersempfehlung ab': '13 Jahre', 'Inhalt': '1 Stk.', 'Produkttyp': 'Sammelkarten'}||||||||||||||0|0|2958008_1.png|https://static.mueller.de/pdzoom/5010996167156_a.webp|2958008_2.png|https://static.mueller.de/pdzoom/5010996167156_b.webp|2958008_3.png|https://static.mueller.de/pdzoom/5010996167156_c.webp||||||||||||||||||D26111000||||||||||1 Stk.|||False||2958008P|||||||||1
271967|mueller||||||||2024-10-28|Ravensburger Puzzle - Roll your Puzzle!|RAVENSBURGER PUZZLE||1|Stk.|Home|Spielwaren|Spiele & Puzzles|Puzzles|Puzzlezubehör|Ravensburger Puzzle - Roll your Puzzle!||19,99 €|19,99 €|19,99 €|16,99 €||||15%|Sie sparen 15%|||||||EUR|Home> Spielwaren> Spiele & Puzzles> Puzzles> Puzzlezubehör> Ravensburger Puzzle - Roll your Puzzle!|https://www.mueller.at/p/ravensburger-puzzle-roll-your-puzzle-271967/|1 Stk.|Roll your Puzzle!Jetzt noch stabiler - Roll your Puzzle! Mit diesem praktischen Aufbewahrungssystem können Sie Ihre angefangenen und fertigen Puzzles von 300 bis 1.500 Teilen sicher transportieren und platzsparend verstauen. So funktioniert es: Sie Puzzeln direkt auf der rutschfesten Filzunterlage. Zum Einrollen legen Sie die zuvor zusammengesteckte Kunststoff-Röhre auf ein schmales Ende der Filzunterlage und wickeln vorsichtig den Filz mit dem Puzzle fest darum, bis beides komplett aufgerollt ist. Nun brauchen Sie nur noch die Rolle mit den beiliegenden Gummibändern fixieren und schon können Sie Ihr Puzzle sicher an einen anderen Ort bringen und platzsparend aufbewahren, bevorzugt liegend. Die hochwertige Röhre aus Kunststoff sorgt für extra Stabilität und erleichtert das Einrollen.Inhalt: • 1 rutschfester Filz (110 x 66 cm) für 300 bis 1.500 Teile• 1 stabile Kunststoff-Röhre zum Zusammenstecken aus 8 Halbschalen• 2 Gummibänder zum Fixieren||||||||9 Jahre||||||||||||||Non-Organic||||"{'Anleitungssprache': 'nl|es|fr|it|en|de', 'target_group': 'Erwachsene|Grundschüler|Jugendliche', 'Artikelnummer des Herstellers': '17956', 'license': 'Ravensburger Zubehör', 'Altersempfehlung ab': '9 Jahre', 'Altersempfehlung bis': '99 Jahre', 'publisher': 'Ravensburger Verlag GmbH', 'Inhalt': '1 Stk.', 'Produkttyp': 'Puzzlezubehör'}"||||||||||||||3.3333|3|271967_1.png|https://static.mueller.de/465233354-PV-0/pdzoom/ravensburger-puzzle-roll-your-puzzle.webp|271967_2.png|https://static.mueller.de/465233354-PR-1/pdzoom/ravensburger-puzzle-roll-your-puzzle.webp|271967_3.png|https://static.mueller.de/465233354-PB-2/pdzoom/ravensburger-puzzle-roll-your-puzzle.webp|271967_4.png|https://static.mueller.de/465233354-PB-3/pdzoom/ravensburger-puzzle-roll-your-puzzle.webp||||||||||||||||17956||||||||||1 Stk.|||True||271967P|||||||||10
535301|mueller||||||||2024-10-28|BOCK Geschenktüte klein Happy Birthday 14 x 11 x 6,5cm sortiert|||1|Stk.|Home|Schreibwaren|Bastelbedarf|Geschenkverpackungen|BOCK Geschenktüte klein Happy Birthday 14 x 11 x 6,5cm sortiert|||1,99 €|1,99 €||||||||||||||EUR|Home> Schreibwaren> Bastelbedarf> Geschenkverpackungen> BOCK Geschenktüte klein Happy Birthday 14 x 11 x 6,5cm sortiert|https://www.mueller.at/p/bock-geschenktuete-klein-happy-birthday-14-x-11-x-6-5cm-sortiert-IPN535301/|1 Stk.|Geschenktragetasche-mit Veredelungen||||||||||||||||||||||Non-Organic||||{'manufacturer': 'Peter Bock GmbH', 'Artikelnummer des Herstellers': '05200', 'Material': 'Papier', 'Höhe': '16.5 cm', 'Breite': '11.5 cm', 'Tiefe': '5 cm', 'Inhalt': '1 Stk.', 'Produkttyp': 'Geschenkverpackungen'}||||||||||||||0|0|535301_1.png|https://static.mueller.de/pdzoom/4043618052005.webp|535301_2.png|https://static.mueller.de/pdzoom/4043618052005_02.webp|535301_3.png|https://static.mueller.de/pdzoom/4043618052005_01.webp|535301_4.png|https://static.mueller.de/pdzoom/4043618052005_03.webp||||||||||||||||Peter Bock GmbH||||||||||1 Stk.|||True||535301P|||||||||10
2208526|mueller||||||||2024-10-28|BBN Creatin Monohydrat|BBN||500|g|Home|Drogerie|Lebensmittel|Nahrung|Sportlernahrung|BBN Creatin Monohydrat||30,99 €|30,99 €|30,99 €|25,99 €||||16%|Sie sparen 16%||||51,98 € / 1 kg|||EUR|Home> Drogerie> Lebensmittel> Nahrung> Sportlernahrung> BBN Creatin Monohydrat|https://www.mueller.at/p/bbn-creatin-monohydrat-2208526/|500 g|"5,1 g Creatin pro Portion Creatin erhöht die körperliche Leistung bei Schnellkrafttraining mischbar mit anderen Produkten magnesiumoptimiert mit praktischem Dosierlöffel
Best Body Nutrition Creatin Powder enthält 5,1 g Creatin pro Portion. Es eignet sich besonders als Vorratsbox für zu Hause. Einfach eine Portion mit Wasser oder Fruchtsaft zu sich nehmen oder als Ergänzung zum Eiweiß- oder Kohlenhydratshake im praktischen Shaker von Best Body Nutrition mixen und trinken, um so den Muskelaufbau und -erhalt positiv zu beeinflussen.  Bei Creatin handelt es sich um eine körpereigene Substanz, deren Verzehr die körperliche Leistung während kurzer, hochintensiver, wiederholter Trainingseinheiten z.B. bei Schnellkrafttraining erhöht. Gerade im Leistungssport ist die Einnahme von Creatin deshalb sehr verbreitet. Es wird in der Leber aus drei Aminosäuren gebildet. Eine dieser Aminosäuren, Methionin, kann der Körper nicht selbst produzieren. Sie muss mit der Nahrung zugeführt werden. Neben der körperlichen Eigenproduktion bezieht der Körper einen Teil des Creatins aus der Nahrung. Vor allem in rotem Fleisch steckt eine Menge des Muskelboosters. Creatin wird nach der Einnahme zu etwa zwei Drittel zu Creatinphosphat (CP) umgewandelt und wird so im Muskel gespeichert. CP erhöht den Gehalt an Adenosintriphosphat (ATP). ATP ist der Treibstoff für unsere Muskeln. Je höher der ATP-Spiegel im Muskel ist, desto länger kann eine Leistung im Maximalbereich aufrechterhalten werden. ATP wird durch Spaltung schnell verbraucht, aber in der Erholungsphase innerhalb kürzester Zeit (mehrere Sekunden bis wenige Minuten) im Zusammenspiel mit CP wiederhergestellt.  Studien zeigen, dass die tägliche Einnahme von 3 g Creatin zu einer gleichbleibend hohen Menge an Creatin im Muskel führen. Eine Kuranwendung ist möglich aber ein eher veraltetes Modell der Creatinsupplementierung. Creatin wird zwar sehr schnell in die Muskelzellen eingelagert, es wird jedoch auch sehr schnell wieder abtransportiert. Zum Aufrechterhalten der Leistung sollte die Ernährung grundsätzlich eiweiß- und kohlenhydratreich sein. Es ist außerdem wichtig bei einer erhöhten Creatinzufuhr ausreichend zu trinken.  Beim Training gehen auch Mineralien verloren. Um z.B. Muskelkrämpfen vorzubeugen, ist das Creatin Monohydrat Powder zusätzlich mit Magnesium angereichert. Magnesium trägt zum Elektrolytgleichgewicht und zur normalen Muskelfunktion bei. Die positiven Wirkungen von Creatin stellen sich bei einer täglichen Aufnahme von 3 g ein. Best Body Nutrition empfiehlt pro Portion 6 g (= 1 gestrichener Messlöffel) Creatin Monohydrat Powder mit Wasser oder Fruchtsaft zu mischen. Ein geeigneter Zeitpunkt ist nach dem Training und an trainingsfreien Tagen direkt nach dem Aufstehen. Hinweise: Die angegebene empfohlene tägliche Verzehrmenge darf nicht überschritten werden! Kein Ersatz für eine abwechslungsreiche und ausgewogene Ernährung und eine gesunde Lebensweise. Nicht in Reichweite von kleinen Kindern lagern. Für Kinder und Jugendliche nicht geeignet. Creatin ist nur für Erwachsene bestimmt, die einer intensiven, körperlichen Betätigung nachgehen. Eine Ergänzung der Nahrung allein reicht nicht aus, es müssen auch hoch intensive Trainingseinheiten absolviert werden, um die Eigenschaften des Creatins optimal ausnutzen zu können. Nach dem öffnen innerhalb von 5 Monaten aufbrauchen. Das Produkt geschlossen, trocken, lichtgeschützt und bei Raumtemperatur bis max. 25 °C lagern. Best Body Nutrition Creatin Monohydrat Powder, Nahrungsergänzungsmittel mit Creatin und Magnesium."||Nach dem öffnen innerhalb von 5 Monaten aufbrauchen. Das Produkt geschlossen, trocken, lichtgeschützt und bei Raumtemperatur bis max. 25 °C lagern.|||CN|||||||||||||||||Non-Organic||||{'Lagerhinweis': 'Nach dem öffnen innerhalb von 5 Monaten aufbrauchen. Das Produkt geschlossen, trocken, lichtgeschützt und bei Raumtemperatur bis max. 25 °C lagern.', 'manufacturer': 'Fitnesshotline GmbH', 'Herstelleradresse': 'Beethovenstraße 9, 08209 Auerbach, Germany', 'Kontaktmöglichkeit': 'personal@best-body.com', 'Herkunftsland': 'CN', 'Anwendungshinweis': 'Hinweise: Die angegebene empfohlene tägliche Verzehrmenge darf nicht überschritten werden! Kein Ersatz für eine abwechslungsreiche und ausgewogene Ernährung und eine gesunde Lebensweise. Nicht in Reichweite von kleinen Kindern lagern. Für Kinder und Jugendliche nicht geeignet.\nCreatin ist nur für Erwachsene bestimmt, die einer intensiven, körperlichen Betätigung nachgehen. Eine Ergänzung der Nahrung allein reicht nicht aus, es müssen auch hoch intensive Trainingseinheiten absolviert werden, um die Eigenschaften des Creatins optimal ausnutzen zu können.', 'Inhalt': '500 g', 'Zutaten': '96,3 % Creatinmonohydrat, Magnesiumoxid.', 'Produkttyp': 'Pulver & Shakes', 'warning_notice': 'Die angegebene empfohlene tägliche Verzehrsmenge darf nicht überschritten werden. Nahrungsergänzungsmittel sollten nicht als Ersatz für eine ausgewogene und abwechslungsreiche Ernährung dienen. Achten Sie auf eine gesunde Lebensweise. Außerhalb der Reichweite von kleinen Kindern aufbewahren.'}||||||||||||||5.0|1|2208526_1.png|https://static.mueller.de/7021078343-PV-0/pdzoom/bbn-creatin-monohydrat.webp||||||||||||||||||||||Fitnesshotline GmbH||||||||||500 g|||True||2208526P|||||||||10
2365281|mueller||||||||2024-10-28|Disney Prinzessin - Lippenpflegestift|MARKWINS||1|Stk.|Home|Spielwaren|Kostüme & Partyartikel|Trends|Disney Prinzessin - Lippenpflegestift|||2,49 €|2,49 €||||||||||||||EUR|Home> Spielwaren> Kostüme & Partyartikel> Trends> Disney Prinzessin - Lippenpflegestift|https://www.mueller.at/p/disney-prinzessin-lippenpflegestift-2365281/|1 Stk.|"Mit Magical Glow Berry Geschmack.
Spendet Feuchtigkeit für die Lippen."||||||||3 Jahre||||||||||||||Non-Organic||||"{'Zusammenbau nötig': 'Nein', 'target_group': 'Kindergartenkinder|Grundschüler', 'Artikelnummer des Herstellers': '23722', 'license': 'Disney Prinzessin', 'Altersempfehlung ab': '3 Jahre', 'Inhalt': '1 Stk.', 'Produkttyp': 'Kleinspielzeug'}"||||||||||||||0|0|2365281_1.png|https://static.mueller.de/6519469374-PV-0/pdzoom/disney-prinzessin-lippenpflegestift.webp||||||||||||||||||||||23722||||||||||1 Stk.|||True||2365281P|||||||||10
2890880|mueller||||||||2024-10-28|ARDELL Einzelwimpern fauxmink Individuals Combo Pack|ARDELL||1|Stk.|Home|Parfümerie|Make-up|Augen|Falsche Wimpern|ARDELL Einzelwimpern fauxmink Individuals Combo Pack||8,99 €|8,99 €||||||||||||||EUR|Home> Parfümerie> Make-up> Augen> Falsche Wimpern> ARDELL Einzelwimpern fauxmink Individuals Combo Pack|https://www.mueller.at/p/ardell-einzelwimpern-fauxmink-individuals-combo-pack-IPN2890880/|1 Stk.|Mit den künstlichen Einzelwimpern fauxmink Individuals im Combo Pack gelingen individuelle Wimpernlooks von natürlich bis super voluminös im Handumdrehen. Die feinen, zugespitzten Härchen sind vegan, aus seidiger Synthetik und werden zwischen den eigenen Wimpern angebracht. Das praktische Combo Pack enthält je 20 Einzelwimpern in den Längen short, medium und long. Die künstlichen Wimpern sind absolut angenehm zu tragen, vegan und cruelty-free.||Die Einzelwimpern vorsichtig aus der Verpackung nehmen. Anschließend Wimpernkleber auf die Individuals auftragen. Dafür einen Klecks Kleber auf den Handrücken geben und den Knoten der Einzelwimpern vorsichtig hindurchziehen. Sofort die Individuals auf die eigenen Wimpern setzen. Mit dem Auftragen am äußeren Ende des Wimpernkranzes starten. Wir empfehlen 6-8 Einzelwimpern pro Auge. Für einen natürlichen Look reichen auch 5 Einzelwimpern.||||||||||||||||||||Non-Organic||||"{'Effekt': 'verdichtend|Volumen', 'Lagerhinweis': 'Die Einzelwimpern vorsichtig aus der Verpackung nehmen. Anschließend Wimpernkleber auf die Individuals auftragen. Dafür einen Klecks Kleber auf den Handrücken geben und den Knoten der Einzelwimpern vorsichtig hindurchziehen. Sofort die Individuals auf die eigenen Wimpern setzen. Mit dem Auftragen am äußeren Ende des Wimpernkranzes starten. Wir empfehlen 6-8 Einzelwimpern pro Auge. Für einen natürlichen Look reichen auch 5 Einzelwimpern.', 'Anwendungshinweis': '1. Richten Sie das Band am natürlichen Wimpernansatz aus, um die Passform zu überprüfen. Schneiden Sie, wenn nötig, den Überschuss ab. 2. DUO Wimpernkleber auftragen: Tragen Sie eine dünne Linie DUO Kleber entlang des Bandes auf. Warten Sie ca. 20 Sekunden, bis der Kleber leicht angetrocknet ist. 3. Wimpern ankleben: Fixieren Sie das Wimpernband, indem Sie es auf den Wimpernansatz drücken.', 'package_contents': 'Synthetische Fasern', 'Inhalt': '1 Stk.', 'scope_of_application': 'Augen', 'Produkttyp': 'Falsche Wimpern'}"||||||||||||||5.0|1|2890880_1.png|https://static.mueller.de/pdzoom/74764600516.webp|2890880_2.png|https://static.mueller.de/pdzoom/74764600516_1.webp||||||||||||||||||||||||||||||1 Stk.|Synthetische Fasern||True||2890880P|||||||||10
2997632|mueller||||||||2024-10-28|Dr.Oetker Austecher Peppa und ihre Freunde 5-tlg.|DR.OETKER||1|Stk.|Home|Haushalt|Kochen & Backen|Auflauf- & Backformen|Dr.Oetker Austecher Peppa und ihre Freunde 5-tlg.|||4,99 €|4,99 €||||||||||||||EUR|Home> Haushalt> Kochen & Backen> Auflauf- & Backformen> Dr.Oetker Austecher Peppa und ihre Freunde 5-tlg.|https://www.mueller.at/p/dr-oetker-austecher-peppa-und-ihre-freunde-5-tlg-IPN2997632/|1 Stk.|"Das 5-teilige Ausstecher-Set ""Peppa & ihre Freunde"" bietet eine vielseitige Möglichkeit der Backkreativität freien Lauf zu lassen. Es enthält Ausstecher für die beliebten Peppa Pig-Figuren, darunter Peppa selbst, Klausi Kläff, Luisa Löffel, Luzie Locke und Dino. Jeder Ausstecher hat individuelle Abmessungen, um die Charaktere detailgetreu nachzubilden. Hergestellt aus robustem Kunststoff, sind sie spülmaschinengeeignet und einfach zu reinigen. In den Farben pink, grün, braun, creme und weiß bietet das Set kunterbunten Backspaß."||||||||||||||||||||||Non-Organic||||{'Geeignet für': 'Spuelmaschinen', 'manufacturer': 'Zenker Backformen GmbH & Co. KG', 'Herstelleradresse': 'Fritz-Mayer-Straße 7, 86661 Aichach', 'Kontaktmöglichkeit': 'service@oetker-kitchentools.de', 'Materialdetails': 'robuster Kunststoff', 'Material': 'Kunststoff', 'Farbe': 'pink, grün, braun, creme, weiß', 'Inhalt': '1 Stk.'}||||||pink, grün, braun, creme, weiß||robuster Kunststoff||||||0|0|2997632_1.png|https://static.mueller.de/pdzoom/4044935029541_1_neuu.webp|2997632_2.png|https://static.mueller.de/pdzoom/4044935029541_3_neuu.webp|2997632_3.png|https://static.mueller.de/pdzoom/4044935029541_2_neuu.webp|2997632_4.png|https://static.mueller.de/pdzoom/4044935029541_6_neuu.webp|2997632_5.png|https://static.mueller.de/pdzoom/4044935029541_5_neuu.webp|2997632_6.png|https://static.mueller.de/pdzoom/4044935029541_4_neuu.webp||||||||||||Zenker Backformen GmbH & Co. KG||||||||||1 Stk.|||True||2997632P|||||Spuelmaschinen||||10
2811745|mueller||||||||2024-10-28|BIO PRIMO Bio Chips Apfel Fruchtig & Süß|BIO PRIMO||70|g|Home|Drogerie|Lebensmittel|Nahrung|Nüsse & Trockenfrüchte|BIO PRIMO Bio Chips Apfel Fruchtig & Süß||1,85 €|1,85 €|||||||||||26,43 € / 1 kg|||EUR|Home> Drogerie> Lebensmittel> Nahrung> Nüsse & Trockenfrüchte> BIO PRIMO Bio Chips Apfel Fruchtig & Süß|https://www.mueller.at/p/bio-primo-bio-chips-apfel-fruchtig-suess-2811745/|70 g|Ideal für Müslis und Desserts.||Trocken lagern und vor Wärme schützen. Nach dem Öffnen innerhalb weniger Tage verbrauchen.||||Kann Spuren von ERDNÜSSEN und SCHALENFRÜCHTEN enthalten.|||||{'Nährwerte je': '100 g', 'Brennwert': '1476 kj / 349 kcal', 'Fett in g': '0,8', '- davon gesättigte Fettsäuren in g': '0,2', 'Kohlenhydrate in g': '74', '- davon Zucker in g': '67', 'Eiweiß in g': '2,7', 'Salz in g': '< 0,01'}|||||||||||Organic||||"{'Lagerhinweis': 'Trocken lagern und vor Wärme schützen. Nach dem Öffnen innerhalb weniger Tage verbrauchen.', 'target_group': 'Damen|Herren|Unisex', 'manufacturer': 'Bio-Nahrungsmittel GmbH', 'Herstelleradresse': 'Gewerbestraße 16, 5082 Grödig', 'Öko-Kontrollstelle': 'AT-BIO-301', 'Allergenhinweis': 'Kann Spuren von ERDNÜSSEN und SCHALENFRÜCHTEN enthalten.', 'Inhalt': '70 g', 'Bio': 'Ja', 'Eigenschaften': 'Vegan', 'Zutaten': 'Bio-Äpfel.', 'Produkttyp': 'Nüsse, Saaten & Trockenfrüchte'}"||||||||||||||1.0|1|2811745_1.png|https://static.mueller.de/7118680693-PV-0/pdzoom/bio-primo-bio-chips-apfel-fruchtig-suess.webp||||||||||||||||||||||Bio-Nahrungsmittel GmbH||||||||||70 g|||True||2811745P|||||||||10
2997633|mueller||||||||2024-10-28|Dr.Oetker Teigschaberkarte Peppa|DR.OETKER||1|Stk.|Home|Haushalt|Kochen & Backen|Backzubehör|Weiteres Zubehör|Dr.Oetker Teigschaberkarte Peppa||3,49 €|3,49 €||||||||||||||EUR|Home> Haushalt> Kochen & Backen> Backzubehör> Weiteres Zubehör> Dr.Oetker Teigschaberkarte Peppa|https://www.mueller.at/p/dr-oetker-teigschaberkarte-peppa-IPN2997633/|1 Stk.|"Die Teigschaberkarte ""Peppa"" ist ein praktisches und niedlich gestaltetes Küchenwerkzeug, das die Küchenarbeit erleichtert. Mit ihren großzügigen Maßen von 21 x 9 cm bietet sie ausreichend Fläche, um Teigreste effizient aus Schüsseln und Behältern zu entfernen. Hergestellt aus strapazierfähigem Kunststoff, ist sie spülmaschinengeeignet und leicht zu reinigen. Das Peppa Pig-Design verleiht der Teigschaberkarte einen fröhlichen und kinderfreundlichen Touch, der Spaß in Ihre Küche bringt. Mit ihrem auffälligen Pink ist sie nicht nur funktional, sondern auch dekorativ und praktisch in Ihrer Küche einsetzbar."||||||||||||||||||||||Non-Organic||||{'Geeignet für': 'Spuelmaschinen', 'manufacturer': 'Zenker Backformen GmbH & Co. KG', 'Herstelleradresse': 'Fritz-Mayer-Straße 7, 86661 Aichach', 'Kontaktmöglichkeit': 'service@oetker-kitchentools.de', 'Materialdetails': 'strapazierfähiger Kunststoff', 'Material': 'Kunststoff', 'Farbe': 'pink', 'Breite': '21 cm', 'Tiefe': '9 cm', 'Inhalt': '1 Stk.'}||||||pink||strapazierfähiger Kunststoff||||||0|0|2997633_1.png|https://static.mueller.de/pdzoom/4044935029619_1_neuu.webp||||||||||||||||||||||Zenker Backformen GmbH & Co. KG||||||||||1 Stk.|||True||2997633P|||||Spuelmaschinen||||10
2101730|mueller||||||||2024-10-28|The Vampire Diaries - Staffel 7 [5 DVDs]|||1|Stk.|Home|Multi-Media|Filme & TV|Science Fiction & Fantasy|The Vampire Diaries - Staffel 7  [5 DVDs]|||12,99 €|12,99 €||||||||||||||EUR|Home> Multi-Media> Filme & TV> Science Fiction & Fantasy> The Vampire Diaries - Staffel 7  [5 DVDs]|https://www.mueller.at/p/the-vampire-diaries-staffel-7-5-dvds-2101730/|1 Stk.|"Seit Elena Gilbert am Ende der sechsten Staffel dem Schlaf-Fluch verfallen ist, stehen die übrigen vor einem Scherbenhaufen und müssen sich damit arrangieren. Damon will sein Leben „einfach nur als Damon“ leben. Stefan setzt sich mit seiner ersten Liebe auseinander, kommt dabei aber Caroline näher, die um ihre Freundin und um ihre Mutter trauert. Bonnie probiert ihre neuen Fähigkeiten aus. Damons und Stefans Mutter Lily versucht, ihre Söhne zu entzweien. Damon will seine Mutter und ihre Ketzerbande unbedingt ausschalten, denn denen geht es nur um Chaos und Vergeltung.

Episoden:
01 Die Häretiker
02 Der Phönix-Stein
03 Zeit der Unschuld
04 Die Wiedererweckung
05 Alte Vampirseelen
06 Die Rache der Salvatores
07 Mutterliebe
08 Der Antrag
09 Eiskalt
10 Damons Hölle
11 In Flammen
12 Wie Phönix aus der Asche
13 Josie und Elizabeth
14 Die Waffenkammer
15 Narben
16 Gegengift
17 Stefans persönliche Hölle
18 Überlebenskampf
19 Jemand den ich mal kannte
20 Tötet sie alle
21 Requiem für einen Traum
22 Götter und Monster"||||||||||||||||||||||Non-Organic||||"{'medium': 'DVD', 'Untertitel': 'Französisch,Holländisch', 'manufacturer': 'Warner Bros (Universal Pictures)', 'Bildformat': '16:9', 'Zusatzinfos / Bonusmaterial beim Film dabei': 'Regiearbeit mit Vampiren;\nAuf der Comic-Con 2015;\nDrehort Georgia;\nVerpatzte Szenen;\nNicht verwendete Szenen;', 'Inhalt': '1 Stk.', 'Laufzeit in min (gesamt)': '887', 'Produktionsland': 'USA', 'Schauspieler': 'Nina Dobrev,Paul Wesley,Ian Somerhalder,Steven R. McQueen,Kate Graham,Candice Accola,Zach Roerig,Michael Trevino,Matt Davis,Michael Malarkey', 'Special Edition': 'Nein', 'Tonformat-Sprache': 'Deutsch,Französisch,Italienisch,Englisch', 'Untertitel für Gehörlose': 'Deutsch,Englisch,Italienisch', 'packaging_type': 'Softbox', 'Hauptgenre': 'TV-Serie|Fantasy|Vampirfilm'}"||||||||||||||0|0|2101730_1.png|https://static.mueller.de/videojakob_5051890306968_pv_499465/pdzoom/the-vampire-diaries-staffel-7-5-dvds.webp|2101730_2.png|https://static.mueller.de/pdzoom/videojakob_5051890306968_pr_499465-back.webp|2101730_3.png|https://static.mueller.de/videojakob_5051890306968_pd_66623730/pdzoom/the-vampire-diaries-staffel-7-5-dvds.webp|2101730_4.png|https://static.mueller.de/videojakob_5051890306968_pd_66624230/pdzoom/the-vampire-diaries-staffel-7-5-dvds.webp|2101730_5.png|https://static.mueller.de/videojakob_5051890306968_pd_66624714/pdzoom/the-vampire-diaries-staffel-7-5-dvds.webp|2101730_6.png|https://static.mueller.de/videojakob_5051890306968_pd_66625230/pdzoom/the-vampire-diaries-staffel-7-5-dvds.webp||||||||||||Warner Bros (Universal Pictures)||||||||||1 Stk.|||True||2101730P|||||||||4
2811749|mueller||||||||2024-10-28|Dickie Toys - Dinosaurier-Fahrzeug Dino Hunter (25 cm)|DICKIE TOYS||1|Stk.|Home|Spielwaren|Verkehr & Action|Fahr- & Flugzeuge|Fahrzeuge & Fluggeräte|Dickie Toys - Dinosaurier-Fahrzeug Dino Hunter (25 cm)||34,99 €|34,99 €||||||||||||||EUR|Home> Spielwaren> Verkehr & Action> Fahr- & Flugzeuge> Fahrzeuge & Fluggeräte> Dickie Toys - Dinosaurier-Fahrzeug Dino Hunter (25 cm)|https://www.mueller.at/p/dickie-toys-dinosaurier-fahrzeug-dino-hunter-25-cm-2811749/|1 Stk.|"Spielzeugauto Ford Raptor mit Licht & Sound inkl. 3 Dinos und Spielfigur.
• Abenteuer im Dino-Park - Die Dinos sind ausgebrochen! Doch der Ranger ist schon zur Stelle - und mit ihm sein treuer Geländewagen Ford Raptor (Original-Lizenz im Maßstab 1:24) samt Käfig-Anhänger.
• Auto in Dschungel-Optik - Getarnt in coolen Urwald-Farben passt sich der Geländewagen an seine Umgebung an. Dank Freilauf und echten Gummireifen bewegt er sich mühelos über raues Gelände.
• Zusatz-Ausstattung - Wie gut, dass der Wagen über eine mechanische Netz-Kanone und eine Seilwinde zum Einfangen der 3 mitgelieferten Dinosaurier enthält! Trotzdem ist dabei Geschicklichkeit gefragt.
• Für Kinder ab 3 Jahren - Wo haben sich die Urzeit-Giganten versteckt? Schnell die Scheinwerfer an, um sie aufzuspüren! Die benötigten Batterien für die Licht- & Sound-Anlage sind im Set enthalten.
• Über Dickie Toys – Die Fahrzeugmarke für Kinder! Wir haben immer ein Ziel vor Augen: Kindern ein Lächeln ins Gesicht zu zaubern. Einfach auspacken und los geht der Spaß!
Los geht die Jagd nach Dinosauriern mit dem Dino Hunter von Dickie Toys!

Dieses offiziell lizenzierte Spielzeugauto von Ford ist das perfekte Geschenk für kleine Autofans, die Dinos lieben und mutig genug sind, sie zu fangen. Dafür steht ein Fahrzeug mit Freilauf zur Verfügung, das viele coole Features hat.
Um Zubehör schnell und sicher zu verstauen, können die Türen sowie die Heckklappe kinderleicht geöffnet und geschlossen werden. Um die verschiedensten Dinos aus sicherer Entfernung einzufangen, verfügt das Spielzeugauto außerdem über eine mechanische Kanone mit Fangnetz. Sitzt ein Dino dann in der Falle, kann er dank einer Seilwinde zügig in den Tierkäfig verfrachtet werden, in dem er dann sicher von einem zum anderen Ort transportiert werden kann!
Zum ausgiebigen Spielen animieren Licht und Sound, die kinderleicht über die Taste eingeschaltet werden können und die Fantasie Ihrer Kids anregen. Sie können sich spannende Geschichten ausdenken und dank der mitgelieferten Dinos und der knickbaren Figur auch sofort umsetzen.

• Dino Hunter mit Freilauf
• Licht und Sound
• Drei Dinos inklusive
•Fahrzeuglänge 25 cm
• Maßstab 1:24
• 3x 1,5 V LR44 Batterien enthalten
• Für Kinder ab 3 Jahren geeignet

Dickie Toys – Vielfalt die seit über 50 Jahren überzeugt
Ob einfach mechanisch oder technisch komplex - die Faszination für alles was fährt, schwimmt oder fliegt, ist bei Dickie Toys deutlich spürbar. Bagger, Polizei oder Feuerwehr – Dickie Toys inszeniert die Realität auf mitreißende Weise und ermöglicht den Kleinen, die weite Welt mit leuchtenden Augen zu entdecken.
Maße inkl. Verpackung: 13 x 43 x 17 cm"||||||||3 Jahre||||||||||||||Non-Organic||||"{'target_group': 'Kindergartenkinder|Grundschüler', 'Artikelnummer des Herstellers': '203837026', 'Altersempfehlung ab': '3 Jahre', 'Batterie-Typ': 'Al/Mn', 'Inhalt': '1 Stk.', 'Produkttyp': 'Fahrzeuge'}"||||||||||||||0|0|2811749_1.png|https://static.mueller.de/7144216383-PV-0/pdzoom/dickie-toys-dinosaurier-fahrzeug-dino-hunter-25-cm.webp|2811749_2.png|https://static.mueller.de/7144216383-PB-1/pdzoom/dickie-toys-dinosaurier-fahrzeug-dino-hunter-25-cm.webp|2811749_3.png|https://static.mueller.de/7144216383-PB-2/pdzoom/dickie-toys-dinosaurier-fahrzeug-dino-hunter-25-cm.webp|2811749_4.png|https://static.mueller.de/7144216383-PB-3/pdzoom/dickie-toys-dinosaurier-fahrzeug-dino-hunter-25-cm.webp|2811749_5.png|https://static.mueller.de/7144216383-PB-4/pdzoom/dickie-toys-dinosaurier-fahrzeug-dino-hunter-25-cm.webp|2811749_6.png|https://static.mueller.de/7144216383-PB-5/pdzoom/dickie-toys-dinosaurier-fahrzeug-dino-hunter-25-cm.webp||||||||||||203837026||||||||||1 Stk.|||True||2811749P|||||||||10
2997637|mueller||||||||2024-10-28|Dr.Oetker Silikonbackform Peppa|DR.OETKER||1|Stk.|Home|Haushalt|Kochen & Backen|Auflauf- & Backformen|Dr.Oetker Silikonbackform Peppa|||9,99 €|9,99 €||||||||||||||EUR|Home> Haushalt> Kochen & Backen> Auflauf- & Backformen> Dr.Oetker Silikonbackform Peppa|https://www.mueller.at/p/dr-oetker-silikonbackform-peppa-IPN2997637/|1 Stk.|Die Peppa Pig Motivbackform von Dr. Oetker ist unverzichtbar für alle Peppa Pig-Fans. Mit den Maßen von 19,5 x 27 x 5 cm und einem Fassungsvermögen von 1200 ml ist sie perfekt für das Backen von kreativen Kuchen geeignet. Hergestellt aus hochwertigem Platinsilikon ist die Backform lebensmittelecht, geschmacksneutral und fruchtsäurebeständig. Dank ihrer Temperaturbeständigkeit von -40°C bis +200°C ist sie sowohl für den Backofen als auch für die Mikrowelle geeignet. Zusätzlich ist sie leicht zu befüllen und spülmaschinengeeignet.||||||||||||||||||||||Non-Organic||||"{'Fassungsvermögen': '1.2 l', 'Geeignet für': 'Backofen|Mikrowellen|Spuelmaschinen', 'manufacturer': 'Zenker Backformen GmbH & Co. KG', 'Herstelleradresse': 'Fritz-Mayer-Straße 7, 86661 Aichach', 'Kontaktmöglichkeit': 'service@oetker-kitchentools.de', 'Materialdetails': 'Platinsilikon', 'Material': 'Silikon', 'Farbe': 'pink', 'product_property': 'hitzebständig|gefrierschrankfest|kühlschrankfest', 'Höhe': '5 cm', 'Breite': '27 cm', 'Tiefe': '19.5 cm', 'Inhalt': '1 Stk.'}"||||||pink||Platinsilikon||||||0|0|2997637_1.png|https://static.mueller.de/pdzoom/4044935029503_2_neuu.webp|2997637_2.png|https://static.mueller.de/pdzoom/4044935029503_3_neuu.webp||||||||||||||||||||Zenker Backformen GmbH & Co. KG||||||||||1 Stk.|||True||2997637P|||||"Backofen|Mikrowellen|Spuelmaschinen"||||10
2958033|mueller||||||||2024-10-28|VALENTINO Born in Roma Green Stravaganza Uomo Eau de Toilette|VALENTINO PARFUMS||50|ml|Home|Parfümerie|Düfte für Ihn|Düfte|VALENTINO Born in Roma Green Stravaganza Uomo Eau de Toilette|||76,95 €|76,95 €|||||||||||1 539,00 € / 1 l|||EUR|Home> Parfümerie> Düfte für Ihn> Düfte> VALENTINO Born in Roma Green Stravaganza Uomo Eau de Toilette|https://www.mueller.at/p/valentino-born-in-roma-green-stravaganza-uomo-eau-de-toilette-IPN2958033/|50 ml|Während die Sonne über der Ewigen Stadt aufgeht, entführt Dich Born in Roma Green Stravaganza auf ein aufregendes Abenteuer in die frischen Gärten Roms, wo Du frei bist, Deine Einzigartigkeit auszuleben und auszudrücken. Born in Roma Green Stravaganza ist ein amberiger Fougère-Duft, der sein magnetisches Aroma durch die Konfrontation der Frische seines kalabrischen Bergamotte-Herzens und seines energetischen Kaffee-Akkords offenbart. Born in Roma Green Stravaganza weist einen Weg in die Extravaganz Roms und erlaubt es jedem, die Energie zu spüren, ihre Persönlichkeit zu entfesseln und exzessiv zu leben. Es gibt viele Wege, Du selbst zu sein.||||||||||||||||||||||Non-Organic||||"{'target_group': 'Herren', 'manufacturer': ""L'Oréal Deutschland GmbH"", 'Herstelleradresse': 'Johannstrasse 1, 40476 Düsseldorf', 'fragrance_concentration': 'Eau de Toilette', 'fragrance_note': 'glamouroes', 'top_note': 'Kalabrisches Bergamotte-Herz', 'heart_note': 'Kaffee-Akkord', 'base_note': 'Haitianische Vetiver-Herz-Essenz', 'Anwendungshinweis': 'Auf jeden Pulspunkt - Handgelenk, innerer Ellbogen und Nacken - aus kurzer Entfernung auftragen.', 'application_type': 'Pumpzerstäuber', 'package_contents': '1278530 08 - INGREDIENTS: ALCOHOL • PARFUM / FRAGRANCE • AQUA / WATER / EAU • LINALOOL • LIMONENE • DIETHYLAMINO HYDROXYBENZOYL HEXYL BENZOATE • COUMARIN • CITRONELLOL • METHYL ANTHRANILATE • CITRAL • GERANIOL • EUGENOL • CINNAMAL • CI 61570 / GREEN 5 • CI 19140 / YELLOW 5 (F.I.L. N70034065/1).', 'Inhalt': '50 ml', 'Produkttyp': 'Eau de Toilette'}"||||||||||||||0|0|2958033_1.png|https://static.mueller.de/pdzoom/3614274024784_00.webp|2958033_2.png|https://static.mueller.de/pdzoom/3614274024784_05.webp|2958033_3.png|https://static.mueller.de/pdzoom/3614274024784_02.webp|2958033_4.png|https://static.mueller.de/pdzoom/3614274024784_01.webp|2958033_5.png|https://static.mueller.de/pdzoom/3614274024784_03.webp|2958033_6.png|https://static.mueller.de/pdzoom/3614274024784_04.webp||||||||||||L'Oréal Deutschland GmbH||||||||||50 ml|1278530 08 - INGREDIENTS: ALCOHOL • PARFUM / FRAGRANCE • AQUA / WATER / EAU • LINALOOL • LIMONENE • DIETHYLAMINO HYDROXYBENZOYL HEXYL BENZOATE • COUMARIN • CITRONELLOL • METHYL ANTHRANILATE • CITRAL • GERANIOL • EUGENOL • CINNAMAL • CI 61570 / GREEN 5 • CI 19140 / YELLOW 5 (F.I.L. N70034065/1).||True||2958033P|||||||||10
2997630|mueller||||||||2024-10-28|Oatly Bio Barista|OATLY||1|l|Home|Drogerie|Lebensmittel|Nahrung|Milch & Milchalternativen|Oatly Bio Barista||2,80 €|2,80 €|||||||||||2,80 € / 1 l|||EUR|Home> Drogerie> Lebensmittel> Nahrung> Milch & Milchalternativen> Oatly Bio Barista|https://www.mueller.at/p/oatly-bio-barista-IPN2997630/|1 l|Aufschäumbarer Bio-Haferdrink auf fermentierter Haferbasis||Bei max. +25°C. Nach dem Öffnen im Kühlschrank lagern (max. +8°C) und innerhalb von ca. 5 Tagen verzehren. Schauen, riechen und probieren - oft länger gut.|||Schweden||||||{'Nährwerte je': '100ml', 'Brennwert': '248 kj / 59 kcal', 'Fett in g': '3,2', '- davon gesättigte Fettsäuren in g': '0,3', 'Kohlenhydrate in g': '6,3', '- davon Zucker in g': '2,2', 'Ballaststoffe in g': '0,8', 'Eiweiß in g': '1', 'Salz in g': '0,1'}|||||||||||Organic||||"{'Lagerhinweis': 'Bei max. +25°C. Nach dem Öffnen im Kühlschrank lagern (max. +8°C) und innerhalb von ca. 5 Tagen verzehren. Schauen, riechen und probieren - oft länger gut.', 'manufacturer': 'Oatly AB', 'Herstelleradresse': 'Ångfärjekajen 8, SE-211 19 Malmö', 'Kontaktmöglichkeit': 'info.de@oatly.com', 'Herkunftsland': 'Schweden', 'Öko-Kontrollstelle': 'SE-EKO-01', 'Inhalt': '1 l', 'Bio': 'Ja', 'Eigenschaften': 'Vegan|Ohne Soja|Ohne Milch', 'Zutaten': 'Wasser, HAFER* 10%, Rapsöl*, Meersalz, Säureregulator (Kaliumcarbonat) * Ökologische Zutaten', 'Produkttyp': 'Getreide- & Sojadrinks', 'Zubereitungshinweis': 'Gut schütteln.'}"||||||||||||||0|0|2997630_1.png|https://static.mueller.de/pdzoom/7394376621680.webp|2997630_2.png|https://static.mueller.de/pdzoom/7394376621680_1.webp||||||||||||||||||||Oatly AB||||||||||1 l|||True||2997630P|||||||||10
2958029|mueller||||||||2024-10-28|VALENTINO Born In Roma Green Stravaganza Donna Eau de Parfum|VALENTINO PARFUMS||30|ml|Home|Parfümerie|Düfte für Sie|Düfte|VALENTINO Born In Roma Green Stravaganza Donna Eau de Parfum|||74,95 €|74,95 €|||||||||||2 498,33 € / 1 l|||EUR|Home> Parfümerie> Düfte für Sie> Düfte> VALENTINO Born In Roma Green Stravaganza Donna Eau de Parfum|https://www.mueller.at/p/valentino-born-in-roma-green-stravaganza-donna-eau-de-parfum-IPN2958029/|30 ml|Während die Sonne über der Ewigen Stadt aufgeht, entführt Dich Born in Roma Green Stravaganza auf ein aufregendes Abenteuer in die frischen Gärten Roms, wo Du frei bist, Deine Einzigartigkeit auszuleben und auszudrücken. Geboren in den prächtigen Gärten Roms, öffnet dieser floral-ambrierter, holziger Duft die Tür zu einer extravaganten Welt: kreiert aus einem unverwechselbaren Lapsang Souchong-Tee-Akkord und strahlendem Jasmin-Absolute mit einer fesselnden Vanille-Extrakt Note. Born in Roma Green Stravaganza weist einen Weg in die Extravaganz Roms und erlaubt es jedem, die Energie zu spüren, ihre Persönlichkeit zu entfesseln und exzessiv zu leben. Es gibt viele Wege, Du selbst zu sein.||||||||||||||||||||||Non-Organic||||"{'target_group': 'Damen', 'manufacturer': ""L'Oréal Deutschland GmbH"", 'Herstelleradresse': 'Johannstrasse 1, 40476 Düsseldorf', 'fragrance_concentration': 'Eau de Parfum', 'fragrance_note': 'glamouroes', 'top_note': 'Lapsang Souchong Tee-Akkord', 'heart_note': 'Jasmin-Absolue', 'base_note': 'Vanilleextrakt', 'Anwendungshinweis': 'Aus kurzem Abstand auf jeden Pulspunkt - Handgelenk, innerer Ellbogen und Nacken - auftragen.', 'application_type': 'Pumpzerstäuber', 'package_contents': '1278535 06 - INGREDIENTS: ALCOHOL • PARFUM / FRAGRANCE • AQUA / WATER / EAU • LINALOOL • BENZYL SALICYLATE • BENZYL ALCOHOL • HEXYL CINNAMAL • HYDROXYCITRONELLAL • LIMONENE • ETHYLHEXYL SALICYLATE • BUTYL METHOXYDIBENZOYLMETHANE • DIETHYLAMINO HYDROXYBENZOYL HEXYL BENZOATE • GERANIOL • COUMARIN • CITRONELLOL • ANISE ALCOHOL • ISOEUGENOL • CITRAL • FARNESOL • BENZYL BENZOATE • METHYL ANTHRANILATE • CI 61570 / GREEN 5 • CI 19140 / YELLOW 5 (F.I.L. N70036706/1).', 'Inhalt': '30 ml', 'Produkttyp': 'Eau de Parfum'}"||||||||||||||0|0|2958029_1.png|https://static.mueller.de/pdzoom/3614274024777_00.webp|2958029_2.png|https://static.mueller.de/pdzoom/3614274024777_02.webp|2958029_3.png|https://static.mueller.de/pdzoom/3614274024777_01.webp|2958029_4.png|https://static.mueller.de/pdzoom/3614274024777_05.webp|2958029_5.png|https://static.mueller.de/pdzoom/3614274024777_06.webp|2958029_6.png|https://static.mueller.de/pdzoom/3614274024777_03.webp||||||||||||L'Oréal Deutschland GmbH||||||||||30 ml|1278535 06 - INGREDIENTS: ALCOHOL • PARFUM / FRAGRANCE • AQUA / WATER / EAU • LINALOOL • BENZYL SALICYLATE • BENZYL ALCOHOL • HEXYL CINNAMAL • HYDROXYCITRONELLAL • LIMONENE • ETHYLHEXYL SALICYLATE • BUTYL METHOXYDIBENZOYLMETHANE • DIETHYLAMINO HYDROXYBENZOYL HEXYL BENZOATE • GERANIOL • COUMARIN • CITRONELLOL • ANISE ALCOHOL • ISOEUGENOL • CITRAL • FARNESOL • BENZYL BENZOATE • METHYL ANTHRANILATE • CI 61570 / GREEN 5 • CI 19140 / YELLOW 5 (F.I.L. N70036706/1).||True||2958029P|||||||||10
2997639|mueller||||||||2024-10-28|Dr.Oetker Silikonform Mini Küchlein Peppa|DR.OETKER||1|Stk.|Home|Haushalt|Kochen & Backen|Auflauf- & Backformen|Dr.Oetker Silikonform Mini Küchlein Peppa|||9,99 €|9,99 €||||||||||||||EUR|Home> Haushalt> Kochen & Backen> Auflauf- & Backformen> Dr.Oetker Silikonform Mini Küchlein Peppa|https://www.mueller.at/p/dr-oetker-silikonform-mini-kuechlein-peppa-IPN2997639/|1 Stk.|"Die Mini Küchlein-Form ""Peppa Pig & Freunde"" von Dr. Oetker ist perfekt für alle kleinen Backkünstler und Peppa Pig-Fans. Mit Maßen von 17, 5x 29 x 2,5 cm und einem Fassungsvermögen von 6 x 60 ml zaubert sie niedliche Küchlein mit den Gesichtern von Peppa und ihren Freunden. Gefertigt aus hochwertigem Platinsilikon bietet die Form hervorragende Antihaft-Eigenschaften, ist lebensmittelecht, geschmacksneutral und fruchtsäurebeständig. Sie ist leicht zu befüllen und dank ihrer Temperaturbeständigkeit von -40°C bis +200°C sowohl für den Backofen als auch für die Mikrowelle geeignet. Zusätzlich ist sie spülmaschinengeeignet, was die Reinigung nach dem Backen besonders einfach macht."||||||||||||||||||||||Non-Organic||||"{'Fassungsvermögen': '60 ml', 'Geeignet für': 'Backofen|Mikrowellen|Spuelmaschinen', 'manufacturer': 'Zenker Backformen GmbH & Co. KG', 'Herstelleradresse': 'Fritz-Mayer-Straße 7, 86661 Aichach', 'Kontaktmöglichkeit': 'service@oetker-kitchentools.de', 'Materialdetails': 'Platinsilikon', 'Material': 'Silikon', 'Farbe': 'pink', 'product_property': 'gefrierschrankfest|hitzebständig|kühlschrankfest', 'Höhe': '2.5 cm', 'Breite': '29 cm', 'Tiefe': '17.5 cm', 'Inhalt': '1 Stk.'}"||||||pink||Platinsilikon||||||0|0|2997639_1.png|https://static.mueller.de/pdzoom/4044935029510_1_neuu.webp|2997639_2.png|https://static.mueller.de/pdzoom/4044935029510_3_neuu.webp|2997639_3.png|https://static.mueller.de/pdzoom/4044935029510_2_neuu.webp||||||||||||||||||Zenker Backformen GmbH & Co. KG||||||||||1 Stk.|||True||2997639P|||||"Backofen|Mikrowellen|Spuelmaschinen"||||10
863177|mueller||||||||2024-10-28|SIKU 2468 Farmer - Holzspalter|SIKU||1|Stk.|Home|Spielwaren|Verkehr & Action|Fahr- & Flugzeuge|Fahrzeuge & Fluggeräte|SIKU 2468 Farmer - Holzspalter||15,99 €|15,99 €||||||||||||||EUR|Home> Spielwaren> Verkehr & Action> Fahr- & Flugzeuge> Fahrzeuge & Fluggeräte> SIKU 2468 Farmer - Holzspalter|https://www.mueller.at/p/siku-2468-farmer-holzspalter-863177/|1 Stk.|"Zum fachgerechten Spalten von Brennholz ist ein Holzspalter unerlässlich. Angehängt an die Heck-Kupplung eines SIKU-Traktors spaltet das Gerät der österreichischen Firma Posch vorbildgerecht die mitgelieferten Kunststoffbaumstämme in zwei Teile. Der bewegliche Spalthammer zieht über einen mit einer Kette verbundenen Bügel den Baumstamm in die optimale Spaltposition. Der Spalthammer fährt herunter und trennt den Baumstamm in zwei Hälften. Teilbare Baumstämme als Zubehör.
Produktmaße in mm: 48x36x95"||||||||3 Jahre||||||||||||||Non-Organic||||"{'particularities': 'Der Hersteller behält sich farbliche und technische Änderungen vor. Zur Darstellung der Neuheiten werden zum Teil Originalfotos und Prototypen eingesetzt. Abweichungen zum Lieferzustand des Modells sind möglich.', 'target_group': 'Kindergartenkinder|Grundschüler', 'Artikelnummer des Herstellers': '2468', 'license': 'SIKU FARMER', 'Altersempfehlung ab': '3 Jahre', 'Altersempfehlung bis': '99 Jahre', 'Materialdetails': 'Metall (Hauptsächlich)', 'Inhalt': '1 Stk.', 'Maßstab': 'ca. 1:32', 'Produkttyp': 'Metallfertigmodelle mit hoher Modelltreue'}"||||||||Metall (Hauptsächlich)||||||0|0|863177_1.png|https://static.mueller.de/5285566054-PV-0/pdzoom/siku-2468-farmer-holzspalter.webp|863177_2.png|https://static.mueller.de/5285566054-PB-1/pdzoom/siku-2468-farmer-holzspalter.webp|863177_3.png|https://static.mueller.de/5285566054-PB-2/pdzoom/siku-2468-farmer-holzspalter.webp|863177_4.png|https://static.mueller.de/5285566054-PB-3/pdzoom/siku-2468-farmer-holzspalter.webp|863177_5.png|https://static.mueller.de/5285566054-PB-4/pdzoom/siku-2468-farmer-holzspalter.webp||||||||||||||2468||||||||||1 Stk.|||True||863177P|||||||||10
2997622|mueller||||||||2024-10-28|treaclemoon Handcreme brazilian love|TREACLEMOON||75|ml|Home|Drogerie|Pflege|Körperpflege|Hand- & Fußpflege|Handpflege|treaclemoon Handcreme brazilian love|2,35 €|2,35 €|||||||||||31,33 € / 1 l|||EUR|Home> Drogerie> Pflege> Körperpflege> Hand- & Fußpflege> Handpflege> treaclemoon Handcreme brazilian love|https://www.mueller.at/p/treaclemoon-handcreme-brazilian-love-IPN2997622/|75 ml|Die reichhaltige Formel der brazilian love Handcreme von treaclemoon pflegt strapazierte und trockene Hände intensiv und umhüllt sie mit einem herrlich cremigen Duft.||Kühl und trocken lagern.||||||||||||||||||||Non-Organic||||"{'Lagerhinweis': 'Kühl und trocken lagern.', 'target_group': 'Damen|Herren|Unisex', 'manufacturer': 'Vendoleo GmbH', 'Herstelleradresse': 'Lochhamer Str. 13, 82152 Planegg', 'Kontaktmöglichkeit': 'office@vendoloe.com', 'dermatologically_tested': 'Ja', 'Anwendungshinweis': 'Täglich oder nach Bedarf die Hände eincremen.', 'package_contents': 'Aqua, Cetearyl Alcohol, Butyrospermum Parkii Butter, Glycerin, Prunus Amygdalus Dulcis Oil, Glyceryl Stearate Citrate, Glyceryl Stearate, Coco-Caprylate, Helianthus Annuus Seed Oil,  Tocopherol, Xanthan Gum, Citric Acid, Parfum, Benzyl Salicylate, Coumarin, Sodium Benzoate, Potassium Sorbate.', 'skin_type': 'alle Hauttypen', 'product_property': 'pflegend|feuchtigkeitsspendend|duftend', 'Inhalt': '75 ml', 'scope_of_application': 'Handpflege', 'Produkttyp': 'Creme'}"||||||||||||||0|0|2997622_1.png|https://static.mueller.de/pdzoom/42468059.webp|2997622_2.png|https://static.mueller.de/pdzoom/42468059_1.webp||||||||||||||||||||Vendoleo GmbH||||||||||75 ml|Aqua, Cetearyl Alcohol, Butyrospermum Parkii Butter, Glycerin, Prunus Amygdalus Dulcis Oil, Glyceryl Stearate Citrate, Glyceryl Stearate, Coco-Caprylate, Helianthus Annuus Seed Oil,  Tocopherol, Xanthan Gum, Citric Acid, Parfum, Benzyl Salicylate, Coumarin, Sodium Benzoate, Potassium Sorbate.||True||2997622P|||||||||10
2997626|mueller||||||||2024-10-28|Dr.Oetker Papierbackförmchen Peppa|DR.OETKER||1|Stk.|Home|Haushalt|Kochen & Backen|Auflauf- & Backformen|Dr.Oetker Papierbackförmchen Peppa|||3,99 €|3,99 €||||||||||||||EUR|Home> Haushalt> Kochen & Backen> Auflauf- & Backformen> Dr.Oetker Papierbackförmchen Peppa|https://www.mueller.at/p/dr-oetker-papierbackfoermchen-peppa-IPN2997626/|1 Stk.|"Die Papierbackförmchen ""Peppa & George"" sind perfekt für das Backen von süßen Leckereien geeignet. In einem Set von 50 Stück sind sie ideal, um eine Vielzahl von Cupcakes, Muffins und anderen Backwaren zuzubereiten. Die Förmchen sind mit einem niedlichen Motiv versehen, das Peppa Pig, Schorsch Pig, einen Regenbogen, Blumen und Schmetterlinge zeigt. Sie sind zudem temperaturbeständig bis +220°C und in den fröhlichen Farben Türkis und Bunt gehalten, um Ihrem Backwerk eine verspielte Note zu verleihen."||||||||||||||||||||||Non-Organic||||{'Geeignet für': 'Backofen', 'manufacturer': 'Zenker Backformen GmbH & Co. KG', 'Herstelleradresse': 'Fritz-Mayer-Straße 7, 86661 Aichach', 'Kontaktmöglichkeit': 'service@oetker-kitchentools.de', 'Materialdetails': 'Papier', 'Material': 'Papier', 'product_property': 'stapelbar', 'Inhalt': '1 Stk.'}||||||||Papier||||||0|0|2997626_1.png|https://static.mueller.de/pdzoom/4044935029565_1_neuu.webp|2997626_2.png|https://static.mueller.de/pdzoom/4044935029565_3_neuu.webp|2997626_3.png|https://static.mueller.de/pdzoom/4044935029565_2_neuu.webp||||||||||||||||||Zenker Backformen GmbH & Co. KG||||||||||1 Stk.|||True||2997626P|||||Backofen||||10
2958014|mueller||||||||2024-10-28|Prada Infusion de Gingembre Eau de Parfum|PRADA PARFUMS||100|ml|Home|Parfümerie|Düfte für Sie|Düfte|Prada Infusion de Gingembre Eau de Parfum|||159,95 €|159,95 €|||||||||||1 599,50 € / 1 l|||EUR|Home> Parfümerie> Düfte für Sie> Düfte> Prada Infusion de Gingembre Eau de Parfum|https://www.mueller.at/p/prada-infusion-de-gingembre-eau-de-parfum-IPN2958014/|100 ml|Infusion de Gingembre Eau de Parfum verkörpert die lebendige Persönlichkeit des Ingwers kombiniert mit einem holzigen Zitrusduft. Der Ingwer ist in eine charakteristische Lösung aus Moschus und Zitrusfrüchten getaucht, die den umhüllenden Duft der Haut wiedergibt und seine lebendige Persönlichkeit mit Ihnen verschmelzen lässt. Les Infusions ist ein Duft der zu Ihnen passt und sich sofort wie Sie anfühlen. Der luxuriöse Flakon von Infusion de Gingembre ist in einem gelben Farbton gehalten, der an die Verschmelzung des charakteristischen Inhaltsstoffes des Duftes erinnert. Die hellgelbe Kappe aus ikonischem Saffiano symbolisiert den Ingwer und die Lebendigkeit des Duftes.||||||||||||||||||||||Non-Organic||||"{'target_group': 'Damen', 'manufacturer': ""L'Oréal Deutschland GmbH"", 'Herstelleradresse': 'Johannstrasse 1, 40476 Düsseldorf', 'Kontaktmöglichkeit': 'client.service.eu@prada.com', 'fragrance_concentration': 'Eau de Parfum', 'fragrance_note': 'erfrischend', 'top_note': 'Grüne Mandarine', 'heart_note': 'Ingwer Geranie', 'base_note': 'Vetiver', 'Anwendungshinweis': 'Für eine langanhaltende Duftwirkung sprühen Sie das Produkt aus 20 cm Entfernung auf die Haut. Bevorzugen Sie dabei warme Körperbereiche z.B. die Innenseite der Handgelenke, die Stellen hinter den Ohrläppchen.', 'application_type': 'Pumpzerstäuber', 'package_contents': '1266081 09 - INGREDIENTS: ALCOHOL DENAT. • PARFUM / FRAGRANCE • AQUA / WATER / EAU • LINALOOL • CITRAL • BUTYL METHOXYDIBENZOYLMETHANE • LIMONENE • ISOEUGENOL • GERANIOL • DIETHYLAMINO HYDROXYBENZOYL HEXYL BENZOATE • ALPHA-ISOMETHYL IONONE • CITRONELLOL • EUGENOL • FARNESOL • BENZYL BENZOATE • CI 60730 / EXT. VIOLET 2 • CI 14700 / RED 4 • CI 17200 / RED 33 (F.I.L. N70034482/1).', 'Inhalt': '100 ml', 'Produkttyp': 'Eau de Parfum'}"||||||||||||||0|0|2958014_1.png|https://static.mueller.de/pdzoom/3614273991827.webp|2958014_2.png|https://static.mueller.de/pdzoom/3614273991827_1.webp|2958014_3.png|https://static.mueller.de/pdzoom/3614273991827_2.webp||||||||||||||||||L'Oréal Deutschland GmbH||||||||||100 ml|1266081 09 - INGREDIENTS: ALCOHOL DENAT. • PARFUM / FRAGRANCE • AQUA / WATER / EAU • LINALOOL • CITRAL • BUTYL METHOXYDIBENZOYLMETHANE • LIMONENE • ISOEUGENOL • GERANIOL • DIETHYLAMINO HYDROXYBENZOYL HEXYL BENZOATE • ALPHA-ISOMETHYL IONONE • CITRONELLOL • EUGENOL • FARNESOL • BENZYL BENZOATE • CI 60730 / EXT. VIOLET 2 • CI 14700 / RED 4 • CI 17200 / RED 33 (F.I.L. N70034482/1).||True||2958014P|||||||||10
9900|mueller||||||||2024-10-28|HEIDEL Schmuckherz mit Schloss|CONFISERIE HEIDEL||54|g|Home|Drogerie|Lebensmittel|Süßigkeiten|Schokolade|HEIDEL Schmuckherz mit Schloss||5,99 €|5,99 €|||||||||||110,93 € / 1 kg|||EUR|Home> Drogerie> Lebensmittel> Süßigkeiten> Schokolade> HEIDEL Schmuckherz mit Schloss|https://www.mueller.at/p/heidel-schmuckherz-mit-schloss-IPN9900/|54 g|mit köstlichen Chocopralinen mit feinster Nougatcremefüllung||Trocken lagern und vor Wärme schützen||||Vollmilchpulver, Haselnussmark, Süßmolkenpulver, Butterreinfett, Sojalecithine Kann Spuren von anderen Schalenfrüchten enthalten.|||||{'Nährwerte je': '100 g', 'Brennwert': '2327 kj / 556 kcal', 'Fett in g': '34', '- davon gesättigte Fettsäuren in g': '18', 'Kohlenhydrate in g': '57', '- davon Zucker in g': '56', 'Eiweiß in g': '4,8', 'Salz in g': '0,13'}|||||||||||Non-Organic||||{'Lagerhinweis': 'Trocken lagern und vor Wärme schützen', 'manufacturer': 'Confiserie Heidel', 'Herstelleradresse': 'Hafenringstraße 6, DE-49090 Osnabrück', 'Kontaktmöglichkeit': 'info@heidel.com', 'Allergenhinweis': 'Vollmilchpulver, Haselnussmark, Süßmolkenpulver, Butterreinfett, Sojalecithine Kann Spuren von anderen Schalenfrüchten enthalten.', 'Inhalt': '54 g', 'Zutaten': 'Zucker, Vollmilchpulver, Kakaobutter, pflanzliches Fett (Ölpalme), Kakaomasse, Haselnussmark, Süßmolkenpulver, Butterreinfett, Emulgator: Sojalecithine, natürliches Bourbon Vanille-Aroma.', 'Produkttyp': 'Pralinen'}||||||||||||||0|0|9900_1.png|https://static.mueller.de/pdzoom/4006446006916.webp|9900_2.png|https://static.mueller.de/pdzoom/4006446006916_Inhalt.webp||||||||||||||||||||Confiserie Heidel||||||||||54 g|||True||9900P|||||||||5
2997628|mueller||||||||2024-10-28|Dr.Oetker Maxi Ausstecher Peppa|DR.OETKER||1|Stk.|Home|Haushalt|Kochen & Backen|Auflauf- & Backformen|Dr.Oetker Maxi Ausstecher Peppa|||7,99 €|7,99 €||||||||||||||EUR|Home> Haushalt> Kochen & Backen> Auflauf- & Backformen> Dr.Oetker Maxi Ausstecher Peppa|https://www.mueller.at/p/dr-oetker-maxi-ausstecher-peppa-IPN2997628/|1 Stk.|Der Maxi Ausstecher mit Peppa Pig-Motiv aus strapazierfähigem Kunststoff ist vielseitig einsetzbar und perfekt für das familiäre Backen mit den Kindern. Mit seinen Maßen von 16 x 16,5 x 4 cm eignet er sich perfekt zum Ausstechen großer Plätzchen oder Gebäckstücke in Peppa Pig-Form. Gleichzeitig ist er ideal zum Füllen und Schichten von kleinen Torten oder Kleingebäck. Die Form ist spülmaschinengeeignet und mit ihrem auffälligen pinken Design verleiht sie Ihren Backkreationen einen fröhlichen Peppa-Touch.||||||||||||||||||||||Non-Organic||||{'Geeignet für': 'Spuelmaschinen', 'manufacturer': 'Zenker Backformen GmbH & Co. KG', 'Herstelleradresse': 'Fritz-Mayer-Straße 7, 86661 Aichach', 'Kontaktmöglichkeit': 'service@oetker-kitchentools.de', 'Materialdetails': 'strapazierfähiger Kunststoff', 'Material': 'Kunststoff', 'Farbe': 'pink', 'Höhe': '4 cm', 'Breite': '16.5 cm', 'Tiefe': '16 cm', 'Inhalt': '1 Stk.'}||||||pink||strapazierfähiger Kunststoff||||||0|0|2997628_1.png|https://static.mueller.de/pdzoom/4044935029534_2_neuu.webp|2997628_2.png|https://static.mueller.de/pdzoom/4044935029534_1_neuu.webp||||||||||||||||||||Zenker Backformen GmbH & Co. KG||||||||||1 Stk.|||True||2997628P|||||Spuelmaschinen||||10
2811721|mueller||||||||2024-10-28|goldbuch Schraubalbum Bella Vista Haselnuss, 39x31cm, 40 schwarze Seiten - erweiterbar|GOLDBUCH||1|Stk.|Home|Schreibwaren|Büro|Ordner & Mappen|Fotoalbum|goldbuch Schraubalbum Bella Vista Haselnuss, 39x31cm, 40 schwarze Seiten - erweiterbar||29,99 €|29,99 €||||||||||||||EUR|Home> Schreibwaren> Büro> Ordner & Mappen> Fotoalbum> goldbuch Schraubalbum Bella Vista Haselnuss, 39x31cm, 40 schwarze Seiten - erweiterbar|https://www.mueller.at/p/goldbuch-schraubalbum-bella-vista-haselnuss-39x31cm-40-schwarze-seiten-erweiterbar-2811721/|1 Stk.|Mit dem Bella Vista Schraubalbum aus Leinen in der Größe 39x31 cm werden die schönsten Bilder und Erinnerungen an tolle Erlebnisse, spannende Urlaube und unvergessliche Momente auf 40 schwarzen Seiten für die Ewigkeit festgehalten. Bei einem Mix aus Hoch- und Querformat können so ca. 200 Fotos im Format 10x15 cm oder 120 Bilder im größeren Format von 13x18 cm eingeklebt werden. Durch den passenden Nachfüllsatz kann das Album allerdings um nochmals 30 Seiten erweitert werden. So kann man auch nachträglich eingetroffene Fotos von Freunden, Familien noch einsetzen. Zudem hat das Album auf der Vorderseite einen Bildauschnitt und lässt sich ganz einfach personalisieren. Dieses Album ist Made in Germany und steht somit für hochwertige Qualität und wird aus tollen Materialien und in liebevoller Handarbeit gefertigt.||||||||||||||||||||||Non-Organic||||{'scope_of_delivery': '40 schwarze Seiten', 'Artikelnummer des Herstellers': '28 519', 'Höhe': '310 cm', 'Breite': '390 cm', 'Tiefe': '25 mm', 'Inhalt': '1 Stk.', 'Produkttyp': 'Fotoalbum'}||||||||||||||0|0|2811721_1.png|https://static.mueller.de/7118669072-PV-0/pdzoom/goldbuch-schraubalbum-bella-vista-haselnuss-39x31cm-40-schwarze-seiten-erweiterbar.webp|2811721_2.png|https://static.mueller.de/7118669072-PB-1/pdzoom/goldbuch-schraubalbum-bella-vista-haselnuss-39x31cm-40-schwarze-seiten-erweiterbar.webp|2811721_3.png|https://static.mueller.de/7118669072-PB-2/pdzoom/goldbuch-schraubalbum-bella-vista-haselnuss-39x31cm-40-schwarze-seiten-erweiterbar.webp|2811721_4.png|https://static.mueller.de/7118669072-PB-3/pdzoom/goldbuch-schraubalbum-bella-vista-haselnuss-39x31cm-40-schwarze-seiten-erweiterbar.webp|2811721_5.png|https://static.mueller.de/7118669072-PB-4/pdzoom/goldbuch-schraubalbum-bella-vista-haselnuss-39x31cm-40-schwarze-seiten-erweiterbar.webp|2811721_6.png|https://static.mueller.de/7118669072-PB-5/pdzoom/goldbuch-schraubalbum-bella-vista-haselnuss-39x31cm-40-schwarze-seiten-erweiterbar.webp||||||||||||28 519||||||||||1 Stk.|||True||2811721P|||||||||10
706424|mueller||||||||2024-10-28|OMEGA Fahrtenbuch 832 A6 quer 1x50 Blatt|OMEGA||1|Stk.|Home|Schreibwaren|Büro|Bürobedarf|Sonstiges|OMEGA Fahrtenbuch 832 A6 quer 1x50 Blatt||4,79 €|4,79 €||||||||||||||EUR|Home> Schreibwaren> Büro> Bürobedarf> Sonstiges> OMEGA Fahrtenbuch 832 A6 quer 1x50 Blatt|https://www.mueller.at/p/omega-fahrtenbuch-832-a6-quer-1x50-blatt-706424/|1 Stk.|Fahrtenbuch beidseitig bedruckt in A6 mit 50 Blatt ohne Abrissperforation. Inklusive Jahresübersicht, steuerlicher KM-Nachweis, zur Anerkennung beim Finanzamt, praxisgerecht, geprüft. CO2 neutral produziert und mit Austria Qualitätsgütesiegel ausgezeichnet.||||||||||||||||||||||Non-Organic||||{'Inhalt': '1 Stk.', 'Produkttyp': 'Sonstiges'}||||||||||||||0|0|706424_1.png|https://static.mueller.de/6666622255-PV-0/pdzoom/omega-fahrtenbuch-832-a6-quer-1x50-blatt.webp|706424_2.png|https://static.mueller.de/6666622255-PB-1/pdzoom/omega-fahrtenbuch-832-a6-quer-1x50-blatt.webp|706424_3.png|https://static.mueller.de/6666622255-PB-2/pdzoom/omega-fahrtenbuch-832-a6-quer-1x50-blatt.webp|706424_4.png|https://static.mueller.de/6666622255-PB-3/pdzoom/omega-fahrtenbuch-832-a6-quer-1x50-blatt.webp|706424_5.png|https://static.mueller.de/6666622255-PB-4/pdzoom/omega-fahrtenbuch-832-a6-quer-1x50-blatt.webp||||||||||||||||||||||||1 Stk.|||True||706424P|||||||||10
2811725|mueller||||||||2024-10-28|goldbuch Schraubalbum La Belle Blanc, 39x31cm, 40 weiße Seiten - erweiterbar|GOLDBUCH||1|Stk.|Home|Schreibwaren|Büro|Ordner & Mappen|Fotoalbum|goldbuch Schraubalbum La Belle Blanc, 39x31cm, 40 weiße Seiten - erweiterbar||27,99 €|27,99 €||||||||||||||EUR|Home> Schreibwaren> Büro> Ordner & Mappen> Fotoalbum> goldbuch Schraubalbum La Belle Blanc, 39x31cm, 40 weiße Seiten - erweiterbar|https://www.mueller.at/p/goldbuch-schraubalbum-la-belle-blanc-39x31cm-40-weisse-seiten-erweiterbar-2811725/|1 Stk.|Mit dem La Belle Blanc Schraubalbum in der Größe 39x31 cm werden die schönsten Bilder und Erinnerungen an den wohl bekanntlich schönsten Tag im Leben festgehalten. Bei einem Mix aus Hoch- und Querformat können so ca. 200 Fotos im Format 10x15 cm oder 120 Bilder im größeren Format von 13x18 cm eingeklebt werden. Durch den passenden Nachfüllsatz kann das Album allerdings um nochmals 30 Seiten erweitert werden. So kann man auch nachträglich eingetroffene Fotos von Freunden, Familien noch einsetzen. Der Einband dieses Hochzeitsalbums besteht aus Kunstleder, der mit feinen Applikationen veredelt ist. Eine dünne Kordel mit feinen Blättern verleiht dem Album ein besonders edles Design. Dieses Album ist Made in Germany und steht somit für hochwertige Qualität und wird aus tollen Materialien und in liebevoller Handarbeit gefertigt.||||||||||||||||||||||Non-Organic||||{'scope_of_delivery': '40 weiße Seiten', 'Artikelnummer des Herstellers': '28 167', 'Höhe': '310 cm', 'Breite': '390 cm', 'Tiefe': '25 mm', 'Inhalt': '1 Stk.', 'Produkttyp': 'Fotoalbum'}||||||||||||||0|0|2811725_1.png|https://static.mueller.de/7118669134-PV-0/pdzoom/goldbuch-schraubalbum-la-belle-blanc-39x31cm-40-weisse-seiten-erweiterbar.webp|2811725_2.png|https://static.mueller.de/7118669134-PB-1/pdzoom/goldbuch-schraubalbum-la-belle-blanc-39x31cm-40-weisse-seiten-erweiterbar.webp|2811725_3.png|https://static.mueller.de/7118669134-PB-2/pdzoom/goldbuch-schraubalbum-la-belle-blanc-39x31cm-40-weisse-seiten-erweiterbar.webp|2811725_4.png|https://static.mueller.de/7118669134-PB-3/pdzoom/goldbuch-schraubalbum-la-belle-blanc-39x31cm-40-weisse-seiten-erweiterbar.webp|2811725_5.png|https://static.mueller.de/7118669134-PB-4/pdzoom/goldbuch-schraubalbum-la-belle-blanc-39x31cm-40-weisse-seiten-erweiterbar.webp||||||||||||||28 167||||||||||1 Stk.|||True||2811725P|||||||||10
2958051|mueller||||||||2024-10-28|minimo Bio Baby Pancakes Hafer Banane|MINIMO||200|g|Home|Drogerie|Kind & Mama|Babynahrung|Beikost|Desserts|minimo Bio Baby Pancakes Hafer Banane|6,95 €|6,95 €|||||||||||34,75 € / 1 kg|||EUR|Home> Drogerie> Kind & Mama> Babynahrung> Beikost> Desserts> minimo Bio Baby Pancakes Hafer Banane|https://www.mueller.at/p/minimo-bio-baby-pancakes-hafer-banane-IPN2958051/|200 g|Bei den Minimo Bio baby pancakes handelt es sich um fertige Backmischungen für kindgerechte Pancakes.||Verschließe den geöffneten Beutel gut, lager ihn trocken und vor Wärme geschützt. Den Inhalt nach dem Öffnen bitte innerhalb von 3-4 Wochen aufbrauchen.|||Österreich|Kann Spuren von Soja, Sellerie, Senf enthalten.||8 Monate|||{'Nährwerte je': '100g', 'Brennwert': '1505 kj / 357 kcal', 'Fett in g': '4,5', '- davon gesättigte Fettsäuren in g': '1', 'Kohlenhydrate in g': '65,3', '- davon Zucker in g': '8,1', 'Ballaststoffe in g': '8,6', 'Eiweiß in g': '9,5', 'Salz in g': '0,02'}|||||||||||Organic||||"{'Lagerhinweis': 'Verschließe den geöffneten Beutel gut, lager ihn trocken und vor Wärme geschützt. Den Inhalt nach dem Öffnen bitte innerhalb von 3-4 Wochen aufbrauchen.', 'manufacturer': 'Minimo MyFirstMeal GmbH', 'Herstelleradresse': 'Eduard-Kaiser-Straße 6, DE-79540 Lörrach', 'Kontaktmöglichkeit': 'hello@minimo-myfirstmeal.com', 'Herkunftsland': 'Österreich', 'Öko-Kontrollstelle': 'DE-ÖKO-007', 'Altersempfehlung ab': '8 Monate', 'Allergenhinweis': 'Kann Spuren von Soja, Sellerie, Senf enthalten.', 'Inhalt': '200 g', 'Bio': 'Ja', 'Eigenschaften': 'Glutenfrei|Laktosefrei|Ohne Salz|Ohne Zuckerzusatz', 'Zutaten': 'HAFERFLOCKENVOLLKORNMEHL* 88%, Apfelpüree* 9,6%, Reismehl*, Backtriebmittel: Kaliumcarbonat, Thiamin (Vitamin B₁1). *aus kontrolliert biologischem Anbau', 'Produkttyp': 'Desserts', 'Zubereitungshinweis': '1. 25g Backmischung mit 50ml Flüssigkeit* in einer Schüssel gut vermischen und für ca. 3-4 Minuten ziehen lassen. In der Zwischenzeit etwas Fett in einer beschichteten Pfanne erhitzen. 2. Den Teig esslöffelweise (1EL Teig = 1 Baby Pancake) in die Pfanne geben und bei mittlerer Hitze backen. 3. Sobald sich kleine Blasen bilden (nach ca. 3-4 Minuten), die Pancakes wenden und bis zum gewünschten Bräunungsgrad fertig backen.  Servieren: Die Pancakes aus der Pfanne nehmen, auf Verzehrtemperatur (37°C) abkühlen lassen und nach Belieben mit Obstmus oder Früchten verfeinern - Dein Kind wird es lieben! *Die Pancakes können mit 50ml Pflanzendrink, 50ml Vollmilch, 50ml Muttermilch oder auch als Halbmilch-Variante (25ml Wasser + 25ml Milch) zubereitet werden.'}"||||||||||||||5.0|3|2958051_1.png|https://static.mueller.de/pdzoom/4170000092391.webp|2958051_2.png|https://static.mueller.de/pdzoom/4170000092391_1.webp||||||||||||||||||||Minimo MyFirstMeal GmbH||||||||||200 g|||True||2958051P|||||||||10
2811733|mueller||||||||2024-10-28|BIO PRIMO Bio Pistazien Geröstet & Gesalzen|BIO PRIMO||150|g|Home|Drogerie|Lebensmittel|Nahrung|Nüsse & Trockenfrüchte|BIO PRIMO Bio Pistazien Geröstet & Gesalzen||3,95 €|3,95 €|||||||||||26,33 € / 1 kg|||EUR|Home> Drogerie> Lebensmittel> Nahrung> Nüsse & Trockenfrüchte> BIO PRIMO Bio Pistazien Geröstet & Gesalzen|https://www.mueller.at/p/bio-primo-bio-pistazien-geroestet-gesalzen-2811733/|150 g|Nussiger Knabbersnack.||Trocken lagern, vor Wärme schützen. Nach dem Öffnen innerhalb weniger Tage verbrauchen.||||Kann Spuren von anderen SCHALENFRÜCHTEN, ERDNÜSSEN, SENF, SOJA, SESAM, SELLERIE und MILCH enthalten.|||||{'Nährwerte je': '100 g', 'Brennwert': '2545 kj / 615 kcal', 'Fett in g': '52', '- davon gesättigte Fettsäuren in g': '6,1', 'Kohlenhydrate in g': '12', '- davon Zucker in g': '3,1', 'Eiweiß in g': '21', 'Salz in g': '1,8'}|||||||||||Organic||||"{'Lagerhinweis': 'Trocken lagern, vor Wärme schützen. Nach dem Öffnen innerhalb weniger Tage verbrauchen.', 'target_group': 'Damen|Herren|Unisex', 'manufacturer': 'Bio-Nahrungsmittel GmbH', 'Herstelleradresse': 'Gewerbestraße 16, 5082 Grödig', 'Öko-Kontrollstelle': 'AT-BIO-301', 'Allergenhinweis': 'Kann Spuren von anderen SCHALENFRÜCHTEN, ERDNÜSSEN, SENF, SOJA, SESAM, SELLERIE und MILCH enthalten.', 'Inhalt': '150 g', 'Bio': 'Ja', 'Eigenschaften': 'Vegan', 'Zutaten': 'Bio Pistazien in der Schale geröstet, gesalzen Pistazien 98,2%, Meersalz 1,8%.', 'Produkttyp': 'Salzige Snacks'}"||||||||||||||0|0|2811733_1.png|https://static.mueller.de/7118674552-PV-0/pdzoom/bio-primo-bio-pistazien-geroestet-gesalzen.webp||||||||||||||||||||||Bio-Nahrungsmittel GmbH||||||||||150 g|||True||2811733P|||||||||10
2101725|mueller||||||||2024-10-28|The Big Bang Theory - Staffel 9 [3 DVDs]|||1|Stk.|Home|Multi-Media|Filme & TV|Komödie & Comedy|The Big Bang Theory - Staffel 9  [3 DVDs]|||12,99 €|12,99 €||||||||||||||EUR|Home> Multi-Media> Filme & TV> Komödie & Comedy> The Big Bang Theory - Staffel 9  [3 DVDs]|https://www.mueller.at/p/the-big-bang-theory-staffel-9-3-dvds-2101725/|1 Stk.|"Bereiten Sie sich vor, die 9. Phase des TV-Dauerlach-Experiments zu betreten, wenn ""The Big Bang Theory"" erfolgreich die Grenzen von Wissenschaft und Komödie verschmelzt. Unsere beiden Genies, Leonard und Sheldon, und ihre Freunde sind wieder da (klüger, aber kein bisschen weiser). In der letzten Staffel hatte Sheldon sich auf eine Sinnesfindungsreise (per Zug, natürlich) begeben und war bereit, seinen Beziehungsvertrag mit Amy bedeutend zu revidieren, als sich alles änderte. Leonard, auf der anderen Seite, war mit Penny auf dem Weg nach Las Vegas, um im Finale der Staffel endlich zu heiraten. Howard fand sich nach dem plötzlichen Tod seiner Mutter allein mit Bernadette, während Raj nicht nur mit Frauen reden kann, sondern sogar exklusiv mit Emily ausgeht. Zusammen werden sie alle erfahren, dass das Leben außerhalb des Labors viel komplizierter ist, da Liebe und Freundschaft nie zu vorhersehbaren Ergebnissen führen.

Episoden:
01 Hochzeitsnacht mit Sheldon
02 Ehevollzug!
03 Feynmans Van
04 Zurück nach 2003
05 Duell in drei Jahren
06 Die Helium-Krise
07 Die Spockumentation
08 Spione wie wir
09 Karotten in Dessous
10 Der Ohrwurm
11 Premierenfieber
12 Der romantische Asteroid
13 Die Sheldon-Cooper-Entschuldigungstour
14 Der Besuch der alten Dame
15 Tränen am Valentinstag
16 Die positive Negativreaktion
17 Lebe lang und in Frieden
18 Zwischen zwei Frauen
19 Das emotionale Außenklo
20 Die Hütte im Wald
21 Die tödliche Mortadella
22 Freunde sind wie Toilettenpapier
23 Das Warteschlangenproblem
24 Die Annäherungs-Versuchung"||||||||||||||||||||||Non-Organic||||"{'medium': 'DVD', 'Untertitel': 'Tschechisch,Polnisch', 'manufacturer': 'Warner Bros (Universal Pictures)', 'Bildformat': '16:9', 'Zusatzinfos / Bonusmaterial beim Film dabei': 'Auf der Comic-Con 2015;\n#JustAskBBT: Wer bekommt das Sofa?;\n#JustAskBBT: Wenn ich zum Mars reisen müsste;\nDas Stipendienprogramm;\nLiebe ist eine komplizierte Wissenschaft;\nDie 200. Episode wird gefeiert!;\nVerpatzte Szenen;', 'Inhalt': '1 Stk.', 'Laufzeit in min (gesamt)': '448', 'Produktionsjahr': '2015', 'Produktionsland': 'USA', 'Schauspieler': 'Johnny Galecki,Kaley Cuoco-Sweeting,Jim Parsons,Simon Helberg,Kunal Nayyar,Mayim Bialik,Melissa Rauch', 'Special Edition': 'Nein', 'Tonformat-Sprache': 'Deutsch,Italienisch,Tschechisch,Englisch', 'Untertitel für Gehörlose': 'Deutsch,Englisch,Italienisch', 'packaging_type': 'Softbox', 'Hauptgenre': 'Comedy|TV-Serie'}"||||||||||||||0|0|2101725_1.png|https://static.mueller.de/videojakob_5051890306944_pv_499445/pdzoom/the-big-bang-theory-staffel-9-3-dvds.webp|2101725_2.png|https://static.mueller.de/pdzoom/videojakob_5051890306944_pr_499445-back.webp|2101725_3.png|https://static.mueller.de/videojakob_5051890306944_pd_66614030/pdzoom/the-big-bang-theory-staffel-9-3-dvds.webp|2101725_4.png|https://static.mueller.de/videojakob_5051890306944_pd_66615186/pdzoom/the-big-bang-theory-staffel-9-3-dvds.webp|2101725_5.png|https://static.mueller.de/videojakob_5051890306944_pd_66616092/pdzoom/the-big-bang-theory-staffel-9-3-dvds.webp|2101725_6.png|https://static.mueller.de/videojakob_5051890306944_pd_66617342/pdzoom/the-big-bang-theory-staffel-9-3-dvds.webp||||||||||||Warner Bros (Universal Pictures)||||||||||1 Stk.|||True||2101725P|||||||||5
271990|mueller||||||||2024-10-28|Steiff - Bobby Schlenker-Teddybär, 40 cm|STEIFF||1|Stk.|Home|Spielwaren|Kuscheltiere & Puppen|Kuscheltiere|Stofftiere|Steiff - Bobby Schlenker-Teddybär, 40 cm||109,00 €|109,00 €||||||||||||||EUR|Home> Spielwaren> Kuscheltiere & Puppen> Kuscheltiere> Stofftiere> Steiff - Bobby Schlenker-Teddybär, 40 cm|https://www.mueller.at/p/steiff-bobby-schlenker-teddybaer-40-cm-271990/|1 Stk.|Bobby Schlenker-Teddybär, 40 cmBobby Schlenker-Teddybär ist ein richtig guter Freund. Er begleitet Kinder überall hin und erlebt gerne mit ihnen wilde Abenteuer. Der Bär hat eine Größe von 40 cm, ist aus kuschelweichem Plüsch und waschmaschinenfest bei 30°C. Bobbys Schleife ist nicht abnehmbar.||||||||0 Jahre||||||||||||||Non-Organic||||"{'target_group': 'Baby & Kleinkind|Vorschüler|Jugendliche', 'Artikelnummer des Herstellers': '013515', 'license': 'Steiff (Lizenz)', 'Altersempfehlung ab': '0 Jahre', 'Altersempfehlung bis': '99 Jahre', 'Tierart': 'Bär', 'Materialdetails': 'Plüsch', 'Inhalt': '1 Stk.', 'Genre | Spielmotivation': 'Spielen|Sammeln', 'Produkttyp': 'Schlenkertiere'}"||||||||Plüsch||||||0|0|271990_1.png|https://static.mueller.de/62617775-PB-0/pdzoom/steiff-bobby-schlenker-teddybaer-40-cm.webp||||||||||||||||||||||013515||||||||||1 Stk.|||True||271990P|||||||||4
2248021|mueller||||||||2024-10-28|STAEDTLER Modelliermasse FIMO® Kids Materialpackung girlie|STAEDTLER||252|g|Home|Schreibwaren|Bastelbedarf|Bastelsets|STAEDTLER Modelliermasse FIMO® Kids Materialpackung girlie|||14,99 €|14,99 €|||||||||||59,48 € / 1 kg|||EUR|Home> Schreibwaren> Bastelbedarf> Bastelsets> STAEDTLER Modelliermasse FIMO® Kids Materialpackung girlie|https://www.mueller.at/p/staedtler-modelliermasse-fimo-kids-materialpackung-girlie-IPN2248021/|252 g|Modelliermasse FIMO® Kids Materialpackung girlie. Werkstoff: Kunststoff. Besonders weich in der Haptik und Formbarkeit, CE-zertifiziert, wiederverschließbare Verpackung, leicht zu öffnen.. Art des Trocknungsverfahrens: Ofenhärtend. Größe (B x H x T): 132 x 220 x 17 mm||||||||||||||||||||||Non-Organic||||{'scope_of_delivery': '6 x FIMO kids 8030 in den Farben -052 glitter weiß, -112 glitter gold, -25 pink, -220 rosa, -39 türkis, -6 lila', 'Artikelnummer des Herstellers': '8032 02', 'Inhalt': '252 g', 'Produkttyp': 'Bastelsets'}||||||||||||||0|0|2248021_1.png|https://static.mueller.de/pdzoom/4007817805183.webp|2248021_2.png|https://static.mueller.de/pdzoom/4007817805183_2.webp||||||||||||||||||||8032 02||||||||||252 g|||True||2248021P|||||||||10
2811731|mueller||||||||2024-10-28|NICI WOLF ULVY Kissen 48X35CM|NICI||1|Stk.|Home|Haushalt|Wohnen & Dekorieren|Heimtextilien|Kissen|NICI WOLF ULVY  Kissen 48X35CM||24,99 €|24,99 €||||||||||||||EUR|Home> Haushalt> Wohnen & Dekorieren> Heimtextilien> Kissen> NICI WOLF ULVY  Kissen 48X35CM|https://www.mueller.at/p/nici-wolf-ulvy-kissen-48x35cm-2811731/|1 Stk.|Das rechteckige Kuschelkissen aus der Wolf Ulvy Kollektion ist einfach super niedlich. In beige und grau gehalten zeigt es Wolf Ulvy wie er es sich in seinem Schafspelz-Hoodie gut gehen lässt und gemütlich auf dem Rücken liegt. Die Schafsohren am Hoodie stechen als 3-D Elemente aus dem Kissen heraus. Die Rückseite ist mit etwas längerem grauem Plüsch ausgestattet und hat so einen super Griff.||||||||||||||||||||||Non-Organic||||{'Gewicht': '310', 'Pflegehinweis': 'waschbar im Schonwaschgang bei 30 Grad', 'manufacturer': 'Nici GmbH', 'Herstelleradresse': 'Langheimer Str. 94 ,96264 Altenkunstadt', 'Höhe': '11 cm', 'Breite': '43 cm', 'Tiefe': '26 cm', 'Inhalt': '1 Stk.'}||||||||||||||0|0|2811731_1.png|https://static.mueller.de/pdzoom/4012390484007-pv.webp|2811731_2.png|https://static.mueller.de/4012390484007-pd-1/pdzoom/nici-wolf-ulvy-kissen-48x35cm.webp|2811731_3.png|https://static.mueller.de/4012390484007-pd-2/pdzoom/nici-wolf-ulvy-kissen-48x35cm.webp||||||||||||waschbar im Schonwaschgang bei 30 Grad||||||Nici GmbH||||||||||1 Stk.|||False||2811731P|||||||||1
2811787|mueller||||||||2024-10-28|HUDORA Biomechanisches Protektoren Set Comfort blue M|HUDORA||1|Stk.|Home|Spielwaren|Kinderfahrzeuge|Roller|HUDORA Biomechanisches Protektoren Set Comfort blue M|||24,99 €|24,99 €||||||||||||||EUR|Home> Spielwaren> Kinderfahrzeuge> Roller> HUDORA Biomechanisches Protektoren Set Comfort blue M|https://www.mueller.at/p/hudora-biomechanisches-protektoren-set-comfort-blue-m-2811787/|1 Stk.|"ALLES SAFE: Mit cooler Schutzausrüstung sicher in die Skater-Saison starten
HOCHWERTIGES KOMPLETTSET: Sorglospaket mit 6er-Set aus Handgelenk-, Knie- und Ellbogenschonern inkl. Aufbewahrungstasche
ANGENEHMES TRAGEN: Anatomisch abgestimmte RGO®-Passform
HOHE SICHERHEIT: Dank der stoßfesten und stoßdämpfenden Oberschale
ANTI-RUTSCH-SYSTEM: Bequeme Schaumpolsterung mit zusätzlicher Rutscherweiterung über der Schale
ALLESKÖNNER: Ob Skateboarden, Inlineskaten oder Scooterfahren, mit den HUDORA Protektoren Comfort schützt du dich und deine Kinder vor Verletzungen
Biomechanische Protektoren 6er-Set aus Handgelenk-, Knie- und Ellbogenschonern, vorgeformte Hartschalen, anatomisch abgestimmte RGO(R)-Passform, stoßfeste Oberschale und stoßdämpfende, bequeme Schaumpolsterung mit zusätzlicher Rutscherweiterung über der Schale, robustes Nylon-Gewebe, inkl. Socking, Easy Fit & Match-System für leichtes Anziehen und mit Netz-Kaskadentasche
Einheitsgröße:
M
Ausstattung:
Anatomisch abgestimmte RGO®-Passform, Easy Fit&Match-System für leichtes Anziehen, Robustes Nylon-Gewebe, Stoßfeste Oberschale und stoßdämpfende, bequeme Schaumpolsterung
Zubehör:
Mit Aufbewahrungstasche"||||||||12 Monate||||||||||||||Non-Organic||||{'target_group': 'Jugendliche', 'Artikelnummer des Herstellers': '83054/00', 'Altersempfehlung ab': '12 Monate', 'Altersempfehlung bis': '14 Jahre', 'Inhalt': '1 Stk.', 'Produkttyp': 'Streetroller'}||||||||||||||0|0|2811787_1.png|https://static.mueller.de/7150889070-PV-0/pdzoom/hudora-biomechanisches-protektoren-set-comfort-blue-m.webp|2811787_2.png|https://static.mueller.de/7150889070-PB-1/pdzoom/hudora-biomechanisches-protektoren-set-comfort-blue-m.webp|2811787_3.png|https://static.mueller.de/7150889070-PB-2/pdzoom/hudora-biomechanisches-protektoren-set-comfort-blue-m.webp|2811787_4.png|https://static.mueller.de/7150889070-PB-3/pdzoom/hudora-biomechanisches-protektoren-set-comfort-blue-m.webp|2811787_5.png|https://static.mueller.de/7150889070-PB-4/pdzoom/hudora-biomechanisches-protektoren-set-comfort-blue-m.webp|2811787_6.png|https://static.mueller.de/7150889070-PB-5/pdzoom/hudora-biomechanisches-protektoren-set-comfort-blue-m.webp||||||||||||83054/00||||||||||1 Stk.|||False||2811787P|||||||||1
2003447|mueller||||||||2024-10-28|PUMA Unisex Kurzsocken Quarter Cushioned 2er Pack|PUMA||2|Stk.|Home|Strümpfe|Damen|Socken|PUMA Unisex Kurzsocken Quarter Cushioned 2er Pack|||9,99 €|9,99 €|||||||||||49,95 € / 10 Stk.|||EUR|Home> Strümpfe> Damen> Socken> PUMA Unisex Kurzsocken Quarter Cushioned 2er Pack|https://www.mueller.at/p/puma-unisex-kurzsocken-quarter-cushioned-2er-pack-6591935461/|2 Stk.|PUMA ist einer der weltweit größten und bekanntesten Sportartikelhersteller, der sich neben dem ikonischen PUMA-Logo auch durch Funktionalität und sportliche Designs auszeichnet. Als Sportartikel- und Sportbekleidungshersteller weiß die Marke ganz genau, worauf es bei guten Sportsocken ankommt, denn jedes effektive Training beginnt mit einer starken Basis! Ultra-atmungsaktives Material, komfortable Zehennähte und Fußgewölbe-Unterstützungen machen PUMA Socken zu den perfekten Begleitern zum Outdoor- und/oder Indoortraining. Auf die Kombination aus maximaler Performance und erstklassigem Komfort wollen viele aber auch im Alltag nicht verzichten und schätzen die atmungsaktiven und stylischen Socken auch neben dem Training. Die Frottiersohle sorgt für eine Stoßdämpfung und somit für zusätzlichen Komfort. Die flache Zehennaht beugt Irritationen vor. Eine Komfortrippung sorgt für die perfekte Passform.||||||||||||||||||||||Non-Organic||||"{'Pflegehinweis': 'Handwäsche, Nicht im Wäschetrockner trocknen, Nicht bügeln', 'target_group': 'Damen|Unisex|Herren', 'manufacturer': 'stichd B.V.', 'Herstelleradresse': ""De Waterman 2, 5215 MX's-Hertogenbosch"", 'Kontaktmöglichkeit': 'dach@stichd.com', 'Materialdetails': '83% Baumwolle; 15% Polyamid; 2% Elasthan', 'Farbe': 'white / grey / black', 'Inhalt': '2 Stk.'}"||||||white / grey / black||83% Baumwolle; 15% Polyamid; 2% Elasthan||||||5.0|2|2003447_1.png|https://static.mueller.de/5720144404-PV-0/pdzoom/puma-unisex-kurzsocken-quarter-cushioned-2er-pack.webp||||||||||||||||Handwäsche, Nicht im Wäschetrockner trocknen, Nicht bügeln||||||stichd B.V.||||||||||2 Stk.|||True||2003447P|||||||||10
2071737|mueller||||||||2024-10-28|PUMA Unisex Sneaker Socken Plain 3er Pack|PUMA||3|Stk.|Home|Strümpfe|Damen|Sneaker & Füßlinge|PUMA Unisex Sneaker Socken Plain 3er Pack|||9,99 €|9,99 €|||||||||||33,30 € / 10 Stk.|||EUR|Home> Strümpfe> Damen> Sneaker & Füßlinge> PUMA Unisex Sneaker Socken Plain 3er Pack|https://www.mueller.at/p/puma-unisex-sneaker-socken-plain-3er-pack-6591935462/|3 Stk.|PUMA ist einer der weltweit größten und bekanntesten Sportartikelhersteller, der sich neben dem ikonischen PUMA-Logo auch durch Funktionalität und sportliche Designs auszeichnet. Als Sportartikel- und Sportbekleidungshersteller weiß die Marke ganz genau, worauf es bei guten Sportsocken ankommt, denn jedes effektive Training beginnt mit einer starken Basis! Ultra-atmungsaktives Material, komfortable Zehennähte und Fußgewölbe-Unterstützungen machen PUMA Socken zu den perfekten Begleitern zum Outdoor- und/oder Indoortraining. Auf die Kombination aus maximaler Performance und erstklassigem Komfort wollen viele aber auch im Alltag nicht verzichten und schätzen die atmungsaktiven und stylischen Socken auch neben dem Training. Sportliche Sneakersocken / Extra flache Zehennaht, um Irritationen vorzubeugen||||||||||||||||||||||Non-Organic||||"{'Pflegehinweis': 'Normalwaschgang 40°C, Nicht bleichen, Nicht im Wäschetrockner trocknen, Nicht bügeln, Nicht trockenreinigen', 'target_group': 'Damen|Unisex|Herren', 'manufacturer': 'stichd B.V.', 'Herstelleradresse': ""De Waterman 2, 5215 MX's-Hertogenbosch"", 'Kontaktmöglichkeit': 'dach@stichd.com', 'Materialdetails': '72% Baumwolle; 24% Polyester; 3% Polyamid; 1% Elasthan', 'Farbe': 'blue / grey melange', 'Inhalt': '3 Stk.'}"||||||blue / grey melange||72% Baumwolle; 24% Polyester; 3% Polyamid; 1% Elasthan||||||0|0|2071737_1.png|https://static.mueller.de/6134560928-PV-0/pdzoom/puma-unisex-sneaker-socken-plain-3er-pack.webp||||||||||||||||Normalwaschgang 40°C, Nicht bleichen, Nicht im Wäschetrockner trocknen, Nicht bügeln, Nicht trockenreinigen||||||stichd B.V.||||||||||3 Stk.|||True||2071737P|||||||||10
2997671|mueller||||||||2024-10-28|LANCÔME Hydra Zen Day Creme|LANCOME||50|ml|Home|Parfümerie|Pflege|Gesichtspflege|Spezialpflege|24h-Pflege|LANCÔME Hydra Zen Day Creme|59,95 €|59,95 €|||||||||||1 199,00 € / 1 l|||EUR|Home> Parfümerie> Pflege> Gesichtspflege> Spezialpflege> 24h-Pflege> LANCÔME Hydra Zen Day Creme|https://www.mueller.at/p/lancome-hydra-zen-day-creme-IPN2997671/|50 ml|Basierend auf 30 Jahren Forschung im Bereich der Neurowissenschaften hat Lancôme herausgefunden, dass sich Stress direkt auf die Haut auswirkt: Er schwächt die Hautbarriere, was zu Empfindlichkeit und Austrocknung der Haut führt. Die neue Hydra Zen Cream, unsere kultige Hydro-Beruhigungs-Behandlung, enthält jetzt einen Extrakt aus der Rose Centifolia natürlichen Ursprungs und ist mit hydroaktiver Biotech-Hyaluronsäure und beruhigendem Bisabolol angereichert. Diese beruhigende Creme spendet 48 Stunden lang Feuchtigkeit* und reduziert Rötungen bereits nach 1 Woche**. * Instrumenteller Test, 28 Frauen, nach 48 Stunden ** Selbsteinschätzung, 62 Frauen, 1 Woche (Asien) / Selbsteinschätzung, 79 Frauen, 1 Woche (INTER) Inspiriert von der Derm-Hydrations-Behandlung, geht Hydra Zen Cream über die Hydratation hinaus, um die Hautbarriere zu stärken und die Hautempfindlichkeit zu reduzieren.||||||||||||||||||||||Non-Organic||||"{'target_group': 'Damen|Herren|Unisex', 'manufacturer': ""L'Oréal Deutschland GmbH"", 'Herstelleradresse': 'Johannstrasse 1, 40476 Düsseldorf', 'Kontaktmöglichkeit': 'service@lancome.de', 'Anwendungshinweis': 'Massieren Sie das Produkt morgens und/oder abends auf die gereinigte Haut in kreisenden Bewegungen ein.', 'package_contents': '761772 60 - INGREDIENTS: AQUA / WATER / EAU • ROSA CENTIFOLIA FLOWER WATER • GLYCERIN • DICAPRYLYL ETHER • PENTYLENE GLYCOL • CETEARYL ALCOHOL • PROPANEDIOL • CETYL ESTERS • CETEARYL ISONONANOATE • HYDROXYETHYL ACRYLATE/SODIUM ACRYLOYLDIMETHYL TAURATE COPOLYMER • GLYCERYL STEARATE • JOJOBA ESTERS • ROSA CENTIFOLIA FLOWER EXTRACT • ALOE BARBADENSIS LEAF JUICE POWDER • HELIANTHUS ANNUUS SEED CERA / SUNFLOWER SEED WAX • BISABOLOL • SORBITAN ISOSTEARATE • SODIUM HYALURONATE • SODIUM STEAROYL GLUTAMATE • CELLULOSE • ALCOHOL • HYDROXYACETOPHENONE • HYDROXYPROPYL STARCH PHOSPHATE • CAPRYLOYL SALICYLIC ACID • CITRIC ACID • LAURYL LAURATE • TRISODIUM ETHYLENEDIAMINE DISUCCINATE • POLYGLYCERIN-3 • POLYSORBATE 60 • TOCOPHEROL • POTASSIUM SORBATE • SODIUM BENZOATE • CITRONELLOL • PARFUM / FRAGRANCE (F.I.L. N70036032/1).', 'skin_type': 'alle Hauttypen', 'product_property': 'beruhigend|feuchtigkeitsspendend|langanhaltend', 'Inhalt': '50 ml', 'scope_of_application': 'Spezialpflege', 'Produkttyp': '24h-Pflege'}"||||||||||||||4.7328|232|2997671_1.png|https://static.mueller.de/pdzoom/3614274158540_1.webp|2997671_2.png|https://static.mueller.de/pdzoom/3614274158540_2.webp|2997671_3.png|https://static.mueller.de/pdzoom/3614274158540_5.webp|2997671_4.png|https://static.mueller.de/pdzoom/3614274158540_4.webp|2997671_5.png|https://static.mueller.de/pdzoom/3614274158540_6.webp|2997671_6.png|https://static.mueller.de/pdzoom/3614274158540_3.webp||||||||||||L'Oréal Deutschland GmbH||||||||||50 ml|761772 60 - INGREDIENTS: AQUA / WATER / EAU • ROSA CENTIFOLIA FLOWER WATER • GLYCERIN • DICAPRYLYL ETHER • PENTYLENE GLYCOL • CETEARYL ALCOHOL • PROPANEDIOL • CETYL ESTERS • CETEARYL ISONONANOATE • HYDROXYETHYL ACRYLATE/SODIUM ACRYLOYLDIMETHYL TAURATE COPOLYMER • GLYCERYL STEARATE • JOJOBA ESTERS • ROSA CENTIFOLIA FLOWER EXTRACT • ALOE BARBADENSIS LEAF JUICE POWDER • HELIANTHUS ANNUUS SEED CERA / SUNFLOWER SEED WAX • BISABOLOL • SORBITAN ISOSTEARATE • SODIUM HYALURONATE • SODIUM STEAROYL GLUTAMATE • CELLULOSE • ALCOHOL • HYDROXYACETOPHENONE • HYDROXYPROPYL STARCH PHOSPHATE • CAPRYLOYL SALICYLIC ACID • CITRIC ACID • LAURYL LAURATE • TRISODIUM ETHYLENEDIAMINE DISUCCINATE • POLYGLYCERIN-3 • POLYSORBATE 60 • TOCOPHEROL • POTASSIUM SORBATE • SODIUM BENZOATE • CITRONELLOL • PARFUM / FRAGRANCE (F.I.L. N70036032/1).||True||2997671P|||||||||3
2997673|mueller||||||||2024-10-28|LANCÔME Absolue Eye Cream|LANCOME||20|ml|Home|Parfümerie|Pflege|Gesichtspflege|Augenpflege|LANCÔME Absolue Eye Cream||149,95 €|149,95 €|||||||||||7 497,50 € / 1 l|||EUR|Home> Parfümerie> Pflege> Gesichtspflege> Augenpflege> LANCÔME Absolue Eye Cream|https://www.mueller.at/p/lancome-absolue-eye-cream-IPN2997673/|20 ml|Diese patentierte, reichhaltige, cremige Formel wurde von Experten in einer ikonischen, schmelzenden Textur formuliert und bietet eine pflegende Wirkung, während sie kontinuierlich Aktivstoffe tief in die Haut einschleust. Mit der exklusiven T12 Biotech Pearl™ von Absolue und der Absolue Perpetual Rose™, der einzigen Rose, die nachweislich AMPK, das Molekül für die Langlebigkeit der Haut, aktiviert.||||||||||||||||||||||Non-Organic||||"{'target_group': 'Damen|Herren|Unisex', 'manufacturer': ""L'Oréal Deutschland GmbH"", 'Herstelleradresse': 'Johannstraße 1, 40476 Düsseldorf', 'Kontaktmöglichkeit': 'service@lancome.de', 'Anwendungshinweis': 'Verwenden Sie die Creme täglich in Ihrer morgendlichen und/oder abendlichen Pflegeroutine, nachdem Sie die Haut gereinigt und tonisiert haben. 1. Mit den Fingerspitzen einen Klecks der Creme auf die Augenpartie auftragen. 2. Mit zwei Fingern unter das Auge und die oberen Augenlider streichen. 3. Mit zwei Fingern die Augenkontur nach oben ziehen und zwischen den Augenbrauen glätten. Für ein noch besseres Anwendungserlebnis verwenden Sie die neue und exklusive Golden Eye Massage Pearl, um die Augenkonturen sanft zu massieren.', 'package_contents': '761794 139 - INGREDIENTS: AQUA / WATER / EAU • GLYCERIN • ROSA DAMASCENA FLOWER WATER • BUTYLENE GLYCOL • BUTYROSPERMUM PARKII BUTTER / SHEA BUTTER • JOJOBA ESTERS • DIMETHICONE • ISOPROPYL MYRISTATE • PEG/PPG/POLYBUTYLENE GLYCOL-8/5/3 GLYCERIN • PEG-40 STEARATE • ISOPROPYL ISOSTEARATE • HELIANTHUS ANNUUS SEED CERA / SUNFLOWER SEED WAX • CERA ALBA / BEESWAX / CIRE DABEILLE • GLYCERYL STEARATE • PEG-100 STEARATE • PROPANEDIOL • STEARYL ALCOHOL • HYDROXYPROPYL TETRAHYDROPYRANTRIOL • OCTYLDODECANOL • ESCIN • ROSA CENTIFOLIA FLOWER EXTRACT • ROSA HYBRID FLOWER EXTRACT • ADENOSINE • CAPRYLOYL SALICYLIC ACID • HYDROLYZED LINSEED EXTRACT • HYDROXYACETOPHENONE • PENTAERYTHRITYL TETRA-DI-T-BUTYL HYDROXYHYDROCINNAMATE • SACCHAROMYCES FERMENT FILTRATE • SODIUM HYDROXIDE • TRISODIUM ETHYLENEDIAMINE DISUCCINATE • PANTHENOL • TOCOPHEROL • ACACIA DECURRENS FLOWER CERA / ACACIA DECURRENS FLOWER WAX • POLYGLYCERIN-3 • ACRYLAMIDE/SODIUM ACRYLOYLDIMETHYLTAURATE COPOLYMER • ALCOHOL • AMMONIUM POLYACRYLOYLDIMETHYL TAURATE • ARGININE • CI 77891 / TITANIUM DIOXIDE • CITRIC ACID • ISOHEXADECANE • MALTODEXTRIN • MICA • PEG-20 STEARATE • POLYSORBATE 80 • PROPYLENE GLYCOL • ROSA DAMASCENA FLOWER OIL • SORBITAN OLEATE • SORBITAN TRISTEARATE • TIN OXIDE • DIMETHICONOL • POLYSILICONE-11 • CITRONELLOL • GERANIOL • CI 19140 / YELLOW 5 • CI 77491 / IRON OXIDES • PHENOXYETHANOL • SALICYLIC ACID • SODIUM BENZOATE (F.I.L. T70037782/2).', 'skin_type': 'alle Hauttypen', 'product_property': 'pflegend', 'Inhalt': '20 ml', 'scope_of_application': 'Augenpflege', 'Produkttyp': 'Creme'}"||||||||||||||0|0|2997673_1.png|https://static.mueller.de/pdzoom/3614274160659_1.webp|2997673_2.png|https://static.mueller.de/pdzoom/3614274160659_2.webp|2997673_3.png|https://static.mueller.de/pdzoom/3614274160659_4.webp|2997673_4.png|https://static.mueller.de/pdzoom/3614274160659_5.webp|2997673_5.png|https://static.mueller.de/pdzoom/3614274160659_6.webp|2997673_6.png|https://static.mueller.de/pdzoom/3614274160659_7.webp||||||||||||L'Oréal Deutschland GmbH||||||||||20 ml|761794 139 - INGREDIENTS: AQUA / WATER / EAU • GLYCERIN • ROSA DAMASCENA FLOWER WATER • BUTYLENE GLYCOL • BUTYROSPERMUM PARKII BUTTER / SHEA BUTTER • JOJOBA ESTERS • DIMETHICONE • ISOPROPYL MYRISTATE • PEG/PPG/POLYBUTYLENE GLYCOL-8/5/3 GLYCERIN • PEG-40 STEARATE • ISOPROPYL ISOSTEARATE • HELIANTHUS ANNUUS SEED CERA / SUNFLOWER SEED WAX • CERA ALBA / BEESWAX / CIRE DABEILLE • GLYCERYL STEARATE • PEG-100 STEARATE • PROPANEDIOL • STEARYL ALCOHOL • HYDROXYPROPYL TETRAHYDROPYRANTRIOL • OCTYLDODECANOL • ESCIN • ROSA CENTIFOLIA FLOWER EXTRACT • ROSA HYBRID FLOWER EXTRACT • ADENOSINE • CAPRYLOYL SALICYLIC ACID • HYDROLYZED LINSEED EXTRACT • HYDROXYACETOPHENONE • PENTAERYTHRITYL TETRA-DI-T-BUTYL HYDROXYHYDROCINNAMATE • SACCHAROMYCES FERMENT FILTRATE • SODIUM HYDROXIDE • TRISODIUM ETHYLENEDIAMINE DISUCCINATE • PANTHENOL • TOCOPHEROL • ACACIA DECURRENS FLOWER CERA / ACACIA DECURRENS FLOWER WAX • POLYGLYCERIN-3 • ACRYLAMIDE/SODIUM ACRYLOYLDIMETHYLTAURATE COPOLYMER • ALCOHOL • AMMONIUM POLYACRYLOYLDIMETHYL TAURATE • ARGININE • CI 77891 / TITANIUM DIOXIDE • CITRIC ACID • ISOHEXADECANE • MALTODEXTRIN • MICA • PEG-20 STEARATE • POLYSORBATE 80 • PROPYLENE GLYCOL • ROSA DAMASCENA FLOWER OIL • SORBITAN OLEATE • SORBITAN TRISTEARATE • TIN OXIDE • DIMETHICONOL • POLYSILICONE-11 • CITRONELLOL • GERANIOL • CI 19140 / YELLOW 5 • CI 77491 / IRON OXIDES • PHENOXYETHANOL • SALICYLIC ACID • SODIUM BENZOATE (F.I.L. T70037782/2).||True||2997673P|||||||||3
2379825|mueller||||||||2024-10-28|MegaBleu - Balla Balla|MEGABLEU||1|Stk.|Home|Spielwaren|Spiele & Puzzles|Spiele|Gesellschaftsspiele|MegaBleu - Balla Balla||32,99 €|32,99 €|32,99 €|26,99 €||||18%|Sie sparen 18%|||||||EUR|Home> Spielwaren> Spiele & Puzzles> Spiele> Gesellschaftsspiele> MegaBleu - Balla Balla|https://www.mueller.at/p/megableu-balla-balla-2379825/|1 Stk.|"Balla BallaRote, blaue, gelbe, grüne - die bunten Ballas hängen cool ab und halten immer fest zusammen. Die Spieler platzieren Runde um Runde ihre weißen Kugeln auf der bunten Ballas-Traube. Hier ist Geschick gefragt, denn jede weitere Kugel erhöht den Druck auf die Ballas. Wenn die Kräfte schwinden, geht auch der Zusammenhalt flöten und alles purzelt auf den Spieltisch. Wer nicht aufpasst, verursacht einen wahren Kugelhagel und riskiert von seinen Mitspielern ein schadenfrohes und lautes ""Balla Balla!"""||||||||5 Jahre||||||||||||||Non-Organic||||"{'Anleitungssprache': 'de', 'target_group': 'Vorschüler|Jugendliche', 'Artikelnummer des Herstellers': '678483', 'license': 'MegaBleu Familienspiele', 'Altersempfehlung ab': '5 Jahre', 'Altersempfehlung bis': '99 Jahre', 'Materialdetails': 'Kunststoff', 'Material': 'Kunststoff', 'Inhalt': '1 Stk.', 'Spieleranzahl': '2 bis 4', 'Produkttyp': 'Familienspiele'}"||||||||Kunststoff||||||0|0|2379825_1.png|https://static.mueller.de/6309546224-PV-0/pdzoom/megableu-balla-balla.webp|2379825_2.png|https://static.mueller.de/6309546224-PR-1/pdzoom/megableu-balla-balla.webp|2379825_3.png|https://static.mueller.de/6309546224-PB-2/pdzoom/megableu-balla-balla.webp|2379825_4.png|https://static.mueller.de/6309546224-PB-3/pdzoom/megableu-balla-balla.webp|2379825_5.png|https://static.mueller.de/6309546224-PB-4/pdzoom/megableu-balla-balla.webp|2379825_6.png|https://static.mueller.de/6309546224-PB-5/pdzoom/megableu-balla-balla.webp||||||||||||678483||||||||||1 Stk.|||True||2379825P|||||||||10
2811780|mueller||||||||2024-10-28|SAFECARE Selbsttest COVID 19 Antigen Nasal 1 Stück|SAFECARE||1|Stk.|Home|Drogerie|Gesundheit|Gesundheit & Wohlbefinden|SAFECARE Selbsttest COVID 19 Antigen Nasal 1 Stück|||2,49 €|2,49 €||||||||||||||EUR|Home> Drogerie> Gesundheit> Gesundheit & Wohlbefinden> SAFECARE Selbsttest COVID 19 Antigen Nasal 1 Stück|https://www.mueller.at/p/safecare-selbsttest-covid-19-antigen-nasal-1-stueck-2811780/|1 Stk.|"Mit Hilfe des COVID-19 Antigen-Schnelltest kann eine akute Infektion schnell und bequem nachgewiesen werden. In nur 15 Minuten liegt ein Ergebnis vor. Der Antigen-Schnelltest ist ein einfach anzuwendender Test zum qualitativen Nachweis von Nucleocapsid-Protein-Antigen in vorderen Nasenabstrich- oder Nasopharyngealabstrich-Proben. In wenigen einfachen Schritten wird in den Proben das SARS-CoV-2 Nukleoprotein mit Hilfe einer sichtbaren Farbreaktion detektiert. Zusätzlich erkennt der Test folgende Virusvarianten: Omikron, Delta und Epsilon. 

Eigenschaften:
– Nach 15 Minuten liegt das Testergebnis vor.
– Testmöglichkeit ohne Labor.
– Sensitivität: 97.27 % (94.45 % ～ 98.89 %).
– Spezifität: 99.42 % (97.93 % ～ 99.93 %).
– Gesamtübereinstimmung: 98.50 % (97.18 % ～ 99.31 %).
– BfArM-gelistet & PEI-evaluiert.
– Erkennung der folgenden Virusvarianten: Omikron, Delta & Epsilon.
– Aufbewahrung bei Raumtemperatur (zwischen 4° und 30°C).

Lieferumfang:
– Testkassette.
– Probenverarbeitungsröhrchen.
– Extraktionspufferlösung.
– Probenentnahmetupfer.
– Gebrauchsanweisung.
– Ständer."||||||||||||||||||||||Non-Organic||||"{'dosage_form': 'Teststreifen', 'medical_device': 'Ja', 'target_group': 'Damen|Herren|Unisex', 'manufacturer': 'Westfalen Care GmbH', 'Herstelleradresse': 'Paderborner Straße 44, 33181 Bad Wünnenberg', 'Kontaktmöglichkeit': 'info@westfalencare.com', 'Anwendungshinweis': 'Diese Schnelltests sind für die Anwendung im klinischen Bereich oder in Notfällen zur Diagnostik geeignet während einer durch eine Infektion mit dem neuartigen Coronavirus ausgelösten Pandemie bestimmt. Es kann nicht als routinemäßiges diagnostisches In-vitro-Reagenz für die klinische Anwendung verwendet werden. Die Testergebnisse dieses Kits dienen nur als klinische Referenz.', 'Inhalt': '1 Stk.'}"||||||||||||||0|0|2811780_1.png|https://static.mueller.de/7118695638-PV-0/pdzoom/safecare-selbsttest-covid-19-antigen-nasal-1-stueck.webp||||||||||||||||||||||Westfalen Care GmbH||||||||||1 Stk.|||True||2811780P|||||||||10
2811781|mueller||||||||2024-10-28|HUDORA Protektoren Set Kids blue S|HUDORA||1|Stk.|Home|Spielwaren|Kinderfahrzeuge|Roller|HUDORA Protektoren Set Kids blue S|||19,99 €|19,99 €||||||||||||||EUR|Home> Spielwaren> Kinderfahrzeuge> Roller> HUDORA Protektoren Set Kids blue S|https://www.mueller.at/p/hudora-protektoren-set-kids-blue-s-2811781/|1 Stk.|"ALLES SAFE: Mit cooler Schutzausrüstung sicher in die Skater-Saison starten
HOCHWERTIGES KOMPLETTSET: Sorglospaket mit 6er-Set aus Handgelenk-, Knie- und Ellbogenschonern inkl. Aufbewahrungstasche
ANGENEHMES TRAGEN: Anatomisch abgestimmte RGO®-Passform
HOHE SICHERHEIT: Dank der stoßfesten und stoßdämpfenden Oberschale
ANTI-RUTSCH-SYSTEM: Bequeme Schaumpolsterung mit zusätzlicher Rutscherweiterung über der Schale
ALLESKÖNNER: Ob Skateboarden, Inlineskaten oder Scooterfahren, mit den HUDORA Protektoren Kids schützt du deine Kinder vor Verletzungen
Protektoren 6er-Set aus Handgelenk-, Knie- und Ellbogenschonern, vorgeformte Hartschalen, anatomisch abgestimmte RGO(R)-Passform, stoßfeste Oberschale und stoßdämpfende, bequeme Schaumpolsterung mit zusätzlicher Rutscherweiterung über der Schale, robustes Nylon-Gewebe, inkl. Socking, Easy Fit & Match-System für leichtes Anziehen und mit Netz-Kaskadentasche
Einheitsgröße:
S
Ausstattung:
Anatomisch abgestimmte RGO®-Passform, Easy Fit&Match-System für leichtes Anziehen, Stoßfeste Oberschale und stoßdämpfende, bequeme Schaumpolsterung
Zubehör:
Mit Aufbewahrungstasche"||||||||10 Jahre||||||||||||||Non-Organic||||{'target_group': 'Jugendliche', 'Artikelnummer des Herstellers': '83049/00', 'Altersempfehlung ab': '10 Jahre', 'Altersempfehlung bis': '12 Jahre', 'Inhalt': '1 Stk.', 'Produkttyp': 'Streetroller'}||||||||||||||0|0|2811781_1.png|https://static.mueller.de/7150886669-PV-0/pdzoom/hudora-protektoren-set-kids-blue-s.webp||||||||||||||||||||||83049/00||||||||||1 Stk.|||False||2811781P|||||||||1
2997660|mueller||||||||2024-10-28|Dr.Oetker Präge-Teigrolle mit Ausstecher Peppa|DR.OETKER||1|Stk.|Home|Haushalt|Kochen & Backen|Auflauf- & Backformen|Dr.Oetker Präge-Teigrolle mit Ausstecher Peppa|||8,99 €|8,99 €||||||||||||||EUR|Home> Haushalt> Kochen & Backen> Auflauf- & Backformen> Dr.Oetker Präge-Teigrolle mit Ausstecher Peppa|https://www.mueller.at/p/dr-oetker-praege-teigrolle-mit-ausstecher-peppa-IPN2997660/|1 Stk.|"Die Präge-Teigrolle inklusive Ausstecher ""Peppa"" von Dr. Oetker ist ein praktisches Küchenwerkzeug, mit dem mühelos beeindruckende Plätzchen gezaubert werden können. Ausgerollter Teig kann mit ihr zum niedlichen Peppa Pig-Teig gemacht werden. Die rechte Seite der Rolle dient gleichzeitig als Ausstecher, um die Motiv-Plätzchen perfekt zu formen. Diese Teigrolle mit Ausstecher ist aus hochwertigem Kunststoff gefertigt und spülmaschinengeeignet. Das Motiv umfasst Peppa Pig, George, einen Regenbogen, Blumen und Schmetterlinge."||||||||||||||||||||||Non-Organic||||{'Geeignet für': 'Spuelmaschinen', 'manufacturer': 'Zenker Backformen GmbH & Co. KG', 'Herstelleradresse': 'Fritz-Mayer-Straße 7, 86661 Aichach', 'Kontaktmöglichkeit': 'service@oetker-kitchentools.de', 'Materialdetails': 'hochwertiger Kunststoff', 'Material': 'Kunststoff', 'Farbe': 'pink', 'Inhalt': '1 Stk.'}||||||pink||hochwertiger Kunststoff||||||0|0|2997660_1.png|https://static.mueller.de/pdzoom/4044935029671_1_neuu.webp|2997660_2.png|https://static.mueller.de/pdzoom/4044935029671_2_neuu.webp|2997660_3.png|https://static.mueller.de/pdzoom/4044935029671_3_neuu.webp|2997660_4.png|https://static.mueller.de/pdzoom/4044935029671_4_neuu.webp||||||||||||||||Zenker Backformen GmbH & Co. KG||||||||||1 Stk.|||True||2997660P|||||Spuelmaschinen||||10
2997662|mueller||||||||2024-10-28|Dr.Oetker Schüssel-Set Peppa|DR.OETKER||1|Stk.|Home|Haushalt|Kochen & Backen|Backzubehör|Rührschüsseln|Dr.Oetker Schüssel-Set Peppa||9,99 €|9,99 €||||||||||||||EUR|Home> Haushalt> Kochen & Backen> Backzubehör> Rührschüsseln> Dr.Oetker Schüssel-Set Peppa|https://www.mueller.at/p/dr-oetker-schuessel-set-peppa-IPN2997662/|1 Stk.|"Das bunte Schüssel-Set ""Peppa, George & Dino"" von Dr. Oetker besteht aus drei kleinen Vorbereitungsschüsseln. Jede Schüssel ist mit einem Peppa-, George- oder Dino-Design auf der Außenseite verziert. Die Schüsseln sind ineinander stapelbar. Hergestellt aus hochwertigem Kunststoff sind sie zudem spülmaschinengeeignet."||||||||||||||||||||||Non-Organic||||{'Geeignet für': 'Spuelmaschinen', 'manufacturer': 'Zenker Backformen GmbH & Co. KG', 'Herstelleradresse': 'Fritz-Mayer-Straße 7, 86661 Aichach', 'Kontaktmöglichkeit': 'service@oetker-kitchentools.de', 'Materialdetails': 'hochwertiger Kunststoff', 'Material': 'Kunststoff', 'Farbe': 'rot, grün, blau', 'product_property': 'stapelbar', 'Inhalt': '1 Stk.'}||||||rot, grün, blau||hochwertiger Kunststoff||||||0|0|2997662_1.png|https://static.mueller.de/pdzoom/4044935029657_3_neuu.webp|2997662_2.png|https://static.mueller.de/pdzoom/4044935029657_1_neuu.webp|2997662_3.png|https://static.mueller.de/pdzoom/4044935029657_2_neuu.webp||||||||||||||||||Zenker Backformen GmbH & Co. KG||||||||||1 Stk.|||True||2997662P|||||Spuelmaschinen||||10
2997663|mueller||||||||2024-10-28|LANCÔME Idôle Eau de Toilette|LANCOME||25|ml|Home|Parfümerie|Düfte für Sie|Düfte|LANCÔME Idôle Eau de Toilette|||54,95 €|54,95 €|||||||||||2 198,00 € / 1 l|||EUR|Home> Parfümerie> Düfte für Sie> Düfte> LANCÔME Idôle Eau de Toilette|https://www.mueller.at/p/lancome-idole-eau-de-toilette-IPN2997663/|25 ml|Der Damenduft schlägt ein neues Kapitel im Bereich der Idôle-Duftkollektion auf, welches dazu einlädt, sein inneres Selbst zu ergründen und Teil einer großen Gemeinschaft zu werden. Entfessle Deine Stärken und beschreite Deinen Weg gemeinsam mit anderen Frauen, die genau wissen, was sie wollen. Lancômes Idôle l’Eau de Toilette wird von einem Shincha-Tee-Akkord eingeläutet, welcher sich durch eine ganz besondere Finesse auszeichnet. Er heißt eine zauberhafte Mischung aus Rosen willkommen, die durch zwei unterschiedliche Raffinerieprozesse gewonnen und mit Rosenwasser verfeinert werden. Abgerundet wird der Damenduft von einem harmonischen Trio aus Bergamotte, welches zu Teilen durch Molekulardestillation angereichert wurde und so ein bittersüßes Gefühl hervorruft.||||||||||||||||||||||Non-Organic||||"{'target_group': 'Damen', 'manufacturer': ""L'Oréal Deutschland GmbH"", 'Herstelleradresse': 'Johannstrasse 1, 40476 Düsseldorf', 'Kontaktmöglichkeit': 'service@lancome.de', 'fragrance_concentration': 'Eau de Toilette', 'fragrance_note': 'blumig', 'top_note': 'Grüner Shincha-Tee', 'heart_note': 'Rosen', 'base_note': 'Bergamotte', 'Anwendungshinweis': ""Lancômes Idôle l'Eau de Toilette kann seine blumigen Duftfacetten am besten entfalten, wenn es aus einer Entfernung von etwa 20 cm auf gut durchblutete und warme Hautstellen, wie Dekolleté, Hals oder auch die Schläfen aufgetragen wird. Zudem ist auch ein Auffrischen zwischendurch immer wieder möglich."", 'application_type': 'Pumpzerstäuber', 'package_contents': '1278533 08 - INGREDIENTS: ALCOHOL • PARFUM / FRAGRANCE • AQUA / WATER / EAU • LIMONENE • LINALOOL • CITRONELLOL • BENZYL SALICYLATE • BUTYL METHOXYDIBENZOYLMETHANE • BENZYL ALCOHOL • HYDROXYCITRONELLAL • GERANIOL • CITRAL • COUMARIN • TRIS(TETRAMETHYLHYDROXYPIPERIDINOL) CITRATE • METHYL 2-OCTYNOATE • EUGENOL • METHYL ANTHRANILATE • CI 14700 / RED 4 • CI 19140 / YELLOW 5 (F.I.L. N70032838/3).', 'Inhalt': '25 ml', 'Produkttyp': 'Eau de Toilette'}"||||||||||||||0|0|2997663_1.png|https://static.mueller.de/pdzoom/3614274078541_1.webp|2997663_2.png|https://static.mueller.de/pdzoom/3614274078541_2.webp||||||||||||||||||||L'Oréal Deutschland GmbH||||||||||25 ml|1278533 08 - INGREDIENTS: ALCOHOL • PARFUM / FRAGRANCE • AQUA / WATER / EAU • LIMONENE • LINALOOL • CITRONELLOL • BENZYL SALICYLATE • BUTYL METHOXYDIBENZOYLMETHANE • BENZYL ALCOHOL • HYDROXYCITRONELLAL • GERANIOL • CITRAL • COUMARIN • TRIS(TETRAMETHYLHYDROXYPIPERIDINOL) CITRATE • METHYL 2-OCTYNOATE • EUGENOL • METHYL ANTHRANILATE • CI 14700 / RED 4 • CI 19140 / YELLOW 5 (F.I.L. N70032838/3).||True||2997663P|||||||||3
2958057|mueller||||||||2024-10-28|minimo Bio Baby Pancakes Hafer Apfel|MINIMO||200|g|Home|Drogerie|Kind & Mama|Babynahrung|Beikost|Desserts|minimo Bio Baby Pancakes Hafer Apfel|6,95 €|6,95 €|||||||||||34,75 € / 1 kg|||EUR|Home> Drogerie> Kind & Mama> Babynahrung> Beikost> Desserts> minimo Bio Baby Pancakes Hafer Apfel|https://www.mueller.at/p/minimo-bio-baby-pancakes-hafer-apfel-IPN2958057/|200 g|Bei den Minimo Bio baby pancakes handelt es sich um fertige Backmischungen für kindgerechte Pancakes.||Verschließe den geöffneten Beutel gut, lager ihn trocken und vor Wärme geschützt. Den Inhalt nach dem Öffnen bitte innerhalb von 3-4 Wochen aufbrauchen.|||Österreich|Kann Spuren von Soja, Sellerie, Senf enthalten.||8 Monate|||{'Nährwerte je': '100g', 'Brennwert': '1506 kj / 357 kcal', 'Fett in g': '4,6', '- davon gesättigte Fettsäuren in g': '1', 'Kohlenhydrate in g': '64,8', '- davon Zucker in g': '10,5', 'Ballaststoffe in g': '8,3', 'Eiweiß in g': '9,9', 'Salz in g': '0,02'}|||||||||||Organic||||"{'Lagerhinweis': 'Verschließe den geöffneten Beutel gut, lager ihn trocken und vor Wärme geschützt. Den Inhalt nach dem Öffnen bitte innerhalb von 3-4 Wochen aufbrauchen.', 'manufacturer': 'Minimo MyFirstMeal GmbH', 'Herstelleradresse': 'Eduard-Kaiser-Straße 6, DE-79540 Lörrach', 'Kontaktmöglichkeit': 'hello@minimo-myfirstmeal.com', 'Herkunftsland': 'Österreich', 'Öko-Kontrollstelle': 'DE-ÖKO-007', 'Altersempfehlung ab': '8 Monate', 'Allergenhinweis': 'Kann Spuren von Soja, Sellerie, Senf enthalten.', 'Inhalt': '200 g', 'Bio': 'Ja', 'Eigenschaften': 'Glutenfrei|Laktosefrei|Ohne Salz|Ohne Zuckerzusatz', 'Zutaten': 'HAFERFLOCKENVOLLKORNMEHL* 88%, Bananenpüree* 11,4%, Reismehl*, Backtriebmittel: Kaliumcarbonat, Thiamin (Vitamin B₁1). *aus kontrolliert biologischem Anbau', 'Produkttyp': 'Desserts', 'Zubereitungshinweis': '1. 25g Backmischung mit 50ml Flüssigkeit* in einer Schüssel gut vermischen und für ca. 3-4 Minuten ziehen lassen. In der Zwischenzeit etwas Fett in einer beschichteten Pfanne erhitzen. 2. Den Teig esslöffelweise (1EL Teig = 1 Baby Pancake) in die Pfanne geben und bei mittlerer Hitze backen. 3. Sobald sich kleine Blasen bilden (nach ca. 3-4 Minuten), die Pancakes wenden und bis zum gewünschten Bräunungsgrad fertig backen.  Servieren: Die Pancakes aus der Pfanne nehmen, auf Verzehrtemperatur (37°C) abkühlen lassen und nach Belieben mit Obstmus oder Früchten verfeinern - Dein Kind wird es lieben! *Die Pancakes können mit 50ml Pflanzendrink, 50ml Vollmilch, 50ml Muttermilch oder auch als Halbmilch-Variante (25ml Wasser + 25ml Milch) zubereitet werden.'}"||||||||||||||0|0|2958057_1.png|https://static.mueller.de/pdzoom/4170000092414.webp|2958057_2.png|https://static.mueller.de/pdzoom/4170000092414_1.webp||||||||||||||||||||Minimo MyFirstMeal GmbH||||||||||200 g|||True||2958057P|||||||||10
2379815|mueller||||||||2024-10-28|Goliath Toys - Verdammt Nochmal - Echt Beschissen|GOLIATH TOYS||1|Stk.|Home|Spielwaren|Spiele & Puzzles|Spiele|Gesellschaftsspiele|Goliath Toys - Verdammt Nochmal - Echt Beschissen||19,99 €|19,99 €|19,99 €|14,99 €||||25%|Sie sparen 25%|||||||EUR|Home> Spielwaren> Spiele & Puzzles> Spiele> Gesellschaftsspiele> Goliath Toys - Verdammt Nochmal - Echt Beschissen|https://www.mueller.at/p/goliath-toys-verdammt-nochmal-echt-beschissen-2379815/|1 Stk.|"Als Ergänzung zu Verdammt Nochmal oder als Einzelspiel. Bei Verdammt Nochmal – Echt Beschissen sind noch viele weitere beschissene Situationen beschrieben und Du entscheidest welche der Situationen schlimmer ist „Du skatest in einen Gully“ oder „Der Bankautomat zieht deine Karte ein“. Bewertet wird dies anhand des „Elends-Index“. Liegst du richtig, darfst du die Karte behalten, ansonsten ist der nächste Spieler an der Reihe. Sieger ist, der als erstes 10 Karten gesammelt hat.
Inhalt: 200 Spielkarten
Spieleranzahl: 2
Spieldauer: ca. 20 Min."||||||||18 Jahre||||||||||||||Non-Organic||||{'target_group': 'Erwachsene', 'Artikelnummer des Herstellers': '76536', 'license': 'Goliath Partyspiele', 'Altersempfehlung ab': '18 Jahre', 'Materialdetails': 'Karton/Papier (Hauptsächlich)', 'Material': 'Karton/Papier (Hauptsächlich)', 'Inhalt': '1 Stk.', 'Produkttyp': 'Psychologie und Konversation'}||||||||Karton/Papier (Hauptsächlich)||||||0|0|2379815_1.png|https://static.mueller.de/6280261877-PV-0/pdzoom/goliath-toys-verdammt-nochmal-echt-beschissen.webp|2379815_2.png|https://static.mueller.de/6280261877-PB-1/pdzoom/goliath-toys-verdammt-nochmal-echt-beschissen.webp|2379815_3.png|https://static.mueller.de/6280261877-PB-2/pdzoom/goliath-toys-verdammt-nochmal-echt-beschissen.webp|2379815_4.png|https://static.mueller.de/6280261877-PB-3/pdzoom/goliath-toys-verdammt-nochmal-echt-beschissen.webp||||||||||||||||76536||||||||||1 Stk.|||True||2379815P|||||||||10
2811795|mueller||||||||2024-10-28|NICI Eule Oscar 25cm mit Gelenk, Kopf drehbar|NICI||1|Stk.|Home|Spielwaren|Kuscheltiere & Puppen|Kuscheltiere|Stofftiere|NICI Eule Oscar 25cm mit Gelenk, Kopf drehbar||22,99 €|22,99 €||||||||||||||EUR|Home> Spielwaren> Kuscheltiere & Puppen> Kuscheltiere> Stofftiere> NICI Eule Oscar 25cm mit Gelenk, Kopf drehbar|https://www.mueller.at/p/nici-eule-oscar-25cm-mit-gelenk-kopf-drehbar-2811795/|1 Stk.|Die Eule Oscar von den Owlsons ist mit seinen blau gestreiften Füßchen und dem orangenen Plüschschnabel einfach super niedlich. Der braun-beige Körper mit dem etwas längeren Plüsch macht ihn zu einem extra soften Plüschfreund. Außerdem kann Oscar seinen Kopf wie eine echte Eule drehen!||||||||0 Jahre||||||||||||||Non-Organic||||{'manufacturer': 'Nici GmbH', 'Herstelleradresse': 'Langheimerstr. 94,96264 Altenkunstadt', 'Altersempfehlung ab': '0 Jahre', 'Altersempfehlung bis': '99 Jahre', 'Inhalt': '1 Stk.', 'Produkttyp': 'Schlenkertiere'}||||||||||||||0|0|2811795_1.png|https://static.mueller.de/7118701068-PV-0/pdzoom/nici-eule-oscar-25cm-mit-gelenk-kopf-drehbar.webp|2811795_2.png|https://static.mueller.de/7118701068-PB-1/pdzoom/nici-eule-oscar-25cm-mit-gelenk-kopf-drehbar.webp|2811795_3.png|https://static.mueller.de/7118701068-PB-2/pdzoom/nici-eule-oscar-25cm-mit-gelenk-kopf-drehbar.webp||||||||||||||||||Nici GmbH||||||||||1 Stk.|||True||2811795P|||||||||10
2997655|mueller||||||||2024-10-28|Dr.Oetker Puddingförmchen 6er Set|DR.OETKER||1|Stk.|Home|Haushalt|Kochen & Backen|Backzubehör|Weiteres Zubehör|Dr.Oetker Puddingförmchen 6er Set||9,99 €|9,99 €||||||||||||||EUR|Home> Haushalt> Kochen & Backen> Backzubehör> Weiteres Zubehör> Dr.Oetker Puddingförmchen 6er Set|https://www.mueller.at/p/dr-oetker-puddingfoermchen-6er-set-IPN2997655/|1 Stk.|Das 6er-Set der Peppa Pig Puddingförmchen bietet eine praktische Möglichkeit, köstliche Desserts zuzubereiten und zu servieren. Jedes Förmchen hat ein Fassungsvermögen von 150 ml und ist ideal für Pudding und andere leckere Nachspeisen geeignet. Die Förmchen sind aus strapazierfähigem Kunststoff gefertigt und spülmaschinengeeignet. Jedes Set enthält nicht nur die Förmchen, sondern auch je zwei Deckel – einen großen Deckel, der für den Aromaschutz sorgt, und einen kleinen Deckel, der das Vakuum beim Stürzen löst.||||||||||||||||||||||Non-Organic||||{'Fassungsvermögen': '150 ml', 'Geeignet für': 'Spuelmaschinen', 'manufacturer': 'Zenker Backformen GmbH & Co. KG', 'Herstelleradresse': 'Fritz-Mayer-Straße 7, 86661 Aichach', 'Kontaktmöglichkeit': 'service@oetker-kitchentools.de', 'Materialdetails': 'strapazierfähigem Kunststoff', 'Material': 'Kunststoff', 'Farbe': 'rot, rosa, violett', 'product_property': 'kühlschrankfest', 'Inhalt': '1 Stk.'}||||||rot, rosa, violett||strapazierfähigem Kunststoff||||||0|0|2997655_1.png|https://static.mueller.de/pdzoom/4044935029527_2_neuu.webp|2997655_2.png|https://static.mueller.de/pdzoom/4044935029527_3_neuu.webp|2997655_3.png|https://static.mueller.de/pdzoom/4044935029527_1_neuu.webp||||||||||||||||||Zenker Backformen GmbH & Co. KG||||||||||1 Stk.|||True||2997655P|||||Spuelmaschinen||||10
2811768|mueller||||||||2024-10-28|NICI Einhorn Theodor 13cm stehend|NICI||1|Stk.|Home|Spielwaren|Kuscheltiere & Puppen|Kuscheltiere|Stofftiere|NICI Einhorn Theodor 13cm stehend||12,99 €|12,99 €||||||||||||||EUR|Home> Spielwaren> Kuscheltiere & Puppen> Kuscheltiere> Stofftiere> NICI Einhorn Theodor 13cm stehend|https://www.mueller.at/p/nici-einhorn-theodor-13cm-stehend-2811768/|1 Stk.|Kuscheltier Einhorn Theodor verzaubert mit großen Kulleraugen, einer wilden, pinken Mähne und zwei aufgestickten Sternen am Rücken.||||||||0 Jahre||||||||||||||Non-Organic||||{'manufacturer': 'Nici GmbH', 'Herstelleradresse': 'Langheimerstr. 94,96264 Altenkunstadt', 'Altersempfehlung ab': '0 Jahre', 'Altersempfehlung bis': '99 Jahre', 'Inhalt': '1 Stk.', 'Produkttyp': 'Schlenkertiere'}||||||||||||||0|0|2811768_1.png|https://static.mueller.de/7118690851-PV-0/pdzoom/nici-einhorn-theodor-13cm-stehend.webp|2811768_2.png|https://static.mueller.de/7118690851-PB-1/pdzoom/nici-einhorn-theodor-13cm-stehend.webp||||||||||||||||||||Nici GmbH||||||||||1 Stk.|||True||2811768P|||||||||10
2997658|mueller||||||||2024-10-28|Dr.Oetker Papiertüten mit Sticker|DR.OETKER||1|Stk.|Home|Haushalt|Kochen & Backen|Backzubehör|Weiteres Zubehör|Dr.Oetker Papiertüten mit Sticker||3,99 €|3,99 €||||||||||||||EUR|Home> Haushalt> Kochen & Backen> Backzubehör> Weiteres Zubehör> Dr.Oetker Papiertüten mit Sticker|https://www.mueller.at/p/dr-oetker-papiertueten-mit-sticker-IPN2997658/|1 Stk.|"Die Papiertüten inklusive Sticker ""Peppa & ihre Freunde"" sind perfekt, um kleine Geschenke oder Leckereien stilvoll zu verpacken. Das Set enthält 16 Papiertüten, die mit einem niedlichen Motiv verziert sind, das Peppa Pig, George, einen Regenbogen, Blumen und Schmetterlinge zeigt. Zusätzlich sind Sticker enthalten, um die Tüten individuell zu gestalten. Diese bunten und kinderfreundlichen Tüten sind eine großartige Möglichkeit, Geschenke oder Mitbringsel liebevoll zu präsentieren."||||||||||||||||||||||Non-Organic||||{'manufacturer': 'Zenker Backformen GmbH & Co. KG', 'Herstelleradresse': 'Fritz-Mayer-Straße 7, 86661 Aichach', 'Kontaktmöglichkeit': 'service@oetker-kitchentools.de', 'Materialdetails': 'Papier', 'Material': 'Papier', 'Inhalt': '1 Stk.'}||||||||Papier||||||0|0|2997658_1.png|https://static.mueller.de/pdzoom/4044935029572_neuu.webp||||||||||||||||||||||Zenker Backformen GmbH & Co. KG||||||||||1 Stk.|||True||2997658P|||||||||10
653048|mueller||||||||2024-10-28|PAPERZONE Stiftebox blau|PAPERZONE||1|Stk.|Home|Schreibwaren|Schule|Federmäppchen|PAPERZONE Stiftebox  blau|||9,99 €|9,99 €||||||||||||||EUR|Home> Schreibwaren> Schule> Federmäppchen> PAPERZONE Stiftebox  blau|https://www.mueller.at/p/paperzone-stiftebox-blau-653048/|1 Stk.|Schlamperbox ungefüllt,mit Klappe für einzelne Stifte.||||||||||||||||||||||Non-Organic||||"{'target_group': 'Grundschüler|Jugendliche', 'Inhalt': '1 Stk.', 'Produkttyp': 'Federmäppchen'}"||||||||||||||0|0|653048_1.png|https://static.mueller.de/pdzoom/9002638147226_PV.webp|653048_2.png|https://static.mueller.de/pdzoom/9002638147226_PD1.webp||||||||||||||||||||||||||||||1 Stk.|||True||653048P|||||||||10
653049|mueller||||||||2024-10-28|PAPERZONE Stiftebox schwarz|PAPERZONE||1|Stk.|Home|Schreibwaren|Schule|Federmäppchen|PAPERZONE Stiftebox schwarz|||9,99 €|9,99 €||||||||||||||EUR|Home> Schreibwaren> Schule> Federmäppchen> PAPERZONE Stiftebox schwarz|https://www.mueller.at/p/paperzone-stiftebox-schwarz-653049/|1 Stk.|Schlamperbox ungefüllt,mit Klappe für einzelne Stifte.||||||||||||||||||||||Non-Organic||||"{'target_group': 'Grundschüler|Jugendliche', 'Farbe': 'schwarz', 'Inhalt': '1 Stk.', 'Produkttyp': 'Federmäppchen'}"||||||schwarz||||||||5.0|2|653049_1.png|https://static.mueller.de/5999270439-PV-0/pdzoom/paperzone-stiftebox-schwarz.webp||||||||||||||||||||||||||||||||1 Stk.|||True||653049P|||||||||10
2997650|mueller||||||||2024-10-28|Dr.Oetker Teigschaber Peppa|DR.OETKER||1|Stk.|Home|Haushalt|Kochen & Backen|Backzubehör|Weiteres Zubehör|Dr.Oetker Teigschaber Peppa||3,99 €|3,99 €||||||||||||||EUR|Home> Haushalt> Kochen & Backen> Backzubehör> Weiteres Zubehör> Dr.Oetker Teigschaber Peppa|https://www.mueller.at/p/dr-oetker-teigschaber-peppa-IPN2997650/|1 Stk.|"Der Teigschaber mit Silikonlaffe ""Peppa & George"" ist ein praktisches Küchenutensil mit niedlichem Peppa Pig-Design. Das Funktionsteil ist lebensmittelecht, geschmacksneutral und fruchtsäurebeständig, was ihn ideal für das Mischen, Schaben und Verteilen von Teig und anderen Lebensmitteln macht. Die Silikonlaffe ist sanft zu empfindlichen Oberflächen und ermöglicht eine effiziente Entnahme von Teigresten. Der Schaber ist zudem spülmaschinengeeignet."||||||||||||||||||||||Non-Organic||||"{'Geeignet für': 'Spuelmaschinen', 'manufacturer': 'Zenker Backformen GmbH & Co. KG', 'Herstelleradresse': 'Fritz-Mayer-Straße 7, 86661 Aichach', 'Kontaktmöglichkeit': 'service@oetker-kitchentools.de', 'Materialdetails': 'Laffe: Silikon; Griff: Kunststoff', 'Material': 'Silikon|Kunststoff', 'Farbe': 'pink', 'Inhalt': '1 Stk.'}"||||||pink||Laffe: Silikon; Griff: Kunststoff||||||0|0|2997650_1.png|https://static.mueller.de/pdzoom/4044935029633_1_neuu.webp|2997650_2.png|https://static.mueller.de/pdzoom/4044935029633_4_neuu.webp|2997650_3.png|https://static.mueller.de/pdzoom/4044935029633_2_neuu.webp|2997650_4.png|https://static.mueller.de/pdzoom/4044935029633_3_neuu.webp||||||||||||||||Zenker Backformen GmbH & Co. KG||||||||||1 Stk.|||True||2997650P|||||Spuelmaschinen||||10
2997651|mueller||||||||2024-10-28|Dr.Oetker Backpinsel Peppa|DR.OETKER||1|Stk.|Home|Haushalt|Kochen & Backen|Backzubehör|Weiteres Zubehör|Dr.Oetker Backpinsel Peppa||3,99 €|3,99 €||||||||||||||EUR|Home> Haushalt> Kochen & Backen> Backzubehör> Weiteres Zubehör> Dr.Oetker Backpinsel Peppa|https://www.mueller.at/p/dr-oetker-backpinsel-peppa-IPN2997651/|1 Stk.|"Der Backpinsel mit Silikonborsten ""Peppa & George"" ist ein praktisches Küchenwerkzeug mit einem charmanten Peppa Pig-Design am Griff. Das hochwertige Platinsilikon-Funktionsteil dieses Pinsels ist lebensmittelecht, geschmacksneutral und fruchtsäurebeständig, was ihn ideal für das Auftragen von Soßen, Marinaden und Butter während des Kochens und Backens macht. Nach Gebrauch kann der Pinsel problemlos in der Spülmaschine gereinigt werden."||||||||||||||||||||||Non-Organic||||"{'Geeignet für': 'Spuelmaschinen', 'manufacturer': 'Zenker Backformen GmbH & Co. KG', 'Herstelleradresse': 'Fritz-Mayer-Straße 7, 86661 Aichach', 'Kontaktmöglichkeit': 'service@oetker-kitchentools.de', 'Materialdetails': 'Silikonborsten, Kunststoffgriff', 'Material': 'Silikon|Kunststoff', 'Farbe': 'pink', 'Inhalt': '1 Stk.'}"||||||pink||Silikonborsten, Kunststoffgriff||||||0|0|2997651_1.png|https://static.mueller.de/pdzoom/4044935029626_1_neuu.webp|2997651_2.png|https://static.mueller.de/pdzoom/4044935029626_3_neuu.webp|2997651_3.png|https://static.mueller.de/pdzoom/4044935029626_2_neuu.webp|2997651_4.png|https://static.mueller.de/pdzoom/4044935029626_4_neuu.webp||||||||||||||||Zenker Backformen GmbH & Co. KG||||||||||1 Stk.|||True||2997651P|||||Spuelmaschinen||||10
2997652|mueller||||||||2024-10-28|Dr.Oetker Kuchenlöser Peppa|DR.OETKER||1|Stk.|Home|Haushalt|Kochen & Backen|Backzubehör|Weiteres Zubehör|Dr.Oetker Kuchenlöser Peppa||4,99 €|4,99 €||||||||||||||EUR|Home> Haushalt> Kochen & Backen> Backzubehör> Weiteres Zubehör> Dr.Oetker Kuchenlöser Peppa|https://www.mueller.at/p/dr-oetker-kuchenloeser-peppa-IPN2997652/|1 Stk.|"Der Kunststoff Kuchenlöser ""Peppa & George"" ist ein praktisches Küchenwerkzeug, das sich ideal zum Lösen oder Schneiden von Kuchen auf empfindlichen Flächen eignet. Der Griff ist mit niedlichen Peppa Pig und George Designs verziert, was das Werkzeug besonders kinderfreundlich macht. Hergestellt aus hochwertigem Kunststoff, ist der Kuchenlöser langlebig und spülmaschinengeeignet. Mit den fröhlichen Farben Rosa, Weiß und Bunt bringt dieses Küchenutensil Spaß und Farbe in jede Küche und ist perfekt für Peppa Pig-Fans jeden Alters geeignet."||||||||||||||||||||||Non-Organic||||{'Geeignet für': 'Spuelmaschinen', 'manufacturer': 'Zenker Backformen GmbH & Co. KG', 'Herstelleradresse': 'Fritz-Mayer-Straße 7, 86661 Aichach', 'Kontaktmöglichkeit': 'service@oetker-kitchentools.de', 'Materialdetails': 'hochwertiger Kunststoff', 'Material': 'Kunststoff', 'Farbe': 'rosa, weiß', 'Inhalt': '1 Stk.'}||||||rosa, weiß||hochwertiger Kunststoff||||||0|0|2997652_1.png|https://static.mueller.de/pdzoom/4044935029688_neuu.webp||||||||||||||||||||||Zenker Backformen GmbH & Co. KG||||||||||1 Stk.|||True||2997652P|||||Spuelmaschinen||||10
2958089|mueller||||||||2024-10-28|ZADIG&VOLTAIRE This Is Really Him! Eau de Toilette|ZADIG&VOLTAIRE||50|ml|Home|Parfümerie|Düfte für Ihn|Düfte|ZADIG&VOLTAIRE This Is Really Him! Eau de Toilette|||76,95 €|76,95 €|||||||||||1 539,00 € / 1 l|||EUR|Home> Parfümerie> Düfte für Ihn> Düfte> ZADIG&VOLTAIRE This Is Really Him! Eau de Toilette|https://www.mueller.at/p/zadig-voltaire-this-is-really-him-eau-de-toilette-IPN2958089/|50 ml|"This is Really Him! Der neue intensive Herrenduft von ZADIG&VOLTAIREThis Is Really Him! ist der neue Herrenduft von ZADIG&VOLTAIRE – ein Duft für Liebende, die sich auf ein leidenschaftliches Abenteuer begeben und durch die Straßen von Paris ziehen, während der Tag zur Nacht wird und die Nacht zum Tag. Er zelebriert den Lebensstil von Zadig und ist das duftende Äquivalent zu dem metallischen Lederstück in Ihrem Kleiderschrank, das von der Abenddämmerung bis zum Morgengrauen und zurück getragen werden kann.
Der mutigste Herrenduft von ZADIG&VOLTAIREDer intensive ZADIG&VOLTAIRE Herrenduft This Is Really Him! ist ein holziger Amberduft, der die Schatten der Pariser Nacht mit seinem eleganten Day-to-Night Duft erhellt. Die Kopfnote besteht aus leuchtenden Zitrusnoten von Grapefruit und Zitrone, die den Duft mit einem Hauch von Frische eröffnen. Die Herznote des Parfüms offenbart einen fesselnden, metallischen Orangenblütenakkord, bevor die warmen Noten des Palo-Santo-Akkordes und Amberholznuancen einen verführerischen Duft hinterlassen.
Ein umweltbewussteres ParfümDer Flakon von This Is Really Him! ist zu 13%* leichter und besteht zu 15% aus recyceltem Glas.*Vergleich zwischen einem This is Him! 50ml-Flakon und einem This is Really Him! EdP Intense 50ml-Flakon.
Ein Parfümflakon mit modischem AnspruchInspiriert von den leuchtenden Schatten einer unvergesslichen Pariser Nacht, ist der Flakon des Parfüms This Is Really Him! in einem kühlen Silberton gestaltet. Das kultige ZADIG&VOLTAIRE-Etikett wurde mit einem Metallic-Finish versehen, das den metallischen Akkord des Parfüms widerspiegelt und für einen anziehenden Look sorgt, der von morgens bis abends anhält."||||||||||||||||||||||Non-Organic||||{'target_group': 'Herren', 'manufacturer': 'Shiseido Germany GmbH', 'Herstelleradresse': 'Kaistraße 20a, 40221 Düsseldorf', 'fragrance_concentration': 'Eau de Toilette', 'fragrance_note': 'holzig', 'top_note': 'Leuchtende Grapefruit & strahlende Zitrone', 'heart_note': 'Metallischer Orangenblütenakkord', 'base_note': 'Palo Santo & ambrierte Hölzer', 'Anwendungshinweis': 'Die Zadig-Methode zum Auftragen des Parfüms Sprühen Sie This Is Really Him! zunächst leicht auf die Haut. Intensivieren Sie dann Ihren Duft, indem Sie ihn auf Ihre Pulspunkte auftragen - die Innenseite der Handgelenke, die Ellenbogenfalte, den Hals und hinter den Ohren – damit sich das Parfüm von morgens bis abends gleichmäßig entfalten kann.', 'application_type': 'Pumpzerstäuber', 'package_contents': 'ALCOHOL, PARFUM (FRAGRANCE), AQUA (WATER), BUTYL METHOXYDIBENZOYLMETHANE, DIETHYLAMINO HYDROXYBENZOYL HEXYL BENZOATE, LIMONENE, LINALOOL, CITRONELLOL, CITRIC ACID, COUMARIN, GERANIOL, CINNAMAL, CITRAL, CI 60730 (EXT. VIOLET 2), CI 14700 (RED 4), CI 42090 (BLUE 1), CI 19140 (YELLOW 5)', 'Inhalt': '50 ml', 'Produkttyp': 'Eau de Toilette'}||||||||||||||4.6667|51|2958089_1.png|https://static.mueller.de/pdzoom/3423222106188_1.webp|2958089_2.png|https://static.mueller.de/pdzoom/3423222106188_2.webp|2958089_3.png|https://static.mueller.de/pdzoom/3423222106188_3.webp|2958089_4.png|https://static.mueller.de/pdzoom/3423222106188_4.webp|2958089_5.png|https://static.mueller.de/pdzoom/3423222106188_5.webp||||||||||||||Shiseido Germany GmbH||||||||||50 ml|ALCOHOL, PARFUM (FRAGRANCE), AQUA (WATER), BUTYL METHOXYDIBENZOYLMETHANE, DIETHYLAMINO HYDROXYBENZOYL HEXYL BENZOATE, LIMONENE, LINALOOL, CITRONELLOL, CITRIC ACID, COUMARIN, GERANIOL, CINNAMAL, CITRAL, CI 60730 (EXT. VIOLET 2), CI 14700 (RED 4), CI 42090 (BLUE 1), CI 19140 (YELLOW 5)||True||2958089P|||||||||10
653058|mueller||||||||2024-10-28|Fries - 58427 Schwert mit Scheide|FRIES||1|Stk.|Home|Spielwaren|Kostüme & Partyartikel|Kostüme & Schminke|Fries - 58427 Schwert mit Scheide|||12,99 €|12,99 €||||||||||||||EUR|Home> Spielwaren> Kostüme & Partyartikel> Kostüme & Schminke> Fries - 58427 Schwert mit Scheide|https://www.mueller.at/p/fries-58427-schwert-mit-scheide-653058/|1 Stk.|Schwert mit Scheide der Firma Fritz Fries & Söhne GmbH & Co. KG. Material: Kunststoff||||||||14 Jahre||||||||||||||Non-Organic||||"{'Anleitungssprache': 'de|fr', 'target_group': 'Jugendliche|Erwachsene', 'Artikelnummer des Herstellers': '58427', 'license': 'Fries Accessoires', 'Altersempfehlung ab': '14 Jahre', 'Altersempfehlung bis': '99 Jahre', 'Inhalt': '1 Stk.', 'Produkttyp': 'Sonstiges Kostümzubehör'}"||||||||||||||0|0|653058_1.png|https://static.mueller.de/404904206-VV-0/pdzoom/fries-58427-schwert-mit-scheide.webp||||||||||||||||||||||58427||||||||||1 Stk.|||False||653058P|||||||||1
2379849|mueller||||||||2024-10-28|Asmodee - Exploding Kittens|ASMODEE||1|Stk.|Home|Spielwaren|Spiele & Puzzles|Spiele|Kartenspiele|Asmodee - Exploding Kittens||21,99 €|21,99 €||||||||||||||EUR|Home> Spielwaren> Spiele & Puzzles> Spiele> Kartenspiele> Asmodee - Exploding Kittens|https://www.mueller.at/p/asmodee-exploding-kittens-2379849/|1 Stk.|"Ein Kartenspiel für Liebhaber von Katzen und Explosionen und Laserstrahlen und … natürlich Ziegen!
Exploding Kittens ist das explosionsstärkste Katzenspiel (ähm, Kartenspiel!) aller Zeiten! Eine taktische Version von Russisch Roulette – nur eben mit Kätzchen statt Patronen. Die Spieler ziehen reihum Karten, bis einer ein Exploding Kitten zieht. Derjenige explodiert sofort, stirbt und scheidet aus – es sei denn, er hat eine Karte zur Entschärfung. Mit ihr kann er das Kätzchen beruhigen und vom Explodieren abhalten, zum Beispiel mithilfe eines Laserpointers, Katzenminze oder durch Bauchkraulen. Alle anderen Karten dienen nur einem Zweck: zu verhindern, dass man ein Exploding Kitten zieht.
Spieldauer 15+ Minuten.
2 - 5 Spieler"||||||||7 Jahre||||||||||||||Non-Organic||||"{'target_group': 'Grundschüler|Jugendliche', 'Artikelnummer des Herstellers': 'ASMD0007', 'license': 'Asmodee Kartenspiele', 'Altersempfehlung ab': '7 Jahre', 'Materialdetails': 'Karton/Papier (Hauptsächlich)', 'Inhalt': '1 Stk.', 'Produkttyp': 'Kartenspiele'}"||||||||Karton/Papier (Hauptsächlich)||||||0|0|2379849_1.png|https://static.mueller.de/6236016796-PV-0/pdzoom/asmodee-exploding-kittens.webp|2379849_2.png|https://static.mueller.de/6236016796-PR-1/pdzoom/asmodee-exploding-kittens.webp|2379849_3.png|https://static.mueller.de/6236016796-PB-2/pdzoom/asmodee-exploding-kittens.webp|2379849_4.png|https://static.mueller.de/6236016796-PB-3/pdzoom/asmodee-exploding-kittens.webp|2379849_5.png|https://static.mueller.de/6236016796-PB-4/pdzoom/asmodee-exploding-kittens.webp|2379849_6.png|https://static.mueller.de/6236016796-PB-5/pdzoom/asmodee-exploding-kittens.webp||||||||||||ASMD0007||||||||||1 Stk.|||True||2379849P|||||||||10
2997642|mueller||||||||2024-10-28|Dr.Oetker Präge-Ausstecher-Set Peppa 4-tlg.|DR.OETKER||1|Stk.|Home|Haushalt|Kochen & Backen|Auflauf- & Backformen|Dr.Oetker Präge-Ausstecher-Set Peppa 4-tlg.|||8,99 €|8,99 €||||||||||||||EUR|Home> Haushalt> Kochen & Backen> Auflauf- & Backformen> Dr.Oetker Präge-Ausstecher-Set Peppa 4-tlg.|https://www.mueller.at/p/dr-oetker-praege-ausstecher-set-peppa-4-tlg-IPN2997642/|1 Stk.|"Das 4-teilige Präge-Ausstecher-Set ""Peppa & ihre Familie"" ist ein vielseitiges Werkzeug, um Ihre Backkreationen zu verschönern. Mit diesen Ausstechern können nicht nur die Umrisse von Peppa Pig und ihrer Familie gestaltet, sondern auch die charakteristischen Designs auf die Kekse geprägt werden. Jeder Ausstecher verfügt über zwei Seiten: Eine Seite zum präzisen Ausstechen der Kontur und eine andere Seite, um die feinen Details einzuprägen, was Ihren Gebäcken eine beeindruckende Detailtreue verleiht. Die Ausstecher sind aus strapazierfähigem Kunststoff gefertigt, spülmaschinengeeignet und in den frischen Farben türkis, blau, rot und orange erhältlich. "||||||||||||||||||||||Non-Organic||||{'Geeignet für': 'Spuelmaschinen', 'manufacturer': 'Zenker Backformen GmbH & Co. KG', 'Herstelleradresse': 'Fritz-Mayer-Straße 7, 86661 Aichach', 'Kontaktmöglichkeit': 'service@oetker-kitchentools.de', 'Materialdetails': 'strapazierfähiger Kunststoff', 'Material': 'Kunststoff', 'Farbe': 'türkis, blau, rot, orange', 'Inhalt': '1 Stk.'}||||||türkis, blau, rot, orange||strapazierfähiger Kunststoff||||||0|0|2997642_1.png|https://static.mueller.de/pdzoom/4044935029558_1_neuu.webp|2997642_2.png|https://static.mueller.de/pdzoom/4044935029558_7_neuu.webp|2997642_3.png|https://static.mueller.de/pdzoom/4044935029558_8_neuu.webp|2997642_4.png|https://static.mueller.de/pdzoom/4044935029558_2_neuu.webp|2997642_5.png|https://static.mueller.de/pdzoom/4044935029558_6_neuu.webp|2997642_6.png|https://static.mueller.de/pdzoom/4044935029558_4_neuu.webp||||||||||||Zenker Backformen GmbH & Co. KG||||||||||1 Stk.|||True||2997642P|||||Spuelmaschinen||||10
2997643|mueller||||||||2024-10-28|Dr.Oetker Party-Picker Peppa|DR.OETKER||1|Stk.|Home|Haushalt|Kochen & Backen|Backzubehör|Weiteres Zubehör|Dr.Oetker Party-Picker Peppa||4,49 €|4,49 €||||||||||||||EUR|Home> Haushalt> Kochen & Backen> Backzubehör> Weiteres Zubehör> Dr.Oetker Party-Picker Peppa|https://www.mueller.at/p/dr-oetker-party-picker-peppa-IPN2997643/|1 Stk.|"Die Papier Party-Picker ""Peppa, Freunde & Familie"" von Dr. Oetker sind ein farbenfrohes und unterhaltsames Zubehör für jede Party. Mit 24 Stück in einer Packung sind sie perfekt zum Verzieren von Muffins, Cupcakes und anderen Leckereien. Jeder Party-Picker ist mit verschiedenen Designs von Peppa und ihren Freunden wie Schorsch, Mama Pig, Papa Pig, Zoe Zebra und anderen verziert. Die Picker haben eine Länge von 10 cm und bestehen aus hochwertigem Holz."||||||||||||||||||||||Non-Organic||||"{'manufacturer': 'Zenker Backformen GmbH & Co. KG', 'Herstelleradresse': 'Fritz-Mayer-Straße 7, 86661 Aichach', 'Kontaktmöglichkeit': 'service@oetker-kitchentools.de', 'Materialdetails': 'hochwertiges Holz, Papier', 'Material': 'Holz|Papier', 'Inhalt': '1 Stk.'}"||||||||hochwertiges Holz, Papier||||||0|0|2997643_1.png|https://static.mueller.de/pdzoom/4044935029589_1_neuu.webp|2997643_2.png|https://static.mueller.de/pdzoom/4044935029589_2_neuu.webp||||||||||||||||||||Zenker Backformen GmbH & Co. KG||||||||||1 Stk.|||True||2997643P|||||||||10
2997644|mueller||||||||2024-10-28|Dr.Oetker Kuchen-Topper Peppa 12-tlg.|DR.OETKER||1|Stk.|Home|Haushalt|Kochen & Backen|Backzubehör|Weiteres Zubehör|Dr.Oetker Kuchen-Topper Peppa 12-tlg.||4,49 €|4,49 €||||||||||||||EUR|Home> Haushalt> Kochen & Backen> Backzubehör> Weiteres Zubehör> Dr.Oetker Kuchen-Topper Peppa 12-tlg.|https://www.mueller.at/p/dr-oetker-kuchen-topper-peppa-12-tlg-IPN2997644/|1 Stk.|"Das 12-teilige Set der Papier Kuchen-Topper ""Peppa & Familie"" bietet eine charmante Möglichkeit, Kuchen und Desserts zu verschönern. Hergestellt aus umweltfreundlichem Birkenholz und Mix-Papier, sind sie nachhaltig und hochwertig. Das Set enthält 12 extra große Designs, darunter die beliebten Peppa Pig-Charaktere und einen Dinosaurier, ideal als Kuchen-Topper. Die mitgelieferten 10 cm langen Holzpicker ermöglichen einfaches Einsetzen. In lebhaften Farben gestaltet, bringen sie eine fröhliche Atmosphäre in Ihre Backprojekte und setzen Peppa Pig und ihre Familie in den Mittelpunkt Ihrer Köstlichkeiten."||||||||||||||||||||||Non-Organic||||"{'manufacturer': 'Zenker Backformen GmbH & Co. KG', 'Herstelleradresse': 'Fritz-Mayer-Straße 7, 86661 Aichach', 'Kontaktmöglichkeit': 'service@oetker-kitchentools.de', 'Materialdetails': 'Birkenholz und Mix-Papier', 'Material': 'Holz|Papier', 'Inhalt': '1 Stk.'}"||||||||Birkenholz und Mix-Papier||||||0|0|2997644_1.png|https://static.mueller.de/pdzoom/4044935029596_1_neuu.webp|2997644_2.png|https://static.mueller.de/pdzoom/4044935029596_2_neuu.webp||||||||||||||||||||Zenker Backformen GmbH & Co. KG||||||||||1 Stk.|||True||2997644P|||||||||10
2997647|mueller||||||||2024-10-28|Dr.Oetker Motiv-Kerzen Peppa|DR.OETKER||1|Stk.|Home|Haushalt|Kochen & Backen|Backzubehör|Weiteres Zubehör|Dr.Oetker Motiv-Kerzen Peppa||3,99 €|3,99 €||||||||||||||EUR|Home> Haushalt> Kochen & Backen> Backzubehör> Weiteres Zubehör> Dr.Oetker Motiv-Kerzen Peppa|https://www.mueller.at/p/dr-oetker-motiv-kerzen-peppa-IPN2997647/|1 Stk.|"Die Motiv-Kerzen mit Halter ""Peppa und George"" sind eine entzückende Möglichkeit, Torten, Kuchen und Cupcakes zu dekorieren. Das Set besteht aus zwei 3D-Kerzen, die Peppa und George darstellen. Jede Kerze ist etwa 5 x 7 cm groß und wird mit einem Kerzenhalter und einer Wachsauffangschale geliefert, um die Sicherheit beim Anzünden zu gewährleisten. "||||||||||||||||||||||Non-Organic||||{'manufacturer': 'Zenker Backformen GmbH & Co. KG', 'Herstelleradresse': 'Fritz-Mayer-Straße 7, 86661 Aichach', 'Kontaktmöglichkeit': 'service@oetker-kitchentools.de', 'Materialdetails': 'Wachs', 'Material': 'Wachs', 'Inhalt': '1 Stk.'}||||||||Wachs||||||0|0|2997647_1.png|https://static.mueller.de/pdzoom/4044935029602_neuu.webp||||||||||||||||||||||Zenker Backformen GmbH & Co. KG||||||||||1 Stk.|||True||2997647P|||||||||10
2997648|mueller||||||||2024-10-28|Dr.Oetker Backschürze Peppa|ZENKER||1|Stk.|Home|Haushalt|Wohnen & Dekorieren|Heimtextilien|Küchentextilien|Schürzen|Dr.Oetker Backschürze Peppa|9,99 €|9,99 €||||||||||||||EUR|Home> Haushalt> Wohnen & Dekorieren> Heimtextilien> Küchentextilien> Schürzen> Dr.Oetker Backschürze Peppa|https://www.mueller.at/p/dr-oetker-backschuerze-peppa-IPN2997648/|1 Stk.|"Die kleine Back-Schürze ""Peppa & George"" ist perfekt für junge Nachwuchsbäcker und angehende Köche geeignet. Mit ihren fröhlichen Peppa Pig Design verleiht sie dem Kochen und Backen eine kinderfreundliche Note. Die Schürze besteht aus 100% Polyester und verfügt über ein längenverstellbares Baumwoll-Band, um eine bequeme Passform zu gewährleisten. Sie ist bis zu +40°C waschbar und in bunten Farben gehalten."||||||||||||||||||||||Non-Organic||||{'Pflegehinweis': 'Normalwaschgang 40°C', 'manufacturer': 'Zenker Backformen GmbH & Co. KG', 'Herstelleradresse': 'Fritz-Mayer-Straße 7, 86661 Aichach', 'Kontaktmöglichkeit': 'service@oetker-kitchentools.de', 'Materialdetails': '100% Polyester', 'Inhalt': '1 Stk.'}||||||||100% Polyester||||||0|0|2997648_1.png|https://static.mueller.de/pdzoom/4044935029664_1_neuu.webp|2997648_2.png|https://static.mueller.de/pdzoom/4044935029664_2_neuu.webp||||||||||||||Normalwaschgang 40°C||||||Zenker Backformen GmbH & Co. KG||||||||||1 Stk.|||True||2997648P|||||||||10
2958082|mueller||||||||2024-10-28|Funko - POP! - Star Wars: Clone Wars - 332 Company Trooper Vinyl|FUNKO - POP!||1|Stk.|Home|Spielwaren|Verkehr & Action|Actionspielzeug|Funko - POP! - Star Wars: Clone Wars - 332 Company Trooper Vinyl|||17,99 €|17,99 €||||||||||||||EUR|Home> Spielwaren> Verkehr & Action> Actionspielzeug> Funko - POP! - Star Wars: Clone Wars - 332 Company Trooper Vinyl|https://www.mueller.at/p/funko-pop-star-wars-clone-wars-332-company-trooper-vinyl-IPN2958082/|1 Stk.|Funko - POP! - Star Wars: Clone Wars - 332 Company Trooper Vinyl||||||||6 Jahre||||||||||||||Non-Organic||||"{'target_group': 'Grundschüler|Jugendliche', 'Artikelnummer des Herstellers': '71252', 'license': 'Funko Star Wars', 'Altersempfehlung ab': '6 Jahre', 'Inhalt': '1 Stk.', 'Produkttyp': 'Action Figuren'}"||||||||||||||0|0|2958082_1.png|https://static.mueller.de/pdzoom/889698712521.webp|2958082_2.png|https://static.mueller.de/pdzoom/889698712521_2.webp|2958082_3.png|https://static.mueller.de/pdzoom/889698712521_3.webp||||||||||||||||||71252||||||||||1 Stk.|||False||2958082P|||||||||1
2958083|mueller||||||||2024-10-28|Funko - Bitty Pop! Friends 4-Pack, 1 Stück, sortiert|FUNKO - POP!||1|Stk.|Home|Spielwaren|Verkehr & Action|Actionspielzeug|Funko - Bitty Pop! Friends 4-Pack, 1 Stück, sortiert|||16,00 €|16,00 €|16,00 €|9,00 €||||44%|Sie sparen 44%|||||||EUR|Home> Spielwaren> Verkehr & Action> Actionspielzeug> Funko - Bitty Pop! Friends 4-Pack, 1 Stück, sortiert|https://www.mueller.at/p/funko-bitty-pop-friends-4-pack-1-stueck-sortiert-IPN2958083/|1 Stk.|Funko - Bitty Pop! Friends 4-Pack, 1 Stück, sortiert||||||||6 Jahre||||||||||||||Non-Organic||||"{'target_group': 'Grundschüler|Jugendliche', 'Artikelnummer des Herstellers': '77002', 'license': 'Funko TV', 'Altersempfehlung ab': '6 Jahre', 'Inhalt': '1 Stk.', 'Produkttyp': 'Action Figuren'}"||||||||||||||0|0|2958083_1.png|https://static.mueller.de/pdzoom/889698730501.webp|2958083_2.png|https://static.mueller.de/pdzoom/889698730501_5.webp|2958083_3.png|https://static.mueller.de/pdzoom/889698730501_10.webp|2958083_4.png|https://static.mueller.de/pdzoom/889698730501_6.webp|2958083_5.png|https://static.mueller.de/pdzoom/889698730501_4.webp|2958083_6.png|https://static.mueller.de/pdzoom/889698730501_7.webp||||||||||||77002||||||||||1 Stk.|||False||2958083P|||||||||1
2958084|mueller||||||||2024-10-28|Funko - POP! - Boxed Tee X-Men - Group Größe L|FUNKO - POP!||1|Stk.|Home|Spielwaren|Verkehr & Action|Actionspielzeug|Funko - POP! - Boxed Tee X-Men - Group Größe L|||24,99 €|24,99 €||||||||||||||EUR|Home> Spielwaren> Verkehr & Action> Actionspielzeug> Funko - POP! - Boxed Tee X-Men - Group Größe L|https://www.mueller.at/p/funko-pop-boxed-tee-x-men-group-groesse-l-IPN2958084/|1 Stk.|Funko - POP! - Boxed Tee X-Men - Group Größe L||||||||6 Jahre||||||||||||||Non-Organic||||"{'target_group': 'Grundschüler|Jugendliche', 'Artikelnummer des Herstellers': '74494', 'license': 'Funko Others', 'Altersempfehlung ab': '6 Jahre', 'Inhalt': '1 Stk.', 'Produkttyp': 'Action Figuren'}"||||||||||||||0|0|2958084_1.png|https://static.mueller.de/pdzoom/889698744942.webp||||||||||||||||||||||74494||||||||||1 Stk.|||True||2958084P|||||||||1
2958085|mueller||||||||2024-10-28|SHISEIDO Vital Perfection Concentrated Supreme Cream|SHISEIDO||50|ml|Home|Parfümerie|Pflege|Gesichtspflege|Spezialpflege|24h-Pflege|SHISEIDO Vital Perfection Concentrated Supreme Cream|157,95 €|157,95 €|||||||||||3 159,00 € / 1 l|||EUR|Home> Parfümerie> Pflege> Gesichtspflege> Spezialpflege> 24h-Pflege> SHISEIDO Vital Perfection Concentrated Supreme Cream|https://www.mueller.at/p/shiseido-vital-perfection-concentrated-supreme-cream-IPN2958085/|50 ml|Die innovative leistungsstarke Creme ist auf die besonderen Bedürfnisse der reifen Haut ab 60+ abgestimmt.  Liftet, festigt & redefiniert reife Haut in 1 Woche.* *Verbrauchertest mit 110 Frauen  Vital Perfection Concentrated Supreme Cream wirkt effektiv gegen die Anzeichen von Konturverlust, tiefen Falten, Pigmentflecken und einen unebenmäßigen Hautton. Die Haut erscheint sichtbar gefestigt, gestrafft und strahlend.  Die 24h-Gesichtscreme kombiniert 3 Schlüsseltechnologien:  1. Hohe Konzentration des patentierten SafflowerRED™, das die Selbstregeneration und das Nährstoffnetzwerk der Haut fördert. 2. Die Sculpturist Technology verleiht ein modelliertes Aussehen.   3. ReneuraRED Technology™  liefert schnelle und dauerhaft sichtbare Ergebnisse.  Nicht komedogen. Dermatologisch getestet.||||||||||||||||||||||Non-Organic||||"{'target_group': 'Damen|Herren|Unisex', 'manufacturer': 'SHISEIDO GERMANY GmbH', 'Herstelleradresse': 'Kaistr. 20,  40221 Düsseldorf', 'Anwendungshinweis': 'Nach der Reinigung und dem Softener auftragen. 1. Neigen Sie den Kopf bei geschlossenem Mund nach oben, um den Hals zu strecken, und halten Sie diese Position für 10 Sekunden. 2. Spitzen Sie die Lippen und bleiben 10 Sekunden lang in dieser Position. 3. Ziehen Sie die Mundwinkel nach außen und halten diese Position 10 Sekunden lang.  FÜR EINE VOLLSTÄNDIGE ROUTINE FÜR REIFE HAUT 1. Tragen Sie Vital Perfection Uplifting and Firming Eye Cream morgens und abends auf. 2. Verwenden Sie die Concentrated Supreme Creme morgens und abends. 3. Abschließend Vital Perfection LiftDefine Radiance Night Concentrate als letzten Schritt Ihrer Pflegeroutine am Abend auftragen, um einen modellierenden Effekt zu erzielen.', 'package_contents': 'WATER(AQUA/EAU), BUTYLENE GLYCOL, GLYCERIN, TRIETHYLHEXANOIN, DIMETHICONE, ALCOHOL, PROPANEDIOL, PHYTOSTERYL MACADAMIATE, PPG-3 DIPIVALATE, GLYCERYL STEARATE SE, SILICA, SQUALANE, HYDROGENATED POLYDECENE, CETEARYL ALCOHOL, PEG-100 STEARATE, BEHENYL ALCOHOL, PEG/PPG-14/7 DIMETHYL ETHER, POTASSIUM METHOXYSALICYLATE, HYDROGENATED POLYISOBUTENE, TOCOPHERYL ACETATE, PEG/PPG-17/4 DIMETHYL ETHER, ROSA DAMASCENA FLOWER WATER, CAFFEINE, LAVANDULA ANGUSTIFOLIA (LAVENDER) OIL, SAPINDUS MUKOROSSI PEEL EXTRACT, CARTHAMUS TINCTORIUS (SAFFLOWER) FLOWER EXTRACT, ANGELICA KEISKEI LEAF/STEM EXTRACT, CRATAEGUS MONOGYNA FLOWER EXTRACT, SANGUISORBA OFFICINALIS ROOT EXTRACT, LAMIUM ALBUM FLOWER/LEAF/STEM EXTRACT, PANAX GINSENG ROOT EXTRACT, CAMELLIA SINENSIS LEAF EXTRACT, INOSITOL, ZIZIPHUS JUJUBA FRUIT EXTRACT, PYROLA INCARNATA EXTRACT, POTENTILLA ERECTA ROOT EXTRACT, CHLORELLA VULGARIS EXTRACT, ROSMARINUS OFFICINALIS (ROSEMARY) LEAF EXTRACT (ROSMARINUS OFFICINALIS LEAF EXTRACT), BUPLEURUM FALCATUM ROOT EXTRACT, BUTYROSPERMUM PARKII (SHEA) BUTTER, STEARYL ALCOHOL, SODIUM ACRYLATE/SODIUM ACRYLOYLDIMETHYL TAURATE COPOLYMER, COPERNICIA CERIFERA (CARNAUBA) WAX(COPERNICIA CERIFERA CERA/CIRE DE CARNAUBA), HYDROGENATED PALM OIL, ISOHEXADECANE, ELAEIS GUINEENSIS (PALM) KERNEL OIL, ELAEIS GUINEENSIS (PALM) OIL, POLYSORBATE 80, SORBITAN TRISTEARATE, DISODIUM EDTA, SUCCINOGLYCAN, SODIUM CITRATE, SORBITAN OLEATE, SODIUM METAPHOSPHATE, CITRIC ACID, LIMONENE, TOCOPHEROL, HEXYL CINNAMAL, LINALOOL, CITRONELLOL, SODIUM METABISULFITE, ALPINIA SPECIOSA LEAF EXTRACT, PHENOXYETHANOL, FRAGRANCE (PARFUM), IRON OXIDES (CI 77491), IRON OXIDES (CI 77492),   <M110823-712>', 'skin_type': 'reife Haut', 'product_property': 'festigend|glättend|Pigmentflecken aufhellend|straffend', 'Inhalt': '50 ml', 'scope_of_application': 'Spezialpflege', 'Produkttyp': '24h-Pflege'}"||||||||||||||4.873|63|2958085_1.png|https://static.mueller.de/pdzoom/768614210108.webp|2958085_2.png|https://static.mueller.de/pdzoom/768614210108_5.webp|||2958085_4.png|https://static.mueller.de/pdzoom/768614210108_1.webp|2958085_5.png|https://static.mueller.de/pdzoom/768614210108_3.webp|2958085_6.png|https://static.mueller.de/pdzoom/768614210108_2.webp||||||||||||SHISEIDO GERMANY GmbH||||||||||50 ml|WATER(AQUA/EAU), BUTYLENE GLYCOL, GLYCERIN, TRIETHYLHEXANOIN, DIMETHICONE, ALCOHOL, PROPANEDIOL, PHYTOSTERYL MACADAMIATE, PPG-3 DIPIVALATE, GLYCERYL STEARATE SE, SILICA, SQUALANE, HYDROGENATED POLYDECENE, CETEARYL ALCOHOL, PEG-100 STEARATE, BEHENYL ALCOHOL, PEG/PPG-14/7 DIMETHYL ETHER, POTASSIUM METHOXYSALICYLATE, HYDROGENATED POLYISOBUTENE, TOCOPHERYL ACETATE, PEG/PPG-17/4 DIMETHYL ETHER, ROSA DAMASCENA FLOWER WATER, CAFFEINE, LAVANDULA ANGUSTIFOLIA (LAVENDER) OIL, SAPINDUS MUKOROSSI PEEL EXTRACT, CARTHAMUS TINCTORIUS (SAFFLOWER) FLOWER EXTRACT, ANGELICA KEISKEI LEAF/STEM EXTRACT, CRATAEGUS MONOGYNA FLOWER EXTRACT, SANGUISORBA OFFICINALIS ROOT EXTRACT, LAMIUM ALBUM FLOWER/LEAF/STEM EXTRACT, PANAX GINSENG ROOT EXTRACT, CAMELLIA SINENSIS LEAF EXTRACT, INOSITOL, ZIZIPHUS JUJUBA FRUIT EXTRACT, PYROLA INCARNATA EXTRACT, POTENTILLA ERECTA ROOT EXTRACT, CHLORELLA VULGARIS EXTRACT, ROSMARINUS OFFICINALIS (ROSEMARY) LEAF EXTRACT (ROSMARINUS OFFICINALIS LEAF EXTRACT), BUPLEURUM FALCATUM ROOT EXTRACT, BUTYROSPERMUM PARKII (SHEA) BUTTER, STEARYL ALCOHOL, SODIUM ACRYLATE/SODIUM ACRYLOYLDIMETHYL TAURATE COPOLYMER, COPERNICIA CERIFERA (CARNAUBA) WAX(COPERNICIA CERIFERA CERA/CIRE DE CARNAUBA), HYDROGENATED PALM OIL, ISOHEXADECANE, ELAEIS GUINEENSIS (PALM) KERNEL OIL, ELAEIS GUINEENSIS (PALM) OIL, POLYSORBATE 80, SORBITAN TRISTEARATE, DISODIUM EDTA, SUCCINOGLYCAN, SODIUM CITRATE, SORBITAN OLEATE, SODIUM METAPHOSPHATE, CITRIC ACID, LIMONENE, TOCOPHEROL, HEXYL CINNAMAL, LINALOOL, CITRONELLOL, SODIUM METABISULFITE, ALPINIA SPECIOSA LEAF EXTRACT, PHENOXYETHANOL, FRAGRANCE (PARFUM), IRON OXIDES (CI 77491), IRON OXIDES (CI 77492),   <M110823-712>||True||2958085P|||||||||10
2958086|mueller||||||||2024-10-28|ZADIG&VOLTAIRE This Is Really Her! Eau de Parfum Intense|ZADIG&VOLTAIRE||30|ml|Home|Parfümerie|Düfte für Sie|Düfte|ZADIG&VOLTAIRE This Is Really Her! Eau de Parfum Intense|||67,95 €|67,95 €|||||||||||2 265,00 € / 1 l|||EUR|Home> Parfümerie> Düfte für Sie> Düfte> ZADIG&VOLTAIRE This Is Really Her! Eau de Parfum Intense|https://www.mueller.at/p/zadig-voltaire-this-is-really-her-eau-de-parfum-intense-IPN2958086/|30 ml|"This is Really Her! Der neue Damenduft von ZADIG&VOLTAIREThis Is Really Her! ist der intensive neue Damenduft von ZADIG&VOLTAIRE. Ein packendes neues Kapitel in der This Is! Liebesgeschichte und ein Duft, der Sie vom Tag in die Nacht und von der Nacht in den Tag begleitet, wie eine Metallic-Lederjacke von ZADIG&VOLTAIRE. Für ein grenzenloses Abenteuer, wohin das Leben Sie auch führt.
Ein gewagter floraler Duft mit AmbernotenThis Is Really Her! ist ein neuer floraler Amberduft mit gewagter Intensität. Das Eau de Parfum Intense funkelt mit leuchtenden Noten von rosa Beeren, die durch grüne Akzente von Basilikum-Rosen-Noten hervorgehoben werden. Ein magnetischer, metallischer Akkord aus Rose und Kastanie bildet das schimmernde, verführerische Herzstück des Duftes. Die süchtig machende Basisnote wird durch warme Tiefen von Honig, Patschuli und Amber sowie eine sinnliche Duftnote unterstrichen, die vom Morgengrauen bis zur Abenddämmerung anhält.
Ein umweltbewussteres ParfümDer Flakon von This Is Really Her! Eau de Parfum Intense besteht zu 15 % aus recyceltem Glas und ist 13 % leichter.**Vergleich zwischen einem This is Her! 50ml-Flakon und einem This is Really Her! EdP Intense 50ml-Flakon.
Ein Flakon im Metallic-DesignDas moderne Design von This Is Really Her! ist von der ZADIG&VOLTAIRE Mode inspiriert, mit einem Day-to-Night Look aus metallischem Leder. Das schillernde, goldene Glas erinnert an die funkelnden Lichter eines nächtlichen Abenteuers in Paris und ist mit einem funkelnden Metallic-Effekt verziert, der dem Parfüm einen besonderen Touch verleiht."||||||||||||||||||||||Non-Organic||||{'target_group': 'Damen', 'manufacturer': 'Shiseido Germany GmbH', 'Herstelleradresse': 'Kaistraße 20a, 40221 Düsseldorf', 'fragrance_concentration': 'Eau de Parfum Intense', 'fragrance_note': 'blumig', 'top_note': 'Helle Noten von rosa Beeren und Basilikum-Rose-Akkord', 'heart_note': 'Metallische Rose & Kastanienakkord', 'base_note': 'Labdanum, Patschuli & Sandelholz', 'Anwendungshinweis': 'So tragen Sie Ihr Parfüm: Sprühen Sie This Is Really Her! auf Ihre Pulspunkte – Ihr Dekolleté, Ihre Handgelenke und die Innenseite Ihrer Ellenbogen – damit die Wärme Ihres Körpers den sinnlichen Duft von morgens bis abends verbreiten kann.', 'application_type': 'Pumpzerstäuber', 'package_contents': 'ALCOHOL, PARFUM (FRAGRANCE), AQUA (WATER), BUTYL METHOXYDIBENZOYLMETHANE, DIETHYLAMINO HYDROXYBENZOYL HEXYL BENZOATE, CITRONELLOL, GERANIOL, COUMARIN, BENZYL BENZOATE, LIMONENE, TRIS(TETRAMETHYLHYDROXYPIPERIDINOL) CITRATE, ISOEUGENOL, LINALOOL, CITRAL, CI 14700 (RED 4), CI 60730 (EXT. VIOLET 2), CI 19140 (YELLOW 5)', 'Inhalt': '30 ml', 'Produkttyp': 'Eau de Parfum'}||||||||||||||4.5926|54|2958086_1.png|https://static.mueller.de/pdzoom/3423222106133_1.webp|2958086_2.png|https://static.mueller.de/pdzoom/3423222106133_2.webp|2958086_3.png|https://static.mueller.de/pdzoom/3423222106133_4neu.webp|2958086_4.png|https://static.mueller.de/pdzoom/3423222106133_5.webp|2958086_5.png|https://static.mueller.de/pdzoom/3423222106133_4.webp||||||||||||||Shiseido Germany GmbH||||||||||30 ml|ALCOHOL, PARFUM (FRAGRANCE), AQUA (WATER), BUTYL METHOXYDIBENZOYLMETHANE, DIETHYLAMINO HYDROXYBENZOYL HEXYL BENZOATE, CITRONELLOL, GERANIOL, COUMARIN, BENZYL BENZOATE, LIMONENE, TRIS(TETRAMETHYLHYDROXYPIPERIDINOL) CITRATE, ISOEUGENOL, LINALOOL, CITRAL, CI 14700 (RED 4), CI 60730 (EXT. VIOLET 2), CI 19140 (YELLOW 5)||False||2958086P|||||||||10
2997641|mueller||||||||2024-10-28|Dr.Oetker Messlöffel-Set Peppa 5-tlg.|DR.OETKER||1|Stk.|Home|Haushalt|Kochen & Backen|Backzubehör|Weiteres Zubehör|Dr.Oetker Messlöffel-Set Peppa 5-tlg.||7,99 €|7,99 €||||||||||||||EUR|Home> Haushalt> Kochen & Backen> Backzubehör> Weiteres Zubehör> Dr.Oetker Messlöffel-Set Peppa 5-tlg.|https://www.mueller.at/p/dr-oetker-messloeffel-set-peppa-5-tlg-IPN2997641/|1 Stk.|"Das Messlöffel-Set ""Peppa"" mit 5 Teilen ist ein praktisches Küchenwerkzeug für schnelles und einfaches Abmessen verschiedenster Lebensmittel. Die Löffel haben Kapazitäten von 1 Cup (250 ml), 1/2 Cup (125 ml), 1/4 Cup und 1/8 Cup für eine präzise und exakte Dosierung. Sie sind aus hochwertigem Kunststoff gefertigt und spülmaschinengeeignet, was die Reinigung mühelos macht. Das niedliche Peppa Pig-Design auf dem Boden der Löffel verleiht ihnen eine kinderfreundliche Note. In verschiedenen Rosatönen gehalten, sind diese Messlöffel nicht nur funktional, sondern auch dekorativ und praktisch in Ihrer Küche einsetzbar."||||||||||||||||||||||Non-Organic||||{'Geeignet für': 'Spuelmaschinen', 'manufacturer': 'Zenker Backformen GmbH & Co. KG', 'Herstelleradresse': 'Fritz-Mayer-Straße 7, 86661 Aichach', 'Kontaktmöglichkeit': 'service@oetker-kitchentools.de', 'Materialdetails': 'hochwertiger Kunststoff', 'Material': 'Kunststoff', 'Farbe': 'verschiedene Rosatöne', 'Inhalt': '1 Stk.'}||||||verschiedene Rosatöne||hochwertiger Kunststoff||||||0|0|2997641_1.png|https://static.mueller.de/pdzoom/4044935029640_1_neuu.webp|2997641_2.png|https://static.mueller.de/pdzoom/4044935029640_3_neuu.webp|2997641_3.png|https://static.mueller.de/pdzoom/4044935029640_4_neuu.webp|2997641_4.png|https://static.mueller.de/pdzoom/4044935029640_2_neuu.webp||||||||||||||||Zenker Backformen GmbH & Co. KG||||||||||1 Stk.|||True||2997641P|||||Spuelmaschinen||||10
2958079|mueller||||||||2024-10-28|BIO PRIMO Bio Kürbiskerne natur|BIO PRIMO||225|g|Home|Drogerie|Lebensmittel|Nahrung|Nüsse & Trockenfrüchte|BIO PRIMO Bio Kürbiskerne natur||2,95 €|2,95 €|||||||||||13,11 € / 1 kg|||EUR|Home> Drogerie> Lebensmittel> Nahrung> Nüsse & Trockenfrüchte> BIO PRIMO Bio Kürbiskerne natur|https://www.mueller.at/p/bio-primo-bio-kuerbiskerne-natur-IPN2958079/|225 g|Bio Kürbiskerne naturbelassen, keimreduziert||Trocken und vor Wärme geschützt lagern|||Österreich|Kann Spuren von glutenhaltigen Getreide und Soja enthalten|||||{'Nährwerte je': '100 g', 'Brennwert': '2413 kj / 582 kcal', 'Fett in g': '46', '- davon gesättigte Fettsäuren in g': '9,4', 'Kohlenhydrate in g': '2', '- davon Zucker in g': '1,4', 'Eiweiß in g': '37', 'Salz in g': '0,03'}|||||||||||Organic||||"{'Lagerhinweis': 'Trocken und vor Wärme geschützt lagern', 'manufacturer': 'Estyria Naturprodukte GmbH', 'Herstelleradresse': 'Wollsdorf 75, AT-8181 St. Ruprecht/Raab', 'Herkunftsland': 'Österreich', 'Öko-Kontrollstelle': 'AT-Bio-402', 'Allergenhinweis': 'Kann Spuren von glutenhaltigen Getreide und Soja enthalten', 'Inhalt': '225 g', 'Bio': 'Ja', 'Eigenschaften': 'Laktosefrei|Vegan', 'Zutaten': 'Bio Kürbiskerne naturbelassen', 'Produkttyp': 'Nüsse, Saaten & Trockenfrüchte'}"||||||||||||||0|0|2958079_1.png|https://static.mueller.de/pdzoom/2200295807980.webp||||||||||||||||||||||Estyria Naturprodukte GmbH||||||||||225 g|||True||2958079P|||||||||10
2248063|mueller||||||||2024-10-28|rayher Runddocht für draußen|RAYHER||2|m|Home|Schreibwaren|Bastelbedarf|Bastelsets|rayher Runddocht für draußen|||1,99 €|1,99 €|||||||||||1,00 € / 1 m|||EUR|Home> Schreibwaren> Bastelbedarf> Bastelsets> rayher Runddocht für draußen|https://www.mueller.at/p/rayher-runddocht-fuer-draussen-IPN2248063/|2 m|Runddocht für draußen, Nr.9, SB-Btl 2m||||||||||||||||||||||Non-Organic||||{'scope_of_delivery': '1 Beutel', 'manufacturer': 'Rayher Hobby GmbH', 'Herstelleradresse': 'Fockestr. 15 ,88471 Laupheim', 'Artikelnummer des Herstellers': '3101000', 'Material': 'Baumwolle', 'Höhe': '125 mm', 'Breite': '83 mm', 'Tiefe': '8 mm', 'Inhalt': '2 m', 'Produkttyp': 'Bastelsets'}||||||||||||||0|0|2248063_1.png|https://static.mueller.de/pdzoom/4006166561511.webp||||||||||||||||||||||Rayher Hobby GmbH||||||||||2 m|||True||2248063P|||||||||10
2379838|mueller||||||||2024-10-28|Bicycle - Poker-Kartendeck Bourbon|BICYCLE||1|Stk.|Home|Spielwaren|Spiele & Puzzles|Spiele|Kartenspiele|Bicycle - Poker-Kartendeck Bourbon||8,99 €|8,99 €|8,99 €|7,99 €||||11%|Sie sparen 11%|||||||EUR|Home> Spielwaren> Spiele & Puzzles> Spiele> Kartenspiele> Bicycle - Poker-Kartendeck Bourbon|https://www.mueller.at/p/bicycle-poker-kartendeck-bourbon-2379838/|1 Stk.|Die Marke Bicycle ist seit 1885 eine feste Größe in der Pokerwelt. Die hochwertigen Kartendecks genießen einen exzellenten Ruf bei Profis sowie bei Amateuren. Seit über 100 Jahren steht der Name Bicycle für Innovation, Vielfalt und hohe Produktqualität. Die Karten werden bei zahlreichen Pokerturnieren, auch in Profiligen, eingesetzt. Seit 2007 spielt die World Series of Poker, die größte Turnierserie der Welt, mit Karten von Bicycle.||||||||7 Jahre||||||||||||||Non-Organic||||"{'target_group': 'Grundschüler|Erwachsene|Jugendliche', 'Artikelnummer des Herstellers': '23952', 'license': 'Bicycle Kartenspiele', 'Altersempfehlung ab': '7 Jahre', 'Materialdetails': 'Karton/Papier (Hauptsächlich)', 'Inhalt': '1 Stk.', 'Produkttyp': 'Kartenspiele'}"||||||||Karton/Papier (Hauptsächlich)||||||5.0|1|2379838_1.png|https://static.mueller.de/pdzoom/2379838.webp|2379838_2.png|https://static.mueller.de/pdzoom/2379838_10.webp|2379838_3.png|https://static.mueller.de/pdzoom/2379838_3.webp|2379838_4.png|https://static.mueller.de/pdzoom/2379838_4.webp|2379838_5.png|https://static.mueller.de/pdzoom/2379838_2.webp|2379838_6.png|https://static.mueller.de/pdzoom/2379838_9.webp||||||||||||23952||||||||||1 Stk.|||True||2379838P|||||||||10
22870|mueller||||||||2024-10-28|PAPERZONE Heft A4 Lineatur 21 32 Blatt|PAPERZONE||1|Stk.|Home|Schreibwaren|Büro|Bürobedarf|Hefte|PAPERZONE Heft A4 Lineatur 21  32 Blatt||1,39 €|1,39 €||||||||||||||EUR|Home> Schreibwaren> Büro> Bürobedarf> Hefte> PAPERZONE Heft A4 Lineatur 21  32 Blatt|https://www.mueller.at/p/paperzone-heft-a4-lineatur-21-32-blatt-22870/|1 Stk.|"it`s CREATIVE SCHOOL.
80g Papier aus chlorfrei gebleichtem Zellstoff."||||||||||||||||||||||Non-Organic||||{'Grammatur in g/m2': '80', 'Lineatur': 'Lineatur 21', 'scope_of_delivery': '1 Stück', 'Blatt': '32', 'Inhalt': '1 Stk.', 'Produkttyp': 'Hefte'}||||||||||||||5.0|1|22870_1.png|https://static.mueller.de/6616328220-PV-0/pdzoom/paperzone-heft-a4-lineatur-21-32-blatt.webp||||||||||||||||||||||||||||||||1 Stk.|||True||22870P|||||||||20
2522982|mueller||||||||2024-10-28|Amscan - Zahlenkerze 0 Dots & Stripes 7,6 cm|AMSCAN||1|Stk.|Home|Spielwaren|Kostüme & Partyartikel|Geburtstag & Party|Amscan - Zahlenkerze 0 Dots & Stripes 7,6 cm|||0,99 €|0,99 €||||||||||||||EUR|Home> Spielwaren> Kostüme & Partyartikel> Geburtstag & Party> Amscan - Zahlenkerze 0 Dots & Stripes 7,6 cm|https://www.mueller.at/p/amscan-zahlenkerze-0-dots-stripes-7-6-cm-2522982/|1 Stk.|"Zahlenkerze 0 Dots & Stripes 7,6cm
Kerze auf Holzpicker"||||||||3 Jahre||||||||||||||Non-Organic||||"{'target_group': 'Kindergartenkinder|Grundschüler', 'manufacturer': 'Amscan Europe GmbH', 'Herstelleradresse': 'Dettinger Str. 148, DE-73230 Kirchheim/Teck', 'Kontaktmöglichkeit': 'aeu_productsafety@amsan-europe.com, https://www.amscan-europe.com/', 'Artikelnummer des Herstellers': 'INT996430', 'license': 'Amscan Dots & Stripes', 'Altersempfehlung ab': '3 Jahre', 'Inhalt': '1 Stk.', 'Produkttyp': 'Dekoartikel', 'Produktlinie': 'AMSCAN DOTS & STRIPES'}"||||||||||||||0|0|2522982_1.png|https://static.mueller.de/6630728066-PV-0/pdzoom/amscan-zahlenkerze-0-dots-stripes-7-6-cm.webp||||||||||||||||||||||Amscan Europe GmbH||||||||||1 Stk.|||False||2522982P|||||||||1
2522988|mueller||||||||2024-10-28|Amscan - Zahlenkerze 6 Dots & Stripes 7,6 cm|AMSCAN||1|Stk.|Home|Spielwaren|Kostüme & Partyartikel|Geburtstag & Party|Amscan - Zahlenkerze 6 Dots & Stripes 7,6 cm|||0,99 €|0,99 €||||||||||||||EUR|Home> Spielwaren> Kostüme & Partyartikel> Geburtstag & Party> Amscan - Zahlenkerze 6 Dots & Stripes 7,6 cm|https://www.mueller.at/p/amscan-zahlenkerze-6-dots-stripes-7-6-cm-2522988/|1 Stk.|"Zahlenkerze 6 Dots & Stripes 7,6cm
Kerze auf Holzpicker"||||||||3 Jahre||||||||||||||Non-Organic||||"{'target_group': 'Kindergartenkinder|Grundschüler', 'manufacturer': 'Amscan Europe GmbH', 'Herstelleradresse': 'Dettinger Str. 148, DE-73230 Kirchheim/Teck', 'Kontaktmöglichkeit': 'aeu_productsafety@amsan-europe.com, https://www.amscan-europe.com/', 'Artikelnummer des Herstellers': 'INT996436', 'license': 'Amscan Dots & Stripes', 'Altersempfehlung ab': '3 Jahre', 'Inhalt': '1 Stk.', 'Produkttyp': 'Dekoartikel', 'Produktlinie': 'AMSCAN DOTS & STRIPES'}"||||||||||||||0|0|2522988_1.png|https://static.mueller.de/6630728071-PV-0/pdzoom/amscan-zahlenkerze-6-dots-stripes-7-6-cm.webp||||||||||||||||||||||Amscan Europe GmbH||||||||||1 Stk.|||False||2522988P|||||||||1
2537395|mueller||||||||2024-10-28|rayher Kissenbezug mit Reißverschluss 40x40cm Weiss|RAYHER||1|Stk.|Home|Schreibwaren|Bastelbedarf|Bastelsets|rayher Kissenbezug mit Reißverschluss 40x40cm Weiss|||7,49 €|7,49 €||||||||||||||EUR|Home> Schreibwaren> Bastelbedarf> Bastelsets> rayher Kissenbezug mit Reißverschluss 40x40cm Weiss|https://www.mueller.at/p/rayher-kissenbezug-mit-reissverschluss-40x40cm-weiss-IPN2537395/|1 Stk.|"Gestalte dein ganz persönliches Must-have! Fantasievoll mit Hilfe von Schablonen oder frei Hand bemalt verziert dein individuell gestaltetes Kuschelkissen Bett oder Sofa.

Kissenhülle mit Reißverschluss, 40 x 40 cm, im der Trendfarbe Grau. Der Stoff ist bei 30°C waschbar (Schonwaschgang), bügelbar (Niedrigtemperatur, 110°C), Trockner geeignet (Niedrigtemperatur, schonend). Kann nicht gebleicht und chemisch gereinigt werden."||||||||||||||||||||||Non-Organic||||{'manufacturer': 'Rayher Hobby GmbH', 'Herstelleradresse': 'Fockestr. 15 ,88471 Laupheim', 'Artikelnummer des Herstellers': '3828800', 'Inhalt': '1 Stk.', 'Produkttyp': 'Sonstiges'}||||||||||||||0|0|2537395_1.png|https://static.mueller.de/pdzoom/4006166444654.webp|2537395_2.png|https://static.mueller.de/pdzoom/4006166444654_2.webp|2537395_3.png|https://static.mueller.de/pdzoom/4006166444654_3.webp||||||||||||||||||Rayher Hobby GmbH||||||||||1 Stk.|||False||2537395P|||||||||1
2522993|mueller||||||||2024-10-28|Amscan - Zahlenkerze 8 Dots & Stripes 7,6 cm|AMSCAN||1|Stk.|Home|Spielwaren|Kostüme & Partyartikel|Geburtstag & Party|Amscan - Zahlenkerze 8 Dots & Stripes 7,6 cm|||0,99 €|0,99 €||||||||||||||EUR|Home> Spielwaren> Kostüme & Partyartikel> Geburtstag & Party> Amscan - Zahlenkerze 8 Dots & Stripes 7,6 cm|https://www.mueller.at/p/amscan-zahlenkerze-8-dots-stripes-7-6-cm-2522993/|1 Stk.|"Zahlenkerze 8 Dots & Stripes 7,6cm
Kerze auf Holzpicker"||||||||3 Jahre||||||||||||||Non-Organic||||"{'target_group': 'Kindergartenkinder|Grundschüler', 'manufacturer': 'Amscan Europe GmbH', 'Herstelleradresse': 'Dettinger Str. 148, DE-73230 Kirchheim/Teck', 'Kontaktmöglichkeit': 'aeu_productsafety@amsan-europe.com, https://www.amscan-europe.com/', 'Artikelnummer des Herstellers': 'INT996438', 'license': 'Amscan Dots & Stripes', 'Altersempfehlung ab': '3 Jahre', 'Inhalt': '1 Stk.', 'Produkttyp': 'Dekoartikel', 'Produktlinie': 'AMSCAN DOTS & STRIPES'}"||||||||||||||0|0|2522993_1.png|https://static.mueller.de/6630728073-PV-0/pdzoom/amscan-zahlenkerze-8-dots-stripes-7-6-cm.webp||||||||||||||||||||||Amscan Europe GmbH||||||||||1 Stk.|||False||2522993P|||||||||1
2522995|mueller||||||||2024-10-28|WESTMARK Ausstechform XXL STERN|WESTMARK||1|Stk.|Home|Haushalt|Kochen & Backen|Auflauf- & Backformen|WESTMARK Ausstechform XXL STERN|||3,99 €|3,99 €||||||||||||||EUR|Home> Haushalt> Kochen & Backen> Auflauf- & Backformen> WESTMARK Ausstechform XXL STERN|https://www.mueller.at/p/westmark-ausstechform-xxl-stern-2522995/|1 Stk.|Besonders große Ausstechform zum Backen eines Lebkuchensterns. Aus säurebeständigem und hochwertigem Edelstahl.  Mit Rezept. 12 cm groß.||||||||||||||||||||||Non-Organic||||{'manufacturer': 'Westmark GmbH', 'Herstelleradresse': 'Bielefelder Str. 125, 57368 Lennestadt-Elspe', 'Kontaktmöglichkeit': 'info@westmark.de', 'Farbe': 'Grau', 'Inhalt': '1 Stk.'}||||||Grau||||||||0|0|2522995_1.png|https://static.mueller.de/6627497637-PV-0/pdzoom/westmark-ausstechform-xxl-stern.webp||||||||||||||||||||||Westmark GmbH||||||||||1 Stk.|||False||2522995P|||||||||1
22852|mueller||||||||2024-10-28|HERMA Hefthülle A5 transparent|HERMA||1|Stk.|Home|Spielwaren|Buch & Schulbedarf|Schulranzen & Taschen|HERMA Hefthülle A5 transparent|||0,29 €|0,29 €||||||||||||||EUR|Home> Spielwaren> Buch & Schulbedarf> Schulranzen & Taschen> HERMA Hefthülle A5 transparent|https://www.mueller.at/p/herma-hefthuelle-a5-transparent-22852/|1 Stk.|Schulhefte knicken leicht. Damit sie nicht schmutzig werden oder kaputt gehen, sollten sie von einem Heftschoner geschützt werden. HERMA hat für alle Schüler und Schülerinnen abwechslungsreiche Heftschoner in verschiedenen Farben parat. Diese überzeugen mit Qualität und umweltschonenden Eigenschaften. Die HERMA Heftschoner dürfen daher in keinem Schulranzen fehlen.||||||||||||||||||||||Non-Organic||||{'Inhalt': '1 Stk.', 'Produkttyp': 'Sonstiger Schulbedarf'}||||||||||||||5.0|1|22852_1.png|https://static.mueller.de/6486313429-PV-0/pdzoom/herma-hefthuelle-a5-transparent.webp||||||||||||||||||||||||||||||||1 Stk.|||True||22852P|||||||||10
2747001|mueller||||||||2024-10-28|Ecover Weichspüler Gardenie & Vanille|ECOVER||750|ml|Home|Drogerie|Haushalt|Waschen|Weichspüler|Ecover Weichspüler Gardenie & Vanille||2,25 €|2,25 €|||||||||||3,00 € / 1 l|||EUR|Home> Drogerie> Haushalt> Waschen> Weichspüler> Ecover Weichspüler Gardenie & Vanille|https://www.mueller.at/p/ecover-weichspueler-gardenie-vanille-2747001/|750 ml|"PRODUKTINFORMATIONEN
• Pflegt sanft & erfrischt
• Rezeptur beinhaltet palmölfreie Aktivstoffe auf Basis von europäischem Rapsöl: für wunderbar weiche und herrlich duftende Kleidung
• Dermatologisch getestet auf empfindlicher Haut
• Hergestellt in unserer „TRUE Zero Waste“ zertifizierten Fabrik (Platinum Status),SAUBERER INHALT
• Mit biologisch abbaubaren Inhaltsstoffen
• Alle Inhaltsstoffe sind biologisch abbaubar (DID-Liste/OECD-Tests), außer Mineralien,SAUBERE FLASCHE
• Flaschenkörper besteht zu 100% aus recyceltem Plastik (PCR) und ist zu 100% recycelbar
• Verschluss besteht zu mindestens 99% aus recyceltem Plastik (PCR) und ist ebenfalls zu 100% recycelbar Rezeptur beinhaltet palmölfreie Aktivstoffe auf Basis von europäischem Rapsöl: für wunderbar weiche und herrlich duftende KleidungVegan friendly, da pflanzenbasiertFlaschenkörper besteht zu 100% aus recyceltem Plastik (PCR)"||||||||||||||||||||||Non-Organic||||{'manufacturer': 'EPC N.V.', 'Herstelleradresse': 'INDUSTRIEWEG 3, 2390 MALLE, BELGIUM.', 'Kontaktmöglichkeit': 'ecover.com', 'Anwendungshinweis': 'Nicht für Seide geeignet. Nicht für flammhemmende. Textilien anwenden. Nicht direkt auf die Wäsche geben. \n\nDosierung: 1 Dosierbecher = 40ml \nFür 4-5 kg Wäsche brauchst Du:\n30ml für weiche Wäsche und \n60ml für extra weiche Wäsche. \n\nDosierbecher mit ml-Angaben zur erleichterten Abmessung. Bei 60ml idealerweise 2x30ml dosieren.', 'package_contents': 'INHALTSSTOFFE: 5-15%: kationische Tenside. <5%: Duftstoffe (Hexyl cinnamal, Citronellol), Lactic acid.', 'Inhalt': '750 ml', 'Produkttyp': 'Weichspüler'}||||||||||||||5.0|2|2747001_1.png|https://static.mueller.de/markant_05412533420180_pv_4497673/pdzoom/ecover-weichspueler-gardenie-vanille.webp|2747001_2.png|https://static.mueller.de/markant_05412533420180_pr_4497674/pdzoom/ecover-weichspueler-gardenie-vanille.webp|2747001_3.png|https://static.mueller.de/markant_05412533420180_pd_3002403/pdzoom/ecover-weichspueler-gardenie-vanille.webp|2747001_4.png|https://static.mueller.de/markant_05412533420180_pd_3002405/pdzoom/ecover-weichspueler-gardenie-vanille.webp|2747001_5.png|https://static.mueller.de/markant_05412533420180_pd_3002404/pdzoom/ecover-weichspueler-gardenie-vanille.webp|2747001_6.png|https://static.mueller.de/markant_05412533420180_pd_3002402/pdzoom/ecover-weichspueler-gardenie-vanille.webp||||||||||||EPC N.V.||||||||||750 ml|INHALTSSTOFFE: 5-15%: kationische Tenside. <5%: Duftstoffe (Hexyl cinnamal, Citronellol), Lactic acid.||True||2747001P||||Darf nicht in die Hände von Kindern gelangen.|||||10
2747003|mueller||||||||2024-10-28|Ecover Waschmittel Flüssig Zero|ECOVER||1.5|l|Home|Naturshop|Haushalt|Waschen|Ecover Waschmittel Flüssig Zero|||9,45 €|9,45 €|||||||||||6,30 € / 1 l|||EUR|Home> Naturshop> Haushalt> Waschen> Ecover Waschmittel Flüssig Zero|https://www.mueller.at/p/ecover-waschmittel-fluessig-zero-2747003/|1.5 l|"PRODUKTINFORMATIONEN
• Reinigt, pflegt und erhält OHNE Duft- und Farbstoffe
• Optimierte Rezeptur mit pflanzenbasierten, aktiven Inhaltsstoffen. Diese helfen, Kleidung länger zu erhalten.
• Dermatologisch getestet 
• Besonders geeignet für Allergiker
• Vegan friendly, da pflanzenbasiert,SAUBERER INHALT
• Inhaltsstoffe auf pflanzlicher und mineralischer Basis
• Gründliche Reinigung: entfernt die meisten Flecken bereits ab 20°C. Bei hartnäckigen Flecken werden die besten Ergebnisse bei 40°C erzielt.
• Hergestellt in unserer „TRUE Zero Waste“ zertifizierten Fabrik (Platinum Status),SAUBERE FLASCHE
• Flaschenkörper besteht zu 100% aus recyceltem Plastik (PCR) und ist zu 100% recycelbar
• Verschluss besteht zu mindestens 99% aus recyceltem Plastik (PCR) und ist ebenfalls zu 100% recycelbar 0% Parfum; 0% FarbstoffFlaschenkörper besteht zu 100% aus recyceltem Plastik (PCR)Verschluss besteht zu mindestens 99% aus recyceltem Plastik (PCR) und ist ebenfalls zu 100% recycelbar"||An einem gut belüfteten Ort aufbewahren. Kühl halten. In der Originalverpackung aufbewahren||||||||||||||||||||Non-Organic||||"{'Lagerhinweis': 'An einem gut belüfteten Ort aufbewahren. Kühl halten. In der Originalverpackung \naufbewahren', 'manufacturer': 'EPC N.V.', 'Herstelleradresse': 'INDUSTRIEWEG 3, 2390 MALLE, BELGIUM.', 'Kontaktmöglichkeit': 'ecover.com', 'Anwendungshinweis': 'Für bunte Wäsche geeignet. Wäsche vorsortieren und die Pflegehinweise in den Textilien beachten. Maschine gemäß den Anweisungen des Herstellers bedienen. Dosierung nach Wasserhärte, Verschmutzungsgrad und Füllmenge anpassen. Nicht für Wolle und Seide geeignet.', 'package_contents': 'INHALTSSTOFFE: 5-15%: nichtionische Tenside, anionische Tenside. <5%: Seife, Enzyme.', 'product_property': 'Buntwäsche|Weißwäsche', 'Inhalt': '1.5 l', 'Produkttyp': 'Weiß- & Vollwaschmittel'}"||||||||||||||5.0|2|2747003_1.png|https://static.mueller.de/markant_05412533418170_pv_4350658/pdzoom/ecover-waschmittel-fluessig-zero.webp|2747003_2.png|https://static.mueller.de/markant_05412533418170_pr_4350659/pdzoom/ecover-waschmittel-fluessig-zero.webp|2747003_3.png|https://static.mueller.de/markant_05412533418170_pd_3023934/pdzoom/ecover-waschmittel-fluessig-zero.webp|2747003_4.png|https://static.mueller.de/markant_05412533418170_pd_3002748/pdzoom/ecover-waschmittel-fluessig-zero.webp|2747003_5.png|https://static.mueller.de/markant_05412533418170_pd_3002749/pdzoom/ecover-waschmittel-fluessig-zero.webp|2747003_6.png|https://static.mueller.de/markant_05412533418170_pd_3023937/pdzoom/ecover-waschmittel-fluessig-zero.webp||||||||||||EPC N.V.||||||||||1.5 l|INHALTSSTOFFE: 5-15%: nichtionische Tenside, anionische Tenside. <5%: Seife, Enzyme.||False||2747003P||||Achtung H319 - Verursacht schwere Augenreizung.|||||1
22864|mueller||||||||2024-10-28|LEITZ Register A4 6-tlg. mehrfarbig|LEITZ||1|Stk.|Home|Schreibwaren|Büro|Ordner & Mappen|Zubehör|LEITZ Register A4 6-tlg. mehrfarbig||2,05 €|2,05 €||||||||||||||EUR|Home> Schreibwaren> Büro> Ordner & Mappen> Zubehör> LEITZ Register A4 6-tlg. mehrfarbig|https://www.mueller.at/p/leitz-register-a4-6-tlg-mehrfarbig-22864/|1 Stk.|"Extrastarkes Kartonregister. Deckblatt mit Rasteraufdruck zur einfachen Beschriftung und farbige Taben für eine bessere Übersichtlichkeit.Taben in sechs Farben für eine bessere Übersichtlichkeit
Deckblatt mit Rasteraufdruck zur einfachen Beschriftung
1 Pack mit 25 ST
Extrastarker Karton 230 g/m² (RC)
Hergestellt aus hochwertigem Recyclingkarton, Blauer Engel"||||||||||||||||||||||Non-Organic||||{'Material': 'Karton', 'Farbe': 'mehrfarbig', 'Inhalt': '1 Stk.', 'Produkttyp': 'Zubehör'}||||||mehrfarbig||||||||0|0|22864_1.png|https://static.mueller.de/6486207710-PV-0/pdzoom/leitz-register-a4-6-tlg-mehrfarbig.webp||||||||||||||||||||||||||||||||1 Stk.|||True||22864P|||||||||10
22865|mueller||||||||2024-10-28|PAGNA Register A4 Pappe farbig blanko 10teilig|PAGNA||10|Stk.|Home|Schreibwaren|Büro|Ordner & Mappen|Zubehör|PAGNA Register A4 Pappe farbig blanko 10teilig||1,49 €|1,49 €|||||||||||1,49 € / 10 Stk.|||EUR|Home> Schreibwaren> Büro> Ordner & Mappen> Zubehör> PAGNA Register A4 Pappe farbig blanko 10teilig|https://www.mueller.at/p/pagna-register-a4-pappe-farbig-blanko-10teilig-22865/|10 Stk.|5teiliges, farbiges Register aus Tauenpapier (RC), 110 g/qm  mit Eurolochung. Mit beschriftbarem Deckblatt  für A4, 225 x 297 mm.||||||||||||||||||||||Non-Organic||||{'scope_of_delivery': '10 Stück', 'Inhalt': '10 Stk.', 'Produkttyp': 'Zubehör'}||||||||||||||0|0|22865_1.png|https://static.mueller.de/6486207646-PV-0/pdzoom/pagna-register-a4-pappe-farbig-blanko-10teilig.webp||||||||||||||||||||||||||||||||10 Stk.|||True||22865P|||||||||10
2155938|mueller||||||||2024-10-28|LED Beleuchtung 20led ww 2m|||1|Stk.|Home|Haushalt|Wohnen & Dekorieren|Deko-Zubehör|LED Beleuchtung 20led ww 2m|||1,50 €|1,50 €||||||||||||||EUR|Home> Haushalt> Wohnen & Dekorieren> Deko-Zubehör> LED Beleuchtung 20led ww 2m|https://www.mueller.at/p/led-beleuchtung-20led-ww-2m-IPN2155938/|1 Stk.|LED Beleuchtung 20led ww 2m||||||||||||||||||||||Non-Organic||||{'Gewicht': '67', 'special_function': 'mit Timer, indoor', 'manufacturer': 'FREE & EASY, P.O. BOX 37211', 'Herstelleradresse': 'P.O. BOX 37211, 1030 AE AMSTERDAM, THE NETHERLANDS', 'Kontaktmöglichkeit': 'tamara.rocca@koopmanint.com', 'Materialdetails': 'Kunststoff', 'Material': 'Kunststoff', 'Höhe': '90 mm', 'Tiefe': '50 mm', 'Inhalt': '1 Stk.'}||||||||Kunststoff||||||0|0|2155938_1.png|https://static.mueller.de/pdzoom/8719202599688.webp||||||||||||||||||||||FREE & EASY, P.O. BOX 37211||||||||||1 Stk.|||False||2155938P|||||||||1
2522977|mueller||||||||2024-10-28|Conqueror's Oath|||1|Stk.|Home|Multi-Media|Musik|Heavy Metal|Conqueror's Oath|||5,99 €|5,99 €||||||||||||||EUR|Home> Multi-Media> Musik> Heavy Metal> Conqueror's Oath|https://www.mueller.at/p/conquerors-oath-2522977/|1 Stk.|||||||||||||||||||||||Non-Organic||||{'medium': 'CD', 'Künstler': 'Visigoth', 'Inhalt': '1 Stk.', 'Anzahl Medien im Artikel': '1', 'genre': 'Metal', 'Label': 'SME Metal'}||||||||||||||0|0|2522977_1.png|https://static.mueller.de/pdzoom/phononet_0039841555820_pv_0039841555820-0600px-001.webp|2522977_2.png|https://static.mueller.de/pdzoom/phononet_0039841555820_pr_0039841555820-0600px-002.webp|2522977_3.png|https://static.mueller.de/6555121179-PR-1/pdzoom/conquerors-oath.webp||||||||||||||||||||||||||||1 Stk.|||True||2522977P|||||||||5
731443|mueller||||||||2024-10-28|FABER-CASTELL Zirkel 40300 Universal-Zirkelansatz|FABER-CASTELL||1|Stk.|Home|Schreibwaren|Büro|Bürobedarf|Zirkel|FABER-CASTELL Zirkel 40300 Universal-Zirkelansatz||8,49 €|8,49 €||||||||||||||EUR|Home> Schreibwaren> Büro> Bürobedarf> Zirkel> FABER-CASTELL Zirkel 40300 Universal-Zirkelansatz|https://www.mueller.at/p/faber-castell-zirkel-40300-universal-zirkelansatz-731443/|1 Stk.|Universal-Zirkelansatz für Schreib-und Zeichengeräte; Zapfen Ø 3,5 mm und 4,0 mm.||||||||||||||||||||||Non-Organic||||{'manufacturer': 'A. W. Faber-Castell Vertrieb GmbH', 'Herstelleradresse': 'Nürnberger Str. 2, 90546 Stein', 'Inhalt': '1 Stk.', 'Produkttyp': 'Zirkel'}||||||||||||||0|0|731443_1.png|https://static.mueller.de/6024550984-PV-0/pdzoom/faber-castell-zirkel-40300-universal-zirkelansatz.webp|731443_2.png|https://static.mueller.de/6024518398-PB-1/pdzoom/faber-castell-zirkel-40300-universal-zirkelansatz.webp||||||||||||||||||||A. W. Faber-Castell Vertrieb GmbH||||||||||1 Stk.|||True||731443P|||||||||8
22833|mueller||||||||2024-10-28|HERMA Hefthülle A5 aus Papier dunkelrot|HERMA||1|Stk.|Home|Spielwaren|Buch & Schulbedarf|Schulranzen & Taschen|HERMA Hefthülle A5 aus Papier dunkelrot|||0,45 €|0,45 €||||||||||||||EUR|Home> Spielwaren> Buch & Schulbedarf> Schulranzen & Taschen> HERMA Hefthülle A5 aus Papier dunkelrot|https://www.mueller.at/p/herma-hefthuelle-a5-aus-papier-dunkelrot-22833/|1 Stk.|Papier-Heftschoner von HERMA im Format A4 und A5, aus 100% Recycling Papier. Solide verarbeitet, mit aufgedrucktem Beschriftungsfeld und bedruckter Innenlasche für den optimalen Schutz vor Schmutz und Feuchtigkeit. Ideal für Schulen und Universitäten.||||||||||||||||||||||Non-Organic||||{'Inhalt': '1 Stk.', 'Produkttyp': 'Sonstiger Schulbedarf'}||||||||||||||0|0|22833_1.png|https://static.mueller.de/6772744537-PV-0/pdzoom/herma-hefthuelle-a5-aus-papier-dunkelrot.webp||||||||||||||||||||||||||||||||1 Stk.|||True||22833P|||||||||10
2497412|mueller||||||||2024-10-28|Was uns nicht umbringt|||1|Stk.|Home|Multi-Media|Filme & TV|Komödie & Comedy|Was uns nicht umbringt|||4,99 €|4,99 €||||||||||||||EUR|Home> Multi-Media> Filme & TV> Komödie & Comedy> Was uns nicht umbringt|https://www.mueller.at/p/was-uns-nicht-umbringt-2497412/|1 Stk.|"Als Vater zweier jugendlicher Töchter – mit einer eigensinnigen Ex-Frau, die zugleich seine beste Freundin ist, einem schwermütigen Hund, den er sich gerade erst angeschafft hat, und seinen eigentümlichen Patienten – braucht Psychotherapeut Max wahrlich keine neue Herausforderung. Aber wenn Sophie, die bezaubernde Spielsüchtige mit Beziehungsproblemen, stets zu spät in seiner Praxis erscheint, gerät Max’ vertraute Welt ins Wanken. Während er sich noch einzureden versucht, Profi genug zu sein, um Profi zu bleiben, führt eine unverhoffte Begegnung der beiden zu immer mehr Verstrickungen. Und es passiert, was nicht passieren sollte: Der Therapeut verliebt sich in seine Patientin. Wie soll er ihr helfen, ohne sich einzumischen? Wie kann er sie lieben, ohne sie zu verlieren? Hin- und hergerissen zwischen Gefühl und Verstand, zwischen seiner Patientin und der Frau, die er liebt, muss Max zunächst dem alten Flugzeugleitsatz folgen: Helfen Sie sich selbst, bevor Sie versuchen, anderen zu helfen. Regisseurin und Drehbuchautorin Sandra Nettelbeck lässt den Therapeuten ihres Erfolgsfilms BELLA MARTHA in seinem Kosmos von neurotischen Patienten, familiären und amourösen Verstrickungen wieder aufleben. Was uns nicht umbringt erzählt mit melancholischer Heiterkeit von Sinnkrisen und Herzensangelegenheiten in der Mitte des Lebens. In den Hauptrollen brillieren August Zirner, Johanna ter Steege und Barbara Auer.  ""Sandra Nettelbeck präsentiert in WAS UNS NICHT UMBRINGT die emotionalen Höhen und Tiefen von Großstädtern als unendlich melancholisches Kaleidoskop aus Trauer, Wut, Hoffnung und Zuversicht, das von herausragenden Darstellern zum Leben erweckt wird."" (Filmstarts.de)"||||||||||||||||||||||Non-Organic||||{'medium': 'DVD', 'Untertitel': 'Englisch', 'manufacturer': 'Alive AG', 'Bildformat': '16:9', 'Zusatzinfos / Bonusmaterial beim Film dabei': 'Interviews mit Regisseurin und Hauptdarstellern; \nTrailer; \nWendecover;', 'Inhalt': '1 Stk.', 'Laufzeit in min (gesamt)': '124', 'Produktionsjahr': '2018', 'Produktionsland': 'Deutschland', 'Regisseur': 'Sandra Nettelbeck', 'Schauspieler': 'Bjarne Mädel,Peter Lohmeyer,Mark Waschke,Christian Berkel,Jenny Schily,Oliver Broumis,Barbara Auer,ter Johanna Steege,August Zirner,Victoria Mayer', 'Special Edition': 'Nein', 'Tonformat-Sprache': 'Deutsch', 'Untertitel für Gehörlose': 'Deutsch', 'packaging_type': 'Softbox', 'Hauptgenre': 'Komödie'}||||||||||||||0|0|2497412_1.png|https://static.mueller.de/videojakob_4042564190519_pv_554426/pdzoom/was-uns-nicht-umbringt.webp|2497412_2.png|https://static.mueller.de/pdzoom/videojakob_4042564190519_pr_554426-back.webp|2497412_3.png|https://static.mueller.de/videojakob_4042564190519_pd_66734570/pdzoom/was-uns-nicht-umbringt.webp|2497412_4.png|https://static.mueller.de/videojakob_4042564190519_pd_66735729/pdzoom/was-uns-nicht-umbringt.webp|2497412_5.png|https://static.mueller.de/videojakob_4042564190519_pd_66737187/pdzoom/was-uns-nicht-umbringt.webp|2497412_6.png|https://static.mueller.de/videojakob_4042564190519_pd_66738414/pdzoom/was-uns-nicht-umbringt.webp||||||||||||Alive AG||||||||||1 Stk.|||True||2497412P|||||||||5
22839|mueller||||||||2024-10-28|VERNISSAGE Haarpinsel-Set im Etui 5er|VERNISSAGE||1|Stk.|Home|Schreibwaren|Bastelbedarf|Pinsel|VERNISSAGE Haarpinsel-Set im Etui 5er|||2,79 €|2,79 €||||||||||||||EUR|Home> Schreibwaren> Bastelbedarf> Pinsel> VERNISSAGE Haarpinsel-Set im Etui 5er|https://www.mueller.at/p/vernissage-haarpinsel-set-im-etui-5er-22839/|1 Stk.|Haarpinsel-Set in 5 verschiedenen Grössen zum Malen und Basteln.Material: Dunkles Feinhaar, farbig getrommelte Holzstiele (Birkenholz)||||||||||||||||||||||Non-Organic||||{'scope_of_delivery': '5 Stück', 'Inhalt': '1 Stk.', 'Produkttyp': 'Pinsel'}||||||||||||||0|0|22839_1.png|https://static.mueller.de/6485684043-PV-0/pdzoom/vernissage-haarpinsel-set-im-etui-5er.webp|22839_2.png|https://static.mueller.de/6485684043-PB-1/pdzoom/vernissage-haarpinsel-set-im-etui-5er.webp||||||||||||||||||||||||||||||1 Stk.|||True||22839P|||||||||20
22832|mueller||||||||2024-10-28|STABILO® Fineliner - STABILO point 88 - 10er Pack - Sonderfarben|STABILO||10|Stk.|Home|Schreibwaren|Schreibgeräte|Fineliner|STABILO® Fineliner - STABILO point 88 - 10er Pack - Sonderfarben|||6,99 €|6,99 €|||||||||||6,99 € / 10 Stk.|||EUR|Home> Schreibwaren> Schreibgeräte> Fineliner> STABILO® Fineliner - STABILO point 88 - 10er Pack - Sonderfarben|https://www.mueller.at/p/stabilo-fineliner-stabilo-point-88-10er-pack-sonderfarben-22832/|10 Stk.|Der STABILO point 88 Fineliner ist mit seinem orangefarbenen Schaft mit den charakteristischen weißen Kanten ein Markenzeichen für Präzision und große Farbvielfalt und nicht umsonst die Nr 1 in Europa. Die in Metall eingefasste Spitze ist dabei schon unzählige Male der Ursprung großer Ideen und genialer Gedanken gewesen. Ob in Beruf, Studium, Schule, Alltag oder in kreativen Momenten, der STABILO point 88 ist dein perfekter Begleiter.||||||||||||||||||||||Non-Organic||||{'Strichstärke': '0.4 mm', 'scope_of_delivery': '10 verschiedene Fashion Farben', 'Farbe': 'sortiert', 'Inhalt': '10 Stk.', 'Produkttyp': 'Fineliner'}||||||sortiert||||||||5.0|3|22832_1.png|https://static.mueller.de/5741202005-PV-0/pdzoom/stabilo-fineliner-stabilo-point-88-10er-pack-sonderfarben.webp|22832_2.png|https://static.mueller.de/5741202005-PB-1/pdzoom/stabilo-fineliner-stabilo-point-88-10er-pack-sonderfarben.webp|22832_3.png|https://static.mueller.de/5741202005-PB-2/pdzoom/stabilo-fineliner-stabilo-point-88-10er-pack-sonderfarben.webp|22832_4.png|https://static.mueller.de/5741202005-PB-3/pdzoom/stabilo-fineliner-stabilo-point-88-10er-pack-sonderfarben.webp|22832_5.png|https://static.mueller.de/5741202005-PB-4/pdzoom/stabilo-fineliner-stabilo-point-88-10er-pack-sonderfarben.webp|22832_6.png|https://static.mueller.de/5741202005-PB-5/pdzoom/stabilo-fineliner-stabilo-point-88-10er-pack-sonderfarben.webp||||||||||||||||||||||10 Stk.|||True||22832P|||||||||10
2786666|mueller||||||||2024-10-28|Kuschelweich Weichspüler Sommerwind|KUSCHELWEICH||1|l|Home|Drogerie|Haushalt|Waschen|Weichspüler|Kuschelweich Weichspüler Sommerwind||2,95 €|2,95 €|||||||||||2,95 € / 1 l|||EUR|Home> Drogerie> Haushalt> Waschen> Weichspüler> Kuschelweich Weichspüler Sommerwind|https://www.mueller.at/p/kuschelweich-weichspueler-sommerwind-2786666/|1 l|||||||||||||||||||||||Non-Organic||||{'manufacturer': 'fit GmbH', 'Herstelleradresse': 'Am Werk 9, DE-02788 Zittau', 'Kontaktmöglichkeit': 'info@fit.de', 'package_contents': '5-15 % kationische Tenside; < 5 & nichtionische Tenside; Didecyldimonium Chloride, Duftstoffe, Alpha-Isomethyl Ionone, Benzyl Salicylate, Coumarin, Hexyl Cinnamal- Linalool', 'product_property': 'duftend', 'Inhalt': '1 l', 'Produkttyp': 'Weichspüler'}||||||||||||||5.0|2|2786666_1.png|https://static.mueller.de/markant_04013162031313_pv_3798170/pdzoom/kuschelweich-weichspueler-sommerwind.webp|2786666_2.png|https://static.mueller.de/markant_04013162031313_pr_3798165/pdzoom/kuschelweich-weichspueler-sommerwind.webp||||||||||||||||||||fit GmbH||||||||||1 l|5-15 % kationische Tenside; < 5 & nichtionische Tenside; Didecyldimonium Chloride, Duftstoffe, Alpha-Isomethyl Ionone, Benzyl Salicylate, Coumarin, Hexyl Cinnamal- Linalool||True||2786666P|||||||||10
2786668|mueller||||||||2024-10-28|Kuschelweich Weichspüler Sanft & Mild|KUSCHELWEICH||1|l|Home|Drogerie|Haushalt|Waschen|Weichspüler|Kuschelweich Weichspüler Sanft & Mild||2,95 €|2,95 €|||||||||||2,95 € / 1 l|||EUR|Home> Drogerie> Haushalt> Waschen> Weichspüler> Kuschelweich Weichspüler Sanft & Mild|https://www.mueller.at/p/kuschelweich-weichspueler-sanft-mild-2786668/|1 l|||||||||||||||||||||||Non-Organic||||{'manufacturer': 'FIT GmbH', 'Herstelleradresse': 'Am Werk 9, 02788 Zittau', 'Kontaktmöglichkeit': 'info@fit.de', 'package_contents': 'AQUA, DIHYDROGENATED TALLOWOYLETHYL HYDROXYETHYLMONIUM METHOSULFATE, ISOPROPYL ALCOHOL, PARFUM, LAURETH-7, DIDECYLDIMONIUM CHLORIDE, ACRYLIC POLYMER, SIMETHICONE', 'Inhalt': '1 l', 'Produkttyp': 'Weichspüler'}||||||||||||||0|0|2786668_1.png|https://static.mueller.de/markant_04013162031337_pv_3797408/pdzoom/kuschelweich-weichspueler-sanft-mild.webp|2786668_2.png|https://static.mueller.de/markant_04013162031337_pr_3797409/pdzoom/kuschelweich-weichspueler-sanft-mild.webp||||||||||||||||||||FIT GmbH||||||||||1 l|AQUA, DIHYDROGENATED TALLOWOYLETHYL HYDROXYETHYLMONIUM METHOSULFATE, ISOPROPYL ALCOHOL, PARFUM, LAURETH-7, DIDECYLDIMONIUM CHLORIDE, ACRYLIC POLYMER, SIMETHICONE||True||2786668P|||||||||10
731413|mueller||||||||2024-10-28|Microplane Gourmet Reibe Sehr Grob|MICROPLANE||1|Stk.|Home|Haushalt|Kochen & Backen|Küchenhelfer & -textilien|Spezialhelfer|Microplane Gourmet Reibe Sehr Grob||29,99 €|29,99 €||||||||||||||EUR|Home> Haushalt> Kochen & Backen> Küchenhelfer & -textilien> Spezialhelfer> Microplane Gourmet Reibe Sehr Grob|https://www.mueller.at/p/microplane-gourmet-reibe-sehr-grob-731413/|1 Stk.|"Die Gourmet Serie ergänzt mit ihrem zeitlosen Design und der Klingenvielfalt die Premium Classic Serie. Durch die Schärfe der photo-geätzten Klingen - made in USA - wird das Reibgut präzise geschnitten und nicht zerdrückt. Die rasiermesserscharfe Sehr Grobe Klinge ermöglicht durch ihre breite Reibfläche effizientes und müheloses Reiben.
Kartoffeln, Äpfel, Kohl, Zucchini, Karotten, Zwiebeln, Hart- und Weichkäse, Schokolade uvm. werden in längliche Stifte geschnitten. Aroma und Geschmack sind durch die präzise Schneidetechnik garantiert. Der ergonomische Soft- touch- Griff und der Gummifuß ermöglichen einen stabilen Halt und eine flexible Handhabung.Länge: 31,5 cm"||||||||||||||||||||||Non-Organic||||{'Geeignet für': 'Spuelmaschinen', 'Pflegehinweis': 'Gleich nach dem Reiben mögliche Reste leicht abklopfen und unter fließendem Wasser abspülen und trocknen lassen.', 'Inhalt': '1 Stk.'}||||||||||||||0|0|731413_1.png|https://static.mueller.de/6478485140-PV-0/pdzoom/microplane-gourmet-reibe-sehr-grob.webp|731413_2.png|https://static.mueller.de/6478485140-PB-1/pdzoom/microplane-gourmet-reibe-sehr-grob.webp||||||||||||||Gleich nach dem Reiben mögliche Reste leicht abklopfen und unter fließendem Wasser abspülen und trocknen lassen.||||||||||||||||1 Stk.|||True||731413P|||||Spuelmaschinen||||7
22846|mueller||||||||2024-10-28|Pelikan Malblock A3 sortiert 30 Blatt 70g/qm|PELIKAN||1|Stk.|Home|Schreibwaren|Bastelbedarf|Papier & Karton|Pelikan Malblock A3 sortiert 30 Blatt 70g/qm|||3,89 €|3,89 €||||||||||||||EUR|Home> Schreibwaren> Bastelbedarf> Papier & Karton> Pelikan Malblock A3 sortiert 30 Blatt 70g/qm|https://www.mueller.at/p/pelikan-malblock-a3-sortiert-30-blatt-70g-qm-22846/|1 Stk.|"Pelikan Malblock perfekt geeignet für den täglichen Gebrauch in der Schule. 



 

Malblock MC3/30, sortiert.
Holzfreies,weißes Zeichenpapier säurefrei und radierfest.
Glatte Oberfläche.
An einer Schmalseite gelumbeckt und problemlos abtrennbar.
Größe (B x H oder Format): A3.
Papiergewicht: 70 g/qm. Deckblatt kann variieren.
Block mit 30 Blatt.



"||||||||||||||||||||||Non-Organic||||{'scope_of_delivery': '30 Blatt', 'Inhalt': '1 Stk.', 'Produkttyp': 'Malpapier'}||||||||||||||3.0|1|22846_1.png|https://static.mueller.de/pdzoom/2200002284660F.webp|22846_2.png|https://static.mueller.de/pdzoom/2200002284660_2.webp|22846_3.png|https://static.mueller.de/pdzoom/2200002284660_3.webp||||||||||||||||||||||||||||1 Stk.|||True||22846P|||||||||10
22849|mueller||||||||2024-10-28|PVP Malblock A4 70g 100 Blatt|PBS||1|Stk.|Home|Schreibwaren|Bastelbedarf|Papier & Karton|PVP Malblock A4 70g 100 Blatt|||2,29 €|2,29 €||||||||||||||EUR|Home> Schreibwaren> Bastelbedarf> Papier & Karton> PVP Malblock A4 70g 100 Blatt|https://www.mueller.at/p/pvp-malblock-a4-70g-100-blatt-22849/|1 Stk.|PVP Malblock A4 70g 100 Blatt||||||||||||||||||||||Non-Organic||||{'Blatt': '100', 'Grammatur in g/m2': '70', 'scope_of_delivery': '100 Blatt', 'Linienart': 'blanko/unliniert', 'manufacturer': 'PVP Papierverarbeitung GmbH Penig', 'Artikelnummer des Herstellers': '8008', 'Inhalt': '1 Stk.', 'format': 'A4', 'Produkttyp': 'Mal- und Zeichenblöcke'}||||||||||||||0|0|22849_1.png|https://static.mueller.de/pdzoom/4006232216666F.webp||||||||||||||||||||||PVP Papierverarbeitung GmbH Penig||||||||||1 Stk.|||True||22849P|||||||||10
2786671|mueller||||||||2024-10-28|Meine ersten Bibelgeschichten - Kinderbibel zum alten Testament für Kinder ab 4 Jahren|-||1|Stk.|Home|Bücher|Geschenkbücher|Meine ersten Bibelgeschichten - Kinderbibel zum alten Testament für Kinder ab 4 Jahren||||5,20 €|5,20 €||||||||||||||EUR|Home> Bücher> Geschenkbücher> Meine ersten Bibelgeschichten - Kinderbibel zum alten Testament für Kinder ab 4 Jahren|https://www.mueller.at/p/meine-ersten-bibelgeschichten-kinderbibel-zum-alten-testament-fuer-kinder-ab-4-jahren-2786671/|1 Stk.|"Die beliebtesten Erzählungen aus dem Alten Testament – von der Erschaffung der Welt bis Jona und dem WalKinder können miterleben, was Adam und Eva im Paradies erleben oder wie Noah seine Arche baut, außerdem können sie die zeitlos spannenden Geschichten von Abraham, Josef, Moses und Salomo verfolgen.
Immer leicht verständlich nacherzählt und daher genau richtig zum Vorlesen in Familie oder Kindergarten."||||||||||||||||||||||Non-Organic||||{'language': 'deutsch', 'Einband': 'Hardcover', 'Inhalt': '1 Stk.', 'ISBN Ausgangsbuch': '9783811235465', 'Produkttyp': 'Geschenkbücher', 'page_number': '80'}||||||||||||||0|0|2786671_1.png|https://static.mueller.de/7079250590-PV-0/pdzoom/meine-ersten-bibelgeschichten-kinderbibel-zum-alten-testament-fuer-kinder-ab-4-jahren.webp|2786671_2.png|https://static.mueller.de/7079250590-PB-1/pdzoom/meine-ersten-bibelgeschichten-kinderbibel-zum-alten-testament-fuer-kinder-ab-4-jahren.webp|2786671_3.png|https://static.mueller.de/7079250590-PB-2/pdzoom/meine-ersten-bibelgeschichten-kinderbibel-zum-alten-testament-fuer-kinder-ab-4-jahren.webp||||||||||||||||||||||||||||1 Stk.|||False||2786671P|||||||||1
2786672|mueller||||||||2024-10-28|Kuschelweich Weichspüler Frischetraum|KUSCHELWEICH||1|l|Home|Drogerie|Haushalt|Waschen|Weichspüler|Kuschelweich Weichspüler Frischetraum||2,95 €|2,95 €|||||||||||2,95 € / 1 l|||EUR|Home> Drogerie> Haushalt> Waschen> Weichspüler> Kuschelweich Weichspüler Frischetraum|https://www.mueller.at/p/kuschelweich-weichspueler-frischetraum-2786672/|1 l|||||||||||||||||||||||Non-Organic||||{'manufacturer': 'FIT GmbH', 'Herstelleradresse': 'Am Werk 9, 02788 Zittau', 'Kontaktmöglichkeit': 'info@fit.de', 'package_contents': 'AQUA, DIHYDROGENATED TALLOWOYLETHYL HYDROXYETHYLMONIUM METHOSULFATE, ISOPROPYL ALCOHOL, PARFUM, LAURETH-7, DIDECYLDIMONIUM CHLORIDE, ACRYLIC POLYMER, SIMETHICONE, GELATINE BASED POLYMER, ALPHA-ISOMETHYL IONONE, CITRONELLOL, GERANIOL, HEXYL CINNAMAL, LINALOOL, COLORANT', 'Inhalt': '1 l', 'Produkttyp': 'Weichspüler'}||||||||||||||5.0|2|2786672_1.png|https://static.mueller.de/markant_04013162031399_pv_3798171/pdzoom/kuschelweich-weichspueler-frischetraum.webp|2786672_2.png|https://static.mueller.de/markant_04013162031399_pr_3798166/pdzoom/kuschelweich-weichspueler-frischetraum.webp||||||||||||||||||||FIT GmbH||||||||||1 l|AQUA, DIHYDROGENATED TALLOWOYLETHYL HYDROXYETHYLMONIUM METHOSULFATE, ISOPROPYL ALCOHOL, PARFUM, LAURETH-7, DIDECYLDIMONIUM CHLORIDE, ACRYLIC POLYMER, SIMETHICONE, GELATINE BASED POLYMER, ALPHA-ISOMETHYL IONONE, CITRONELLOL, GERANIOL, HEXYL CINNAMAL, LINALOOL, COLORANT||True||2786672P|||||||||10
628007|mueller||||||||2024-10-28|PURINA GOURMET Gold Raffiniertes Ragout mit Lachs|PURINA GOURMET||85|g|Home|Tiershop|Tiernahrung|Katze|Nassfutter|PURINA GOURMET Gold Raffiniertes Ragout mit Lachs||0,85 €|0,85 €|||||||||||10,00 € / 1 kg|||EUR|Home> Tiershop> Tiernahrung> Katze> Nassfutter> PURINA GOURMET Gold Raffiniertes Ragout mit Lachs|https://www.mueller.at/p/purina-gourmet-gold-raffiniertes-ragout-mit-lachs-628007/|85 g|GOURMET Gold - Raffiniertes Ragout ist eine Auswahl köstlicher Sorten, in denen qualitativ hochwertige Zutaten in einem Ragout vereint werden und für unvergessliche Genussmomente sorgen. Fein geschnetzelte Stückchen kombiniert mit einem Hauch von SauceKatzennassfutter ohne Zusatz künstlicher Farbstoffe, Konservierungsstoffe und AromenAlleinfuttermittel für ausgewachsene Katzen||Bitte kühl und trocken lagern. Mindestens haltbar bis Ende, Bezugsnummer der Partie und Registrierungs-Kenn-Nr.: siehe Dosenboden.|||||||Fisch|||||||||||||Non-Organic||||"{'Lagerhinweis': 'Bitte kühl und trocken lagern. Mindestens haltbar bis Ende, Bezugsnummer der Partie und Registrierungs-Kenn-Nr.: siehe Dosenboden.', 'Futtermittelart': 'Alleinfutter', 'manufacturer': 'Nestlé Purina PetCare Deutschland GmbH', 'Herstelleradresse': 'D-53865 Euskirchen', 'Kontaktmöglichkeit': 'www.purina.de', 'Zulassungsnummer': '02 23 83 02', 'Tierart': 'Katze', 'Geschmacksrichtung': 'Fisch', 'packaging_type': 'Dose', 'Inhalt': '85 g', 'Eigenschaften': 'Ohne Farbstoffe|Ohne Aromastoffe|Ohne Zusatz von Konservierungsstoffen', 'Fütterungsempfehlung': 'Fütterungsempfehlung: Füttern Sie Ihrer ausgewachsenen Katze (4kg) 2 bis 3 Dosen pro Tag, die auf mindestens 2 bis 3 Mahlzeiten verteilt werden sollten. Diese Richtwerte basieren auf mäβig aktiven Katzen bei normaler Umgebungstemperatur. Individuelle Bedürfnisse können variieren, sodass die Futtermenge entsprechend angepasst werden sollte, um ein schlankes, gesundes Körpergewicht Ihrer Katze zu erhalten. Bitte zimmerwarm servieren. Frisches, sauberes Trinkwasser sollte stets zur Verfügung stehen.', 'Analytische Bestandteile': 'Analytische Bestandteile: Feuchtigkeit: 74%, Protein: 17%, Fettgehalt: 4%, Rohasche: 2%, Rohfaser: 0,5%.', 'Zusammensetzung (Futter)': 'Zusammensetzung: Fleisch und tierische Nebenerzeugnisse, pflanzliche Eiweißextrakte, Fisch und Fischnebenerzeugnisse (4% Lachs), pflanzliche Nebenerzeugnisse, Zucker, Mineralstoffe.', 'Zusatzstoffe (Futter)': 'Zusatzstoffe: Ernährungsphysiologische Zusatzstoffe: IE/kg: Vit A: 900; Vit D3: 137; mg/kg: Eisen-(II)-sulfat Monohydrat: (Fe: 10); Calciumjodat, wasserfrei: (I: 0,25); Kupfer-(II)-sulfat Pentahydrat: (Cu: 0,9); Mangansulfat Monohydrat: (Mn: 2,0); Zinksulfat Monohydrat: (Zn: 18,6); Taurin: 560. Aromastoffe.', 'Produkttyp': 'Nassfutter', 'Tiertyp': 'Katze'}"||||Fütterungsempfehlung: Füttern Sie Ihrer ausgewachsenen Katze (4kg) 2 bis 3 Dosen pro Tag, die auf mindestens 2 bis 3 Mahlzeiten verteilt werden sollten. Diese Richtwerte basieren auf mäβig aktiven Katzen bei normaler Umgebungstemperatur. Individuelle Bedürfnisse können variieren, sodass die Futtermenge entsprechend angepasst werden sollte, um ein schlankes, gesundes Körpergewicht Ihrer Katze zu erhalten. Bitte zimmerwarm servieren. Frisches, sauberes Trinkwasser sollte stets zur Verfügung stehen.|||||||Fisch|||4.7313|160|628007_1.png|https://static.mueller.de/markant_07613035439856_pv_3204127/pdzoom/purina-gourmet-gold-raffiniertes-ragout-mit-lachs.webp|628007_2.png|https://static.mueller.de/markant_07613035439856_pd_3549464/pdzoom/purina-gourmet-gold-raffiniertes-ragout-mit-lachs.webp|628007_3.png|https://static.mueller.de/markant_07613035439856_pd_3549463/pdzoom/purina-gourmet-gold-raffiniertes-ragout-mit-lachs.webp|628007_4.png|https://static.mueller.de/markant_07613035439856_pd_3453610/pdzoom/purina-gourmet-gold-raffiniertes-ragout-mit-lachs.webp||||||||||||||||Nestlé Purina PetCare Deutschland GmbH||||||||||85 g|||True||628007P|||||||||6
731422|mueller||||||||2024-10-28|Microplane Gourmet Reibe Grob|MICROPLANE||1|Stk.|Home|Haushalt|Kochen & Backen|Küchenhelfer & -textilien|Spezialhelfer|Microplane Gourmet Reibe Grob||29,99 €|29,99 €||||||||||||||EUR|Home> Haushalt> Kochen & Backen> Küchenhelfer & -textilien> Spezialhelfer> Microplane Gourmet Reibe Grob|https://www.mueller.at/p/microplane-gourmet-reibe-grob-731422/|1 Stk.|"Die Gourmet Serie ergänzt mit ihrem zeitlosen Design und der Klingenvielfalt die Premium Classic Serie. Durch die Schärfe der photo- geätzten Klingen - made in USA - wird das Reibgut präzise geschnitten und nicht zerdrückt.
Mit der groben Klingenausführung reiben Sie mühelos und effizient Käse, Karotten, Ingwer, Knoblauch, Kokosnüsse uvm eine Stufe gröber als mit der feinen Klinge. Der ergonomische Soft- touch- Griff und der Gummifuß ermöglichen einen stabilen Halt und eine flexible Handhabung.Länge: 31,5 cm"||||||||||||||||||||||Non-Organic||||{'Pflegehinweis': 'Gleich nach dem Reiben mögliche Reste leicht abklopfen und unter fließendem Wasser abspülen und trocknen lassen.', 'Geeignet für': 'Spuelmaschinen', 'Inhalt': '1 Stk.'}||||||||||||||0|0|731422_1.png|https://static.mueller.de/6478485109-PV-0/pdzoom/microplane-gourmet-reibe-grob.webp|731422_2.png|https://static.mueller.de/6478485109-PB-1/pdzoom/microplane-gourmet-reibe-grob.webp||||||||||||||Gleich nach dem Reiben mögliche Reste leicht abklopfen und unter fließendem Wasser abspülen und trocknen lassen.||||||||||||||||1 Stk.|||True||731422P|||||Spuelmaschinen||||10
838769|mueller||||||||2024-10-28|Sanostol Lutsch-Tabletten|SANOSTOL||75|Stk.|Home|Drogerie|Lebensmittel|Nahrungsergänzung|Sanostol Lutsch-Tabletten|||9,99 €|9,99 €|||||||||||1,33 € / 10 Stk.|||EUR|Home> Drogerie> Lebensmittel> Nahrungsergänzung> Sanostol Lutsch-Tabletten|https://www.mueller.at/p/sanostol-lutsch-tabletten-IPN838769/|75 Stk.|"


Mit den leckeren Sanostol® Lutsch-Tabletten können Sie die tägliche Ernährung sinnvoll ergänzen. Sie enthalten eine sorgfältig abgestimmte Kombination von lebenswichtigen Vitaminen. Zusätzlich enthalten die Sanostol® Lutsch-Tabletten Calcium und Vitamin D zum Erhalt normaler Knochen und Zähne. Sanostol® Lutsch-Tabletten schmecken Jung und Alt und prickeln toll im Mund. Sanostol® Lutsch-Tabletten sind zuckerfrei und glutenfrei.



 
"||Vor Wärme, Sonnenlicht und Feuchtigkeit schützen.||||||||||||||||||||Organic||||"{'Lagerhinweis': 'Vor Wärme, Sonnenlicht und Feuchtigkeit schützen.', 'manufacturer': 'Dr. Kade pharmazeutische Fabrik GmbH', 'Herstelleradresse': 'Rigistraße 2, 12277 Berlin', 'Anwendungshinweis': 'Die angegebene empfohlene tägliche Verzehrsmenge darf nicht überschritten werden. Nahrungsergänzungsmittel sollten nicht als Ersatz für eine ausgewogene und abwechslungsreiche Ernährung sowie eine gesunde Lebensweise verwendet werden.', 'Inhalt': '75 Stk.', 'Eigenschaften': 'Ohne Zucker|Glutenfrei|Laktosefrei', 'Zutaten': 'Süßungsmittel Sorbit, Calciumcarbonat, Säuerungsmittel Citronensäure, Natriumhydrogencarbonat, Vitamin C, Vitamin A, Vitamin B1, Vitamin B2, Vitamin B6, Vitamin B12, Vitamin D, Vitamin E, Pantothensäure, Niacin, Folsäure, Biotin, Trennmittel Magnesiumsalze der Speisefettsäuren, Aromen, Süßungsmittel (Aspartam, Acesulfam K).', 'Produkttyp': 'Nahrungsergänzung', 'warning_notice': 'Die angegebene empfohlene tägliche Verzehrsmenge darf nicht überschritten werden. Nahrungsergänzungsmittel sollten nicht als Ersatz für eine ausgewogene und abwechslungsreiche Ernährung dienen. Achten Sie auf eine gesunde Lebensweise. Außerhalb der Reichweite von kleinen Kindern aufbewahren.'}"||||||||||||||1.0|1|838769_1.png|https://static.mueller.de/pdzoom/4043027007436.webp||||||||||||||||||||||Dr. Kade pharmazeutische Fabrik GmbH||||||||||75 Stk.|||True||838769P|||||||||10
403922|mueller||||||||2024-10-28|Revell 05078 - Submarine Typ XXI U 2540|REVELL||1|Stk.|Home|Spielwaren|Modellbau & Modelleisenbahn|Modellbau|Schiffe|Revell 05078 - Submarine Typ XXI U 2540||24,99 €|24,99 €||||||||||||||EUR|Home> Spielwaren> Modellbau & Modelleisenbahn> Modellbau> Schiffe> Revell 05078 - Submarine Typ XXI U 2540|https://www.mueller.at/p/revell-05078-submarine-typ-xxi-u-2540-403922/|1 Stk.|Submarine Typ XXI U 2540Mit dem Typ XXI besaß Deutschland Anfang 1945 das fortschrittlichste U-Boot der damaligen Welt. Durch zahlreiche technische Neuerungen konnte es unbeschränkt unter Wasser fahren, da die Dieselmotoren die benötigte Frischluft durch einen speziellen Schnorchel ansaugten. Die für Unterwasserfahrten entworfene Linienform und eine dreifach größere Batteriekapazität ergaben die sensationelle Unterwassergeschwindigkeit von 17 Knoten. Weitere Neuerungen waren geräuscharme Elektromotoren für Schleichfahrten, hochempfindliche Ortungsgeräte und 2 cm Flakgeschütztürme.Zum Modell: - Aufgetrennte linke Rumpfaußenwand gibt Einblick in den Innenraum- Detaillierte Oberflächenstrukturen- Detaillierter Torpedoraum- Mannschaftswohnräume- Detaillierte Kommandozentrale- Turm mit Innenstruktur- Detaillierte Diesel- und Elektromotoren- Batterie/Akku-Räume- Bewegliche Tiefen- und Seitenruder- Drehbare Zwillingsflaktürme- Detaillierter Turmaufbau mit Antennen, Periskop und Schnorchelmast- Authentisches Abziehbild für U2540 mit InnenraumdetailsBenötigte Farben: 57; 77; 78; 85; 360; 371Zusatzfarben: 9; 36; 75; 79; 91; 92; 99||||||||12 Jahre||||||||||||||Non-Organic||||{'target_group': 'Jugendliche', 'Artikelnummer des Herstellers': '05078', 'license': 'Revell Modellbau Schiffe', 'Altersempfehlung ab': '12 Jahre', 'Altersempfehlung bis': '99 Jahre', 'Materialdetails': 'Kunststoff', 'Material': 'Kunststoff', 'Inhalt': '1 Stk.', 'Anzahl Teile': '163', 'Maßstab': 'ca. 1:145', 'Produkttyp': 'U-Boote'}||||||||Kunststoff||||||0|0|403922_1.png|https://static.mueller.de/62355569-PB-0/pdzoom/revell-05078-submarine-typ-xxi-u-2540.webp|403922_2.png|https://static.mueller.de/62355569-PB-1/pdzoom/revell-05078-submarine-typ-xxi-u-2540.webp|403922_3.png|https://static.mueller.de/62355569-PB-2/pdzoom/revell-05078-submarine-typ-xxi-u-2540.webp|403922_4.png|https://static.mueller.de/62355569-PB-3/pdzoom/revell-05078-submarine-typ-xxi-u-2540.webp|403922_5.png|https://static.mueller.de/62355569-PB-4/pdzoom/revell-05078-submarine-typ-xxi-u-2540.webp|403922_6.png|https://static.mueller.de/62355569-PB-5/pdzoom/revell-05078-submarine-typ-xxi-u-2540.webp||||||||||||05078||||||||||1 Stk.|||True||403922P|||||||||10
2786699|mueller||||||||2024-10-28|JURASSIC WORLD Freundebuch|UNDERCOVER||1|Stk.|Home|Schreibwaren|Büro|Bürobedarf|Hefte|JURASSIC WORLD Freundebuch||7,99 €|7,99 €||||||||||||||EUR|Home> Schreibwaren> Büro> Bürobedarf> Hefte> JURASSIC WORLD Freundebuch|https://www.mueller.at/p/jurassic-world-freundebuch-2786699/|1 Stk.|Das Jurassic World Freundebuch bietet mit 126 Seiten eine Menge Platz für die Einträge aller Freundinnen & Freunde. Auf je einer Doppelseite können die Klassenkamerade alles über sich ausfüllen, ankreuzen und ein Foto einkleben. Mit dem Geburtstagskalender hat man eine Übersicht über alle Geburtstage und vergisst somit keinen Geburtstag mehr. Richtig gepflegt wird das Freundebuch zu einem schönen Andenken an die Schulzeit. Actionreicher Hingucker: Das Freundebuch ist mit Jurassic World Motiven gestaltet. Auf dem wattierten Umschlag befindet sich ein cooler Effekt-Druck. Papier 100 gsm||||||||||||||||||||||Non-Organic||||{'manufacturer': 'Undercover GmbH', 'Herstelleradresse': 'Nordostpark 74 ,90411 Nürnberg', 'Artikelnummer des Herstellers': 'JURP0964', 'Höhe': '150 mm', 'Breite': '210 mm', 'Tiefe': '20 mm', 'Inhalt': '1 Stk.', 'Produkttyp': 'Hefte'}||||||||||||||0|0|2786699_1.png|https://static.mueller.de/7079259444-PV-0/pdzoom/jurassic-world-freundebuch.webp|2786699_2.png|https://static.mueller.de/7079259444-PB-1/pdzoom/jurassic-world-freundebuch.webp|2786699_3.png|https://static.mueller.de/7079259444-PB-2/pdzoom/jurassic-world-freundebuch.webp|2786699_4.png|https://static.mueller.de/7079259444-PB-3/pdzoom/jurassic-world-freundebuch.webp|2786699_5.png|https://static.mueller.de/7079259444-PB-4/pdzoom/jurassic-world-freundebuch.webp||||||||||||||Undercover GmbH||||||||||1 Stk.|||True||2786699P|||||||||20
838783|mueller||||||||2024-10-28|Bella Casa Servietten 33x33cm fuchsia|BELLA CASA||30|Stk.|Home|Drogerie|Haushalt|Papierartikel|Servietten|Bella Casa Servietten 33x33cm fuchsia||0,85 €|0,85 €|||||||||||0,28 € / 10 Stk.|||EUR|Home> Drogerie> Haushalt> Papierartikel> Servietten> Bella Casa Servietten 33x33cm fuchsia|https://www.mueller.at/p/bella-casa-servietten-33x33cm-fuchsia-IPN838783/|30 Stk.|Serviette 33x33cm 3lg 30Stk pink||||||||||||||||||||||Non-Organic||||{'Gewicht': '150', 'manufacturer': 'FASANA GmbH', 'Herstelleradresse': 'Adolf-Halstick-Strasse 6, 53881 Euskirchen', 'Kontaktmöglichkeit': 'www.mueller.eu', 'Materialdetails': '100% Zellstoff', 'Farbe': 'pink', 'Höhe': '3.3 cm', 'Breite': '16.5 cm', 'Tiefe': '16.5 cm', 'Inhalt': '30 Stk.'}||||||pink||100% Zellstoff||||||0|0|838783_1.png|https://static.mueller.de/pdzoom/2200083878376_PV.webp||||||||||||||||||||||FASANA GmbH||||||||||30 Stk.|||True||838783P|||||||||5
2890711|mueller||||||||2024-10-28|Märklin 39244 H0 - Schnellzug-Dampflokomotive Serie 13 EST|MÄRKLIN||1|Stk.|Home|Spielwaren|Modellbau & Modelleisenbahn|Modelleisenbahn|Lokomotiven|Dampflokomotiven|Märklin 39244 H0 - Schnellzug-Dampflokomotive Serie 13 EST|679,00 €|679,00 €|679,00 €|609,00 €||||10%|Sie sparen 10%|||||||EUR|Home> Spielwaren> Modellbau & Modelleisenbahn> Modelleisenbahn> Lokomotiven> Dampflokomotiven> Märklin 39244 H0 - Schnellzug-Dampflokomotive Serie 13 EST|https://www.mueller.at/p/maerklin-39244-h0-schnellzug-dampflokomotive-serie-13-est-IPN2890711/|1 Stk.|"Vorbild: Schwere Schnellzug-Dampflokomotive mit Schlepptender Serie 13 (241-A) der Französischen Ostbahn (EST). Schwarze Grundfarbgebung mit schwarzem Fahrwerk. Ausführung als Lokomotive für das Schnellzugwagen-Set ""EDELWEISS"". Typspezifische Änderung der Windleitbleche. 2-Licht-Spitzensignal mit Petroleum-Lampen, mit einer Lampe oben und einer Lampe unten. Lok-Betriebsnummer EST 241-004. Betriebszustand um 1931.
Highlights:
Formvariante für die Ausführung als Serie 13 der Französischen Ostbahn (EST).
Sehr detaillierte Modell-Umsetzung.
Führerstandbeleuchtung digital schaltbar.
Serienmäßig mit Raucheinsatz ausgestattet.
Spielewelt-Decoder mfx+ und umfangreiche Licht- und Soundfunktionen.
Modell: Mit Digital-Decoder mfx+ und umfangreichen Licht- und Soundfunktionen. Geregelter Hochleistungsantrieb mit Schwungmasse im Kessel. 4 Achsen angetrieben. Haftreifen. Lokomotive und Tender weitgehend aus Metall. Rauchsatz aus 72270 ist serienmäßig eingebaut. Fahrtrichtungsabhängig wechselndes Zweilicht-Spitzensignal an Lok und Tender sowie eingebauter Rauchsatz konventionell in Betrieb, digital schaltbar. Zusätzlich ist eine Führerstandbeleuchtung digital schaltbar. Beleuchtung mit wartungsfreien warmweißen Leuchtdioden (LED). Verstellbare Kupplung mit Kinematik zwischen Lok und Tender. Am Tender kinematikgeführte Kurzkupplung mit NEM-Schacht. Befahrbarer Mindestradius 437,5 mm. Bremsschläuche, Heizkupplung und Schraubenkupplungsimitation liegen bei. Zusätzlich liegt ein Rahmen ohne Radaussparung für die Nachlaufachse bei, der z.B. für die Vitrine gegen den serienmäßig eingebauten Rahmen der Nachlaufachse getauscht werden kann. Länge über Puffer 30,4 cm.

Das passende Schnellzugwagen-Set ""EDELWEISS"", mit neukonstruierten Reisezugwagen, finden Sie im Märklin H0-Sortiment unter der Artikelnummer 42470.

Dieses Modell finden Sie in Gleichstrom-Ausführung im Trix H0-Sortiment unter der Artikelnummer 25241.
Großbetrieb:
EST-Dampflok Serie 13 (241 A) Die französische Ostbahn (EST) benötigte Anfang der 1920er-Jahre dringend eine leistungsfähige Maschine zur Beförderung ihrer schweren Schnellzüge auf der Strecke Paris – Belfort – Basel. Mit einer Höchstgeschwindigkeit von 120 km/h sollte die neue Lok in der Ebene einen 700 Tonnen schweren Zug mit 115 km/h konstant befördern können, was eine Dauerleistung von mindestens 2.720 PS erforderte. Noch ehrgeiziger war die Vorgabe, bei 5 ‰ Steigung 800 Tonnen Anhängelast mit 80 km/h zu ziehen. Hierfür waren rund 3.540 PS nötig – für Dampfloks eine exorbitante Leistung! Ein am 17. Januar 1926 von Fives-Lille ausgelieferter Prototyp mit der Nummer 41.001 präsentierte sich erstmals in Europa mit der „Mountain“-Radsatzfolge 2’D1’. Den französischen Gepflogenheiten entsprechend war sie als Vierzylinder-Verbundlok nach de Glehn/du Bousquet ausgebildet mit getrennt einstellbaren Heusinger-Steuerungen für das Hoch- und Niederdrucktriebwerk. Nach ausgiebiger Erprobung folgten zwischen 1930 und 1934 weitere 89 Maschinen, die sich in einigen Details vom Prototyp unterschieden. 40 Exemplare mit den Nummern 241 002-041 erhielt dabei die EST und 49 Loks die ÉTAT. Der Prototyp wurde entsprechend in 241 001 umgezeichnet. Die 241 A besaßen einen für Europa neuartigen Kessel nach amerikanischem Muster mit großer Verbrennungskammer sowie Thermosyphons der Bauart Nicholson. Gespeist wurde der Kessel über einen Abdampfinjektor und zwei Frischdampfinjektoren. Die Innenzylinder (ND-Zylinder) wirkten auf den gekröpften ersten Kuppelradsatz, die Außenzylinder (HD-Zylinder) auf den zweiten. Über einen Schieber war es möglich, beim Anfahren oder bei großem Leistungsbedarf auch den Niederdruckzylindern Hochdruckdampf zuzuführen. Während die EST mit ihren „Mountains“ vor schweren Schnellzügen die Relation Paris – Belfort – Mulhouse – Basel bediente, die bergversessene oder sonnenhungrige Urlauber in die Schweiz oder nach Italien brachten, gewährleistete die ÉTAT den Anschluss an die aus den USA oder Großbritannien anlandenden Schiffe in Cherbourg oder Le Havre. Doch die ÉTAT wurde mit ihren „Mountains“ nicht glücklich, da ihr hohes Gewicht und der große feste Radsatzstand angeblich einen hohen Schienenverschleiß verursachten. Daher verkaufte sie alle 49 Maschinen an die EST. Nach ihrer Gründung 1938 übernahm die SNCF alle 90 Loks, welche dann nach verschiedenen vorübergehenden Umzeichnungen die Nummern 241 A 1-41 (EST-Loks in der ursprünglichen Reihenfolge) und 241 A 42-90 (ex ÉTAT-Maschinen in geänderter Reihenfolge) erhielten. Die SNCF setzte die Maschinen bis zu ihrer Ausmusterung in den Jahren 1960 bis 1965 hauptsächlich zwischen Paris und Straßburg sowie Paris und Basel ein. Erhalten blieben zwei Exemplare: die 241 A 1 im Eisenbahnmuseum Mulhouse und die 241 A 65 betriebsfähig in der Schweiz.
Spur / Bauart:	H0 / 1:87
Epoche	II"||||||||15 Jahre||||||||||||||Non-Organic||||"{'target_group': 'Jugendliche|Erwachsene', 'Artikelnummer des Herstellers': '39244', 'Altersempfehlung ab': '15 Jahre', 'Inhalt': '1 Stk.', 'Produkttyp': 'Dampflokomotive'}"||||||||||||||0|0|2890711_1.png|https://static.mueller.de/pdzoom/4001883392448.webp|2890711_2.png|https://static.mueller.de/pdzoom/4001883392448_4.webp|2890711_3.png|https://static.mueller.de/pdzoom/4001883392448_3.webp|2890711_4.png|https://static.mueller.de/pdzoom/4001883392448_2.webp||||||||||||||||39244||||||||||1 Stk.|||False||2890711P|||||||||1
2390135|mueller||||||||2024-10-28|The Singles|||1|Stk.|Home|Multi-Media|Musik|Pop|The Singles|||27,99 €|27,99 €||||||||||||||EUR|Home> Multi-Media> Musik> Pop> The Singles|https://www.mueller.at/p/the-singles-2390135/|1 Stk.|||||||||||||||||||||||Non-Organic||||{'medium': 'LP (analog)', 'Künstler': 'Collins, Phil', 'Inhalt': '1 Stk.', 'Anzahl Medien im Artikel': '2', 'genre': 'Pop international', 'Label': 'Rhino'}||||||||||||||0|0|2390135_1.png|https://static.mueller.de/pdzoom/phononet_0603497860272_pv_0603497860272-0600px-001.webp|2390135_2.png|https://static.mueller.de/pdzoom/phononet_0603497860272_pr_0603497860272-0600px-002.webp|2390135_3.png|https://static.mueller.de/6221779908-PR-1/pdzoom/the-singles.webp||||||||||||||||||||||||||||1 Stk.|||True||2390135P|||||||||5
2890712|mueller||||||||2024-10-28|Märklin 39281 H0 Elektrolokomotive Rc 5.|MÄRKLIN||1|Stk.|Home|Spielwaren|Modellbau & Modelleisenbahn|Modelleisenbahn|Lokomotiven|Elektrolokomotiven|Märklin 39281 H0 Elektrolokomotive Rc 5.|379,00 €|379,00 €||||||||||||||EUR|Home> Spielwaren> Modellbau & Modelleisenbahn> Modelleisenbahn> Lokomotiven> Elektrolokomotiven> Märklin 39281 H0 Elektrolokomotive Rc 5.|https://www.mueller.at/p/maerklin-39281-h0-elektrolokomotive-rc-5-IPN2890712/|1 Stk.|"Vorbild: Elektrolokomotive Rc 5 der Schwedischen Staatsbahnen (SJ). Ausführung in oranger Grundfarbgebung mit Scherenstromabnehmern. Betriebszustand ab 1990.
Highlights:
Komplette Neukonstruktion.
Pufferhöhe nach NEM.
Fahrgestell und Aufbau weitgehend aus Metall.
Zahlreiche angesetzte Details.
Führerstandbeleuchtung digital schaltbar.
Zahlreiche unterschiedliche Lichtsignale digital schaltbar.
Mit Digital-Decoder mfx+ und umfangreichen Geräuschfunktionen.
Modell: Mit Digital-Decoder mfx+ und umfangreichen Geräuschfunktionen. Geregelter Hochleistungsantrieb. Vier Achsen angetrieben. Haftreifen. Fahrtrichtungsabhängig wechselndes Vierlicht-Spitzensignal und ein rotes Schlusslicht konventionell in Betrieb, digital schaltbar. Führerstandbeleuchtung digital schaltbar. Wenn das Spitzensignal an beiden Lokseiten abgeschaltet ist, dann wird beidseitig das Rangierlicht eingeschaltet. Zahlreiche unterschiedliche Lichtsignale digital schaltbar. Beleuchtung mit wartungsfreien warmweißen und roten Leuchtdioden (LED). Angesetzte Griffstangen aus Kunststoff und Metall. Pufferhöhe nach NEM.
Rückspiegel montiert. Bremsleitungen, Schraubenkupplungsimitationen und ein geschlossener Schienenräumer liegen bei.
Länge über Puffer 17,7 cm

Ein passendes Personenwagenset finden Sie im Märklin H0-Sortiment unter der Artikelnummer 43787. Dieses Modell finden Sie in Gleichstromausführung im Trix H0-Sortiment unter der Artikelnummer 25281.
Spur / Bauart	H0 / 1:87
Epoche	V"||||||||15 Jahre||||||||||||||Non-Organic||||"{'target_group': 'Jugendliche|Erwachsene', 'Artikelnummer des Herstellers': '39281', 'Altersempfehlung ab': '15 Jahre', 'Inhalt': '1 Stk.', 'Produkttyp': 'Elektrolokomotive'}"||||||||||||||0|0|2890712_1.png|https://static.mueller.de/pdzoom/4001883392813.webp|2890712_2.png|https://static.mueller.de/pdzoom/4001883392813_4.webp|2890712_3.png|https://static.mueller.de/pdzoom/4001883392813_5.webp|2890712_4.png|https://static.mueller.de/pdzoom/4001883392813_3.webp|2890712_5.png|https://static.mueller.de/pdzoom/4001883392813_2.webp||||||||||||||39281||||||||||1 Stk.|||False||2890712P|||||||||1
2890713|mueller||||||||2024-10-28|Märklin 39290 Zweikraftlokomotive Baureihe 249|MÄRKLIN||1|Stk.|Home|Spielwaren|Modellbau & Modelleisenbahn|Modelleisenbahn|Lokomotiven|Elektrolokomotiven|Märklin 39290 Zweikraftlokomotive Baureihe 249|399,00 €|399,00 €|399,00 €|359,00 €||||10%|Sie sparen 10%|||||||EUR|Home> Spielwaren> Modellbau & Modelleisenbahn> Modelleisenbahn> Lokomotiven> Elektrolokomotiven> Märklin 39290 Zweikraftlokomotive Baureihe 249|https://www.mueller.at/p/maerklin-39290-zweikraftlokomotive-baureihe-249-IPN2890713/|1 Stk.|"



Vorbild: Zweikraftlokomotive BR 249 (Vectron Dual Mode light) der DB Cargo AG. Aus der Vectron-Produktfamilie von Siemens. Betriebsnummer 249 002. Werkszustand Mai 2022.
Highlights:Komplette Neukonstruktion.Pufferhöhe nach NEM.Fahrgestell und Aufbau weitgehend aus Metall.Zahlreiche angesetzte Details.Führerstandbeleuchtung digital schaltbar.Maschinenraumbeleuchtung digital schaltbar.Mit Digital-Decoder mfx+ und umfangreichen Geräuschfunktionen...
Modell: Mit Digital-Decoder mfx+ und umfangreichen Geräuschfunktionen. Geregelter Hochleistungsantrieb. 4 Achsen angetrieben. Haftreifen. Fahrtrichtungsabhängig wechselndes Dreilicht-Spitzensignal und 2 rote Schlusslichter konventionell in Betrieb, digital schaltbar. Spitzenlicht an Lokseite 2 und 1 jeweils separat digital abschaltbar. Wenn Spitzensignal an beiden Lokseiten abgeschaltet ist, dann beidseitige Funktion des Doppel-A-Lichts. Führerstandbeleuchtung mit der Fahrtrichtung wechselnd digital schaltbar. Maschinenraumbeleuchtung digital schaltbar. Fernscheinwerfer separat digital schaltbar. Beleuchtung mit wartungsfreien warmweißen und roten Leuchtdioden (LED). Ansteckbare Bremsschläuche und Rangierkupplung liegen separat bei.
Länge über Puffer ca. 23,6 cm.Spur / Bauart H0 / 1:87Epoche VI



"||||||||15 Jahre||||||||||||||Non-Organic||||"{'target_group': 'Jugendliche|Erwachsene', 'Artikelnummer des Herstellers': '39290', 'Altersempfehlung ab': '15 Jahre', 'Inhalt': '1 Stk.', 'Produkttyp': 'Elektrolokomotive'}"||||||||||||||5.0|1|2890713_1.png|https://static.mueller.de/pdzoom/4001883392905.webp|2890713_2.png|https://static.mueller.de/pdzoom/4001883392905_4.webp|2890713_3.png|https://static.mueller.de/pdzoom/4001883392905_2.webp|2890713_4.png|https://static.mueller.de/pdzoom/4001883392905_3.webp||||||||||||||||39290||||||||||1 Stk.|||False||2890713P|||||||||1
2890714|mueller||||||||2024-10-28|Märklin 39291 H0 Zweikraftlokomotive Baureihe 248|MÄRKLIN||1|Stk.|Home|Spielwaren|Modellbau & Modelleisenbahn|Modelleisenbahn|Lokomotiven|Elektrolokomotiven|Märklin 39291 H0 Zweikraftlokomotive Baureihe 248|399,00 €|399,00 €|399,00 €|359,00 €||||10%|Sie sparen 10%|||||||EUR|Home> Spielwaren> Modellbau & Modelleisenbahn> Modelleisenbahn> Lokomotiven> Elektrolokomotiven> Märklin 39291 H0 Zweikraftlokomotive Baureihe 248|https://www.mueller.at/p/maerklin-39291-h0-zweikraftlokomotive-baureihe-248-IPN2890714/|1 Stk.|"Vorbild: Zweikraftlokomotive BR 248 (Vectron Dual Mode) der Railsytems RP GmbH. Aus der Vectron-Produktfamilie von Siemens. Betriebsnummer 248 002. Betriebszustand 2021.
Highlights:
Komplette Neukonstruktion.
Pufferhöhe nach NEM.
Fahrgestell und Aufbau weitgehend aus Metall.
Zahlreiche angesetzte Details.
Führerstandbeleuchtung digital schaltbar.
Maschinenraumbeleuchtung digital schaltbar.
Mit Digital-Decoder mfx+ und umfangreichen Geräuschfunktionen.
Modell: Mit Digital-Decoder mfx+ und umfangreichen Geräuschfunktionen. Geregelter Hochleistungsantrieb. 4 Achsen angetrieben. Haftreifen. Fahrtrichtungsabhängig wechselndes Dreilicht-Spitzensignal und 2 rote Schlusslichter konventionell in Betrieb, digital schaltbar.
Spitzenlicht an Lokseite 2 und 1 jeweils separat digital abschaltbar. Wenn Spitzensignal an beiden Lokseiten abgeschaltet ist, dann beidseitige Funktion des Doppel-A-Lichts. Führerstandbeleuchtung mit der Fahrtrichtung wechselnd digital schaltbar. Fernscheinwerfer separat digital schaltbar. Beleuchtung mit wartungsfreien warmweißen und roten Leuchtdioden (LED). Ansteckbare Bremsschläuche liegen separat bei. Länge über Puffer ca. 23 cm.

Dieses Modell finden Sie in Gleichstromausführung im Trix H0-Sortiment unter der Artikelnummer 25291.
Spur / Bauart	H0 / 1:87
Epoche	VI
Großbetrieb:
Auf dem deutschen Schienennetz werden aktuell fast 90 % der Verkehrsleistungen unter Fahrdraht abgewickelt. Dennoch gibt es auch in den nächsten Jahren Magistralen, auf denen Dieseltriebfahrzeuge unterwegs sein werden, denn nur rund 60 % der Strecken sind elektrifiziert. So wird zum Beispiel im Allgäu oder auf der Strecke Nürnberg – Hof noch kräftig gedieselt. Es ist ein erklärtes Ziel der Eisenbahn-Verkehrsunternehmen (EVU) und auch der Politik, den CO2-Ausstoß in den nächsten Jahren zu minimieren. Bestimmte Strecken kommen jedoch aus vielerlei Gründen nicht für eine Elektrifizierung in Frage, wie beispielsweise Anschlussgleise für den Güterverkehr, die nur wenige Kilometer lang sind. Hier wäre die Installation eines Fahrdrahts wirtschaftlich nicht zu rechtfertigen. Die Lösung liegt aber auf der Hand: Es gilt, Fahrzeuge zu entwickeln, die sowohl unter Fahrdraht als auch auf Dieselpisten fahren können. Erste zaghafte Versuche führten nicht gleich zum Ziel. Mit der Baureihe 187 stellte Bombardier eine Maschine vor, die für die „letzte Meile“ einen Dieselmotor an Bord hatte. Dieser verleiht den Loks jedoch nur schwache Zugkräfte und erlaubt lediglich Rangiermanöver ohne Oberleitung. Im Hause Siemens waren die Ingenieure ebenfalls nicht tatenlos. Erfolg hatte das Unternehmen mit dem Vectron, einem echten Überflieger, der landauf, landab Begeisterung auslöste. Über 1000 Exemplare sind in den Auftragsbüchern notiert. Die Lokomotiven verkehren in ganz Europa, es gibt kaum eine Bahnverwaltung, die sich nicht diese technisch wie optisch gelungenen Maschinen gönnt. Eine reine Dieselvariante erwies sich leider als Flop, die Produktion wurde eingestellt. Doch es gelang, diesen Typ für den dualen Betrieb weiterzuentwickeln. Denn Diesel- und E-Traktion müssen sich nicht unversöhnlich gegenüberstehen. 2019 wurde der erste Prototyp vorgestellt, die 248 001. Die inneren Werte dieses Hybridfahrzeugs überzeugten die Manager der DB AG zunächst nicht wirklich. Es waren vielmehr private Eisenbahn-Verkehrsunternehmen, die sich mit dem Thema „Vectron Dual Mode“ näher befassten. Die beiden Versuchs- und Testmaschinen 248 001 und 002 gingen an die Railsystems RP GmbH. Die zunächst weiss lackierten Fahrzeuge wurden in die bunten und gefälligen Hausfarben des Unternehmens getaucht. Bemerkenswert ist die Eingliederung in das Nummernschema. Die Loks werden als Baureihe 248 geführt, was eigentlich in das Schema für reine Dieselfahrzeuge passen würde. Optisch unterscheidet sich der Vectron Dual Mode von seinen reinen E-Verwandten in vielerlei Hinsicht. Das Dach trägt nur einen Stromabnehmer und ist in der Höhe auf das maximal zulässige Maß leicht angewachsen. Ferner finden sich hier der Hauptschalter sowie zwei Überspannungsableiter. Auch ein kleiner Buckel ist erkennbar, denn all die Bauteile für eine duale Maschine brauchen Platz. Zudem ist die Lok deutlich länger geworden im Vergleich zum bekannten Vectron. Sie misst über Puffer 19,980 Millimeter und ist somit gut einen Meter länger. Auf der einen Seite des Lokkastens fallen die Kühlkammer und die beiden Lüftungsgitter auf. Erstere saugt die Luft für den Verbrennungsmotor an, letztere dienen zur Kühlung der elektrischen Aggregate, unter anderem der Fahrmotoren. Die Dienstmasse beträgt 90 Tonnen. Die elektrische Leistung wird mit zwei Megawatt angegeben, der Dieselmotor leistet 2,4 Megawatt. Die Höchstgeschwindigkeit beträgt 160 km/h. Im Sinne einer nachhaltigen Klimapolitik und des zu erwartenden Mehrverkehrs auf der Schiene sind EVUs mit dem Vectron Dual Mode sicher gut unterwegs. Man darf gespannt sein, wie sich die Maschinen, nicht nur bei Railsystems RP GmbH im harten Alltag bewähren werden. Dort, wo sie schon im Einsatz sind, laufen die Hybridfahrzeuge anstandslos, auch der Wechsel zwischen Elektro- und Dieselbetrieb läuft reibungslos."||||||||15 Jahre||||||||||||||Non-Organic||||"{'target_group': 'Jugendliche|Erwachsene', 'Artikelnummer des Herstellers': '39291', 'Altersempfehlung ab': '15 Jahre', 'Inhalt': '1 Stk.', 'Produkttyp': 'Elektrolokomotive'}"||||||||||||||5.0|1|2890714_1.png|https://static.mueller.de/pdzoom/4001883392912.webp|2890714_2.png|https://static.mueller.de/pdzoom/4001883392912_2.webp|2890714_3.png|https://static.mueller.de/pdzoom/4001883392912_3.webp|2890714_4.png|https://static.mueller.de/pdzoom/4001883392912_4.webp||||||||||||||||39291||||||||||1 Stk.|||False||2890714P|||||||||1
2890718|mueller||||||||2024-10-28|Märklin 39463 H0 Elektrolokomotive Re 460|MÄRKLIN||1|Stk.|Home|Spielwaren|Modellbau & Modelleisenbahn|Modelleisenbahn|Lokomotiven|Elektrolokomotiven|Märklin 39463 H0 Elektrolokomotive Re 460|399,00 €|399,00 €|399,00 €|359,00 €||||10%|Sie sparen 10%|||||||EUR|Home> Spielwaren> Modellbau & Modelleisenbahn> Modelleisenbahn> Lokomotiven> Elektrolokomotiven> Märklin 39463 H0 Elektrolokomotive Re 460|https://www.mueller.at/p/maerklin-39463-h0-elektrolokomotive-re-460-IPN2890718/|1 Stk.|"Vorbild: Elektrolokomotive Re 460 der Schweizerischen Bundesbahnen (SBB/CFF/FFS). Neutrale feuerrote Grundfarbgebung. Lokname: „Hohle Gasse"". Ausführung mit erhabenem Stirnsignet. Betriebsnummer: 460 067-2. Betriebszustand ab 2021.
HighlightsAusführung mit erhabenem StirnsignetFiligrane Einholm-Stromabnehmer.Vier Achsen angetriebenFührerstandbeleuchtung.Europäischer und Schweizer Lichtwechsel.
Modell: Mit Digital-Decoder mfx+ und umfangreichen Geräuschfunktionen. Geregelter Hochleistungsantrieb zentral eingebaut. 4 Achsen angetrieben. Haftreifen. Fahrtrichtungsabhängig wechselndes Dreilicht-Spitzensignal und 1 weißen Schlusslicht konventionell in Betrieb, digital schaltbar. Schweizer Lichtwechsel und Lichtwechsel weiß/rot digital schaltbar. Spitzensignal an Lokseite 2 und 1 jeweils separat digital abschaltbar. Fernscheinwerfer digital schaltbar. Führerstandbeleuchtung digital schaltbar. Warnsignal und Fahrberechtigungssignal digital schaltbar. Beleuchtung mit wartungsfreien warmweißen und roten Leuchtdioden (LED). Filigrane Einholm-Stromabnehmer. Angesetzte Griffstangen aus Metall. Länge über Puffer ca. 21,3 cm.
Passende Personenwagen finden Sie im Märklin H0-Sortiment unter der Artikelnummer 42153, 42154 und 42177. Dieses Modell finden Sie in Gleichstromausführung im Trix H0-Sortiment unter der Artikelnummer 22624.
Spur / Bauart    H0 / 1:87Epoche    VI"||||||||15 Jahre||||||||||||||Non-Organic||||"{'target_group': 'Jugendliche|Erwachsene', 'Artikelnummer des Herstellers': '39463', 'Altersempfehlung ab': '15 Jahre', 'Inhalt': '1 Stk.', 'Produkttyp': 'Elektrolokomotive'}"||||||||||||||0|0|2890718_1.png|https://static.mueller.de/pdzoom/4001883394633.webp|2890718_2.png|https://static.mueller.de/pdzoom/4001883394633_3.webp|2890718_3.png|https://static.mueller.de/pdzoom/4001883394633_4.webp|2890718_4.png|https://static.mueller.de/pdzoom/4001883394633_2.webp||||||||||||||||39463||||||||||1 Stk.|||False||2890718P|||||||||1
2890719|mueller||||||||2024-10-28|Märklin 39546 H0 Gleiskraftwagen ROBEL|MÄRKLIN||1|Stk.|Home|Spielwaren|Modellbau & Modelleisenbahn|Modelleisenbahn|Lokomotiven|Diesellokomotiven|Märklin 39546 H0 Gleiskraftwagen ROBEL|389,00 €|389,00 €||||||||||||||EUR|Home> Spielwaren> Modellbau & Modelleisenbahn> Modelleisenbahn> Lokomotiven> Diesellokomotiven> Märklin 39546 H0 Gleiskraftwagen ROBEL|https://www.mueller.at/p/maerklin-39546-h0-gleiskraftwagen-robel-IPN2890719/|1 Stk.|"Vorbild: Gleiskraftwagen ROBEL angelehnt an die Bauart 54.20 der Firma Leonhard Weiss, Göppingen. Mit beweglichem Ladekran. Einsatz zur Instandhaltung und Kontrolle. Goldgelbe Grundfarbgebung. Betriebszustand ab 2020.
Highlights:
Ladekran digital steuerbar.
Mit Digital-Decoder mfx+ und voller Geräuschausstattung.
Modell: Mit Digital-Decoder mfx+ und umfangreichen Geräuschfunktionen. Geregelter Hochleistungsantrieb. Wartungsfreier Motor in kompakter Bauform. 2 Achsen angetrieben. Angesetzte Griffstangen am Führerhaus. Fahrtrichtungsabhängig wechselndes Dreilicht-Spitzensignal und zwei rote Schlusslichter konventionell in Betrieb, digital schaltbar. Spitzensignal an Lokseite 2 und 1 jeweils digital separat abschaltbar. Doppel-A-Licht-Funktion. Beleuchtung mit wartungsfreien warmweißen und roten Leuchtdioden (LED). Führerstand mit Einrichtung und schaltbarer Innenbeleuchtung. Ladekran motorisch schwenkbar, digital steuerbar.
Länge über Puffer 13,4 cm.

Die ideale Ergänzung für den Zweiwege-Unimog der Firma Leonhard Weiss, welcher unter der Artikelnummer 39942 exklusiv im Shop des märklineums in Göppingen erhältlich ist. Dieses Produkt entstand in Kooperation mit der Firma Viessmann Modelltechnik GmbH.
Spur / Bauart	H0 / 1:87
Epoche	VI"||||||||15 Jahre||||||||||||||Non-Organic||||"{'target_group': 'Jugendliche|Erwachsene', 'Artikelnummer des Herstellers': '39546', 'Altersempfehlung ab': '15 Jahre', 'Inhalt': '1 Stk.', 'Produkttyp': 'Diesellokomotive'}"||||||||||||||0|0|2890719_1.png|https://static.mueller.de/pdzoom/4001883395463.webp||||||||||||||||||||||39546||||||||||1 Stk.|||False||2890719P|||||||||1
2890700|mueller||||||||2024-10-28|Märklin 37176 - Diesellokomotive V 100.20|MÄRKLIN||1|Stk.|Home|Spielwaren|Modellbau & Modelleisenbahn|Modelleisenbahn|Lokomotiven|Diesellokomotiven|Märklin 37176 - Diesellokomotive V 100.20|299,00 €|299,00 €||||||||||||||EUR|Home> Spielwaren> Modellbau & Modelleisenbahn> Modelleisenbahn> Lokomotiven> Diesellokomotiven> Märklin 37176 - Diesellokomotive V 100.20|https://www.mueller.at/p/maerklin-37176-diesellokomotive-v-100-20-IPN2890700/|1 Stk.|"Vorbild: Diesellokomotive V 100.20 der Deutschen Bundesbahn (DB). Purpurrote Ausführung der Epoche III. Betriebszustand ab 1965. Betriebsnummer V 100 2209.Highlights:Stromführende Kupplung digital schaltbar.Digital-Decoder mfx+.Umfangreiche Geräuschfunktionen.Purpurrote Farbgebung.
Modell: Mit Digital-Decoder mfx+ und umfangreichen Geräuschfunktionen. Geregelter Hochleistungsantrieb mit Schwungmasse zentral eingebaut. Alle 4 Achsen über Kardan angetrieben. Stromführende Kupplung vorne und hinten separat digital schaltbar. Haftreifen. Fahrtrichtungsabhängig wechselndes Dreilicht-Spitzensignal und 2 rote Schlusslichter konventionell in Betrieb, digital schaltbar. Beleuchtung mit warmweißen und roten Leuchtdioden (LED). Detaillierte Pufferbohle. Ansteckbare Bremsschläuche liegen bei.Länge über Puffer 14,1 cm.
Passende Personenwagen finden Sie im Märklin H0-Sortiment unter der Artikelnummer 43175 und 43186.Spur / Bauart    H0 / 1:87Epoche    III"||||||||15 Jahre||||||||||||||Non-Organic||||"{'target_group': 'Jugendliche|Erwachsene', 'Artikelnummer des Herstellers': '37176', 'Altersempfehlung ab': '15 Jahre', 'Inhalt': '1 Stk.', 'Produkttyp': 'Diesellokomotive'}"||||||||||||||5.0|1|2890700_1.png|https://static.mueller.de/pdzoom/4001883371764.webp|2890700_2.png|https://static.mueller.de/pdzoom/4001883371764_2.webp||||||||||||||||||||37176||||||||||1 Stk.|||False||2890700P|||||||||1
2890701|mueller||||||||2024-10-28|Märklin 37191 - H0 Tender-Dampflokomotive Serie Eb 3/5 Habersack|MÄRKLIN||1|Stk.|Home|Spielwaren|Modellbau & Modelleisenbahn|Modelleisenbahn|Lokomotiven|Dampflokomotiven|Märklin 37191 - H0 Tender-Dampflokomotive Serie Eb 3/5 Habersack|389,00 €|389,00 €||||||||||||||EUR|Home> Spielwaren> Modellbau & Modelleisenbahn> Modelleisenbahn> Lokomotiven> Dampflokomotiven> Märklin 37191 - H0 Tender-Dampflokomotive Serie Eb 3/5 Habersack|https://www.mueller.at/p/maerklin-37191-h0-tender-dampflokomotive-serie-eb-3-5-habersack-IPN2890701/|1 Stk.|Modell: Mit Digital-Decoder mfx+ und umfangreichen Geräuschfunktionen. Geregelter Hochleistungsantrieb. 3 Achsen angetrieben. Haftreifen. Fahrtrichtungsabhängig wechselndes Dreilicht-Spitzensignal konventionell in Betrieb, digital schaltbar. Beleuchtung mit wartungsfreien warmweißen Leuchtdioden (LED). Telex-Kupplung vorne und hinten getrennt digital schaltbar. Kupplungswalzer. Angesetzte Schienenräumer. Eingesetzte Griffstangen und Leitungen aus Metall. Kolbenstangenschutzrohre und Bremsschläuche liegen bei.Länge über Puffer 14,6 cm.||||||||15 Jahre||||||||||||||Non-Organic||||{'sound_included': 'Ja', 'Bahnverwaltung Modelleisenbahn': 'SBB - Schweizerische Bundesbahnen', 'Strom System Modellbahn': 'AC - Wechselstrom', 'target_group': 'Erwachsene', 'manufacturer': 'Märklin', 'Artikelnummer des Herstellers': '37191', 'Altersempfehlung ab': '15 Jahre', 'Inhalt': '1 Stk.', 'Maßstab': 'ca. 1:87', 'Produkttyp': 'Dampflokomotive', 'verschluckbare Magnete': 'Nein'}||||||||||||||0|0|2890701_1.png|https://static.mueller.de/ntg_4001883371917_pv_037191/pdzoom/maerklin-37191-h0-tender-dampflokomotive-serie-eb-3-5-habersack.webp|2890701_2.png|https://static.mueller.de/pdzoom/ntg_4001883371917_pd_037191_2.webp||||||||||||||||||||Märklin||||||||||1 Stk.|||False||2890701P|||||||||1
2890703|mueller||||||||2024-10-28|Märklin 37714 H0 Nahverkehrs-Dieseltriebwagen Baureihe 648.2|MÄRKLIN||1|Stk.|Home|Spielwaren|Modellbau & Modelleisenbahn|Modelleisenbahn|Lokomotiven|Elektrolokomotiven|Märklin 37714 H0 Nahverkehrs-Dieseltriebwagen Baureihe 648.2|479,00 €|479,00 €|479,00 €|429,00 €||||10%|Sie sparen 10%|||||||EUR|Home> Spielwaren> Modellbau & Modelleisenbahn> Modelleisenbahn> Lokomotiven> Elektrolokomotiven> Märklin 37714 H0 Nahverkehrs-Dieseltriebwagen Baureihe 648.2|https://www.mueller.at/p/maerklin-37714-h0-nahverkehrs-dieseltriebwagen-baureihe-648-2-IPN2890703/|1 Stk.|"Vorbild: Nahverkehrs-Dieseltriebwagen Baureihe 648.2 (LINT 41) der Deutschen Bahn AG (DB AG). Verkehrsrote Grundfarbgebung. Ausführung mit Tiefeinstiegen. Einsatz im Verkehrsbereich Koblenz, mit Zugzielanzeige ""RE25 Gießen"". Triebwagen-Betriebsnummern 648 206-0 und 648 706-9. Betriebszustand um 2016.
HighlightsSerienmäßig eingebaute LED-Innenbeleuchtung.Mit Spielewelt Digital-Decoder mfx+ und vielfältigen Licht- und Soundfunktionen.Beleuchtete Zugzielanzeige ""RE25 Gießen"".
Modell: Mit Digital-Decoder mfx+ und umfangreichen Geräuschfunktionen. Geregelter Hochleistungsantrieb mit Schwungmasse im Jakobs-Drehgestell angeordnet. 2 Achsen angetrieben. Haftreifen. Fahrtrichtungsabhängig wechselndes Dreilicht-Spitzensignal und zwei rote Schlusslichter konventionell in Betrieb, digital schaltbar. Spitzenlicht an Triebwagenseite 2 und 1 jeweils separat digital abschaltbar. Serienmäßig eingebaute Innenbeleuchtung. Spitzensignal und Innenbeleuchtung mit wartungsfreien warmweißen und roten Leuchtdioden (LED). Zugzielanzeige vorbildgerecht mit gelben LEDs. Spitzensignal, Zugzielanzeige und Innenbeleuchtung konventionell in Betrieb, digital schaltbar. Detaillierte Ausführung von Fahrwerk und Aufbau. Freier Durchblick. Geschlossener Faltenbalg und Kulissenführung am Jakobs-Drehgestell zwischen den Fahrzeughälften. An den Enden Darstellung der Mittelpufferkupplungen.Gesamtlänge ca. 48,1 cm.
Dieses Modell finden Sie in Gleichstromausführung im Trix H0-Sortiment unter der Artikelnummer 25714.
Spur / Bauart    H0 / 1:87Epoche    VI"||||||||15 Jahre||||||||||||||Non-Organic||||"{'target_group': 'Jugendliche|Erwachsene', 'Artikelnummer des Herstellers': '37714', 'Altersempfehlung ab': '15 Jahre', 'Inhalt': '1 Stk.', 'Produkttyp': 'Elektrolokomotive'}"||||||||||||||0|0|2890703_1.png|https://static.mueller.de/pdzoom/4001883377148.webp|2890703_2.png|https://static.mueller.de/pdzoom/4001883377148_4.webp|2890703_3.png|https://static.mueller.de/pdzoom/4001883377148_3.webp|2890703_4.png|https://static.mueller.de/pdzoom/4001883377148_2.webp||||||||||||||||37714||||||||||1 Stk.|||False||2890703P|||||||||1
2890706|mueller||||||||2024-10-28|Märklin 38940 - Dampflokomotive Baureihe 94.5-17|MÄRKLIN||1|Stk.|Home|Spielwaren|Modellbau & Modelleisenbahn|Modelleisenbahn|Lokomotiven|Dampflokomotiven|Märklin 38940 - Dampflokomotive Baureihe 94.5-17|399,00 €|399,00 €|399,00 €|359,00 €||||10%|Sie sparen 10%|||||||EUR|Home> Spielwaren> Modellbau & Modelleisenbahn> Modelleisenbahn> Lokomotiven> Dampflokomotiven> Märklin 38940 - Dampflokomotive Baureihe 94.5-17|https://www.mueller.at/p/maerklin-38940-dampflokomotive-baureihe-94-5-17-IPN2890706/|1 Stk.|"Vorbild: Güterzug-Tenderdampflokomotive Baureihe 94.5-17 (ehemals preußische T16.1) der Deutschen Bundesbahn (DB), mit Läutewerk und Vorwärmer auf dem Kesselscheitel, Rangierfunkantenne, Hülsenpuffern und Puffertellerwarnanstrich. Lok-Betriebsnummer 94 539. Betriebszustand um 1960/61.Highlights: Mit Spielewelt Digital-Decoder mfx+ und umfangreichen Betriebs- und Geräuschfunktionen.Mit Rangierfunkantenne auf dem Führerhausdach.
Modell: Mit Digital-Decoder mfx+ und umfangreichen Geräuschfunktionen. Geregelter Hochleistungsantrieb mit Schwungmasse im Kessel. 5 Achsen angetrieben. Haftreifen. Lokomotive weitgehend aus Metall. Eingerichtet für Rauchsatz 72270. Fahrtrichtungsabhängig wechselndes Dreilicht-Spitzensignal und nachrüstbarer Rauchsatz konventionell in Betrieb, digital schaltbar. Beleuchtung mit wartungsfreien, warmweißen Leuchtdioden (LED). Kolbenstangenschutzrohre und Bremsschläuche liegen bei.Länge über Puffer 14,6 cm.
Dieses Modell finden Sie in Gleichstromausführung im Trix H0-Sortiment unter der Artikelnummer 25940.Spur / Bauart    H0 / 1:87Epoche    III"||||||||15 Jahre||||||||||||||Non-Organic||||"{'target_group': 'Jugendliche|Erwachsene', 'Artikelnummer des Herstellers': '38940', 'Altersempfehlung ab': '15 Jahre', 'Inhalt': '1 Stk.', 'Produkttyp': 'Dampflokomotive'}"||||||||||||||0|0|2890706_1.png|https://static.mueller.de/pdzoom/4001883389400.webp||||||||||||||||||||||38940||||||||||1 Stk.|||False||2890706P|||||||||1
2890707|mueller||||||||2024-10-28|Märklin 39070 Diesellokomotive Class 77|MÄRKLIN||1|Stk.|Home|Spielwaren|Modellbau & Modelleisenbahn|Modelleisenbahn|Lokomotiven|Diesellokomotiven|Märklin 39070 Diesellokomotive Class 77|489,00 €|489,00 €|489,00 €|439,00 €||||10%|Sie sparen 10%|||||||EUR|Home> Spielwaren> Modellbau & Modelleisenbahn> Modelleisenbahn> Lokomotiven> Diesellokomotiven> Märklin 39070 Diesellokomotive Class 77|https://www.mueller.at/p/maerklin-39070-diesellokomotive-class-77-IPN2890707/|1 Stk.|"Vorbild: Dieselelektrische Güterzuglokomotive JT42CWRM, besser bekannt als Class 77. Diesellokomotive der DB Cargo AG. Betriebszustand 2021.
Highlights:
Führerstandbeleuchtung digital schaltbar.
Steuerpultbeleuchtung digital schaltbar.
Serienmäßig eingebauter Rauchgenerator mit dynamischem Rauchausstoß.
Digital-Decoder mfx+.
Modell: Mit Digital-Decoder mfx+ und umfangreichen Geräusch- und Lichtfunktionen. Geregelter Hochleistungsantrieb mit Schwungmasse zentral eingebaut. 4 Achsen über Kardan angetrieben. Haftreifen. Fahrtrichtungsabhängig wechselndes Dreilicht-Spitzensignal und 2 rote Schlusslichter konventionell in Betrieb, digital schaltbar. Spitzensignal an Lokseite 2 und 1 jeweils separat digital abschaltbar. Wenn Spitzensignal an beiden Lokseiten abgeschaltet ist, dann beidseitige Funktion des Doppel-A-Lichtes. Führerstandsbeleuchtung digital schaltbar. Steuerpultbeleuchtung digital schaltbar. Beleuchtung mit wartungsfreien warmweißen und roten Leuchtdioden (LED). Serienmäßig eingebauter Rauchgenerator. Viele separat angesetzte Details. Detaillierte Pufferbohle. Ansteckbare Bremsschläuche liegen bei. Länge über Puffer ca. 24,7 cm.

Dieses Modell finden Sie in Gleichstromausführung im Trix H0-Sortiment unter der Artikelnummer 25300.
Spur / Bauart	H0 / 1:87
Epoche	VI"||||||||15 Jahre||||||||||||||Non-Organic||||"{'target_group': 'Jugendliche|Erwachsene', 'Artikelnummer des Herstellers': '39070', 'Altersempfehlung ab': '15 Jahre', 'Inhalt': '1 Stk.', 'Produkttyp': 'Diesellokomotive'}"||||||||||||||0|0|2890707_1.png|https://static.mueller.de/pdzoom/4001883390703.webp||||||||||||||||||||||39070||||||||||1 Stk.|||False||2890707P|||||||||1
2890730|mueller||||||||2024-10-28|Märklin 43175 H0 Personenwagen-Paar|MÄRKLIN||1|Stk.|Home|Spielwaren|Modellbau & Modelleisenbahn|Modelleisenbahn|Wagen|Personenwagen|Märklin 43175 H0 Personenwagen-Paar|109,00 €|109,00 €||||||||||||||EUR|Home> Spielwaren> Modellbau & Modelleisenbahn> Modelleisenbahn> Wagen> Personenwagen> Märklin 43175 H0 Personenwagen-Paar|https://www.mueller.at/p/maerklin-43175-h0-personenwagen-paar-IPN2890730/|1 Stk.|"Vorbild: Umbauwagen 1./2. Klasse AB3yge und 2. Klasse B3yge mit je drei Radsätzen. Fest gekuppelter Doppelwagen. Chromoxidgrüne Farbgebung. Betriebszustand 1965.
HighlightsSerienmäßig eingebaute LED Innenbeleuchtung.Stromführende Kupplungen.
Modell: Mit serienmäßig eingebauter LED-Innenbeleuchtung. Trennbare, stromführende Kupplungen zwischen den Wagenhälften und an den äußeren Wagenenden montiert. Stromführende Steckkupplung liegt bei. Zur Stromversorgung der Wagen wird ein Fahrzeug mit stromführender Kupplung und Schleifer benötigt. Länge über Puffer ca. 30,5 cm.
Ein passendes Wagen-Paar finden Sie im Märklin H0-Sortiment unter der Artikelnummer 43186. Eine passende Diesellokomotive mit stromführender Kupplung finden Sie im Märklin H0-Sortiment unter der Artikelnummer 37176.
Spur / Bauart    H0 / 1:87Epoche    III"||||||||15 Jahre||||||||||||||Non-Organic||||"{'target_group': 'Jugendliche|Erwachsene', 'Artikelnummer des Herstellers': '43175', 'Altersempfehlung ab': '15 Jahre', 'Inhalt': '1 Stk.', 'Produkttyp': 'Personenwagen'}"||||||||||||||0|0|2890730_1.png|https://static.mueller.de/pdzoom/4001883431758.webp|2890730_2.png|https://static.mueller.de/pdzoom/4001883431758_2.webp||||||||||||||||||||43175||||||||||1 Stk.|||False||2890730P|||||||||1
2890731|mueller||||||||2024-10-28|Märklin 43186 H0 Personenwagen-Paar|MÄRKLIN||1|Stk.|Home|Spielwaren|Modellbau & Modelleisenbahn|Modelleisenbahn|Wagen|Personenwagen|Märklin 43186 H0 Personenwagen-Paar|109,00 €|109,00 €||||||||||||||EUR|Home> Spielwaren> Modellbau & Modelleisenbahn> Modelleisenbahn> Wagen> Personenwagen> Märklin 43186 H0 Personenwagen-Paar|https://www.mueller.at/p/maerklin-43186-h0-personenwagen-paar-IPN2890731/|1 Stk.|"Vorbild: Zwei Umbauwagen 2. Klasse B3yge mit je drei Radsätzen. Fest gekuppelter Doppelwagen. Chromoxidgrüne Farbgebung. Betriebszustand 1965.
HighlightsSerienmäßig eingebaute LED Innenbeleuchtung.Stromführende Kupplungen.
Modell: Mit serienmäßig eingebauter LED-Innenbeleuchtung. Trennbare, stromführende Kupplungen zwischen den Wagenhälften und an den äußeren Wagenenden montiert. Stromführende Steckkupplung liegt bei. Zur Stromversorgung der Wagen wird ein Fahrzeug mit stromführender Kupplung und Schleifer benötigt. Länge über Puffer ca. 30,5 cm.
Ein passendes Wagen-Paar finden Sie im Märklin H0-Sortiment unter der Artikelnummer 43175. Eine passende Diesellokomotive mit stromführender Kupplung finden Sie im Märklin H0-Sortiment unter der Artikelnummer 37176.
Spur / Bauart    H0 / 1:87Epoche    III"||||||||15 Jahre||||||||||||||Non-Organic||||"{'target_group': 'Jugendliche|Erwachsene', 'Artikelnummer des Herstellers': '43186', 'Altersempfehlung ab': '15 Jahre', 'Inhalt': '1 Stk.', 'Produkttyp': 'Personenwagen'}"||||||||||||||0|0|2890731_1.png|https://static.mueller.de/pdzoom/4001883431864.webp||||||||||||||||||||||43186||||||||||1 Stk.|||False||2890731P|||||||||1
2890732|mueller||||||||2024-10-28|Märklin 43787 H0 Reisezugwagenset|MÄRKLIN||1|Stk.|Home|Spielwaren|Modellbau & Modelleisenbahn|Modelleisenbahn|Wagen|Personenwagen|Märklin 43787 H0 Reisezugwagenset|219,00 €|219,00 €||||||||||||||EUR|Home> Spielwaren> Modellbau & Modelleisenbahn> Modelleisenbahn> Wagen> Personenwagen> Märklin 43787 H0 Reisezugwagenset|https://www.mueller.at/p/maerklin-43787-h0-reisezugwagenset-IPN2890732/|1 Stk.|"Vorbild: Vier Reisezugwagen der Schwedischen Staatsbahnen (SJ). Ein A2 1. Klasse, ein AB3K 1./2. Klasse, ein B5 2. Klasse und ein B1K 2. Klasse. Blaue Grundfarbgebung.
Modell: Drehgestelle nach Bauart Minden-Deutz mit geführter Kupplungsaufnahme. Gesamtlänge über Puffer ca. 98,5 cm. Gleichstromradsatz E700580.
Eine passende Elektrolokomotive finden Sie im Märklin H0-Sortiment unter der Artikelnummer 39281.Spur / Bauart    H0 / 1:87Epoche    V"||||||||15 Jahre||||||||||||||Non-Organic||||"{'target_group': 'Jugendliche|Erwachsene', 'Artikelnummer des Herstellers': '43787', 'Altersempfehlung ab': '15 Jahre', 'Inhalt': '1 Stk.', 'Produkttyp': 'Personenwagen'}"||||||||||||||0|0|2890732_1.png|https://static.mueller.de/pdzoom/4001883437873.webp||||||||||||||||||||||43787||||||||||1 Stk.|||False||2890732P|||||||||1
2890733|mueller||||||||2024-10-28|Märklin 43900 H0 Personenwagen-Set InterRegio|MÄRKLIN||1|Stk.|Home|Spielwaren|Modellbau & Modelleisenbahn|Modelleisenbahn|Wagen|Personenwagen|Märklin 43900 H0 Personenwagen-Set InterRegio|299,00 €|299,00 €||||||||||||||EUR|Home> Spielwaren> Modellbau & Modelleisenbahn> Modelleisenbahn> Wagen> Personenwagen> Märklin 43900 H0 Personenwagen-Set InterRegio|https://www.mueller.at/p/maerklin-43900-h0-personenwagen-set-interregio-IPN2890733/|1 Stk.|"Vorbild: Drei Personenwagen unterschiedlicher Bauarten des InterRegio der Deutschen Bundesbahn (DB). Ein Personenwagen Bauart Aim 260.5, 1. Klasse, ein Personenwagen Bauart Bimz 264.2, 2. Klasse und ein Halbspeisewagen Bauart ARkimbz 262.2 ""Bistro Café"". Lichtgraue/Fernblaue Grundfarbgebung mit pastellblauem Zierstreifen. Zuglauf: IR 2670 von Konstanz nach Kassel. Wagen-Ordnungsnummern 49, 50 und 51. Betriebszustand 1993.
Highlights:
Komplette Neukonstruktion der InterRegio Wagenfamilie.
Mehrfarbige Inneneinrichtungen.
Serienmäßig eingebaute LED-Innenbeleuchtung mit Pufferkondensatoren.
Trennbare, stromführende Kurzkupplungen.
Pufferhöhe nach NEM.
Viele separat angesetzte Details.
Modell: Komplette Neukonstruktion der InterRegio-Wagenfamilie. Mehrfarbige Inneneinrichtungen. Alle Wagen mit serienmäßig eingebauter LED-Innenbeleuchtung. In jedem Wagen ist ein Pufferkondensator zur Überbrückung von kurzfristigen stromlosen Stellen eingebaut. Ausgestattet mit trennbaren, stromführenden Kurzkupplungen. Die Innenbeleuchtung funktioniert im Verbund mit dem Schlusslichtwagen aus dem Set 43901, die vorgegebene Fahrzeugreihenfolge ist dafür einzuhalten. Stirnseitig rot transparente Schlusslicht-Einsätze an den Wagenenden. Typspezifisch gestaltete Unterböden mit vielen angesetzten Details. Pufferhöhe nach NEM. Mit Drehgestellen MD 366/367 mit und ohne angesetztem Generator. Separat angesetzte Lüfter an den Wagenkästen. Aufgedruckte Wagenlaufschilder. Wagen einzeln verpackt in zusätzlicher Umverpackung. Befahrbarer Mindestradius 360 mm. Länge über Puffer ca. 84,6 cm.

Weitere ergänzende InterRegio-Wagen finden Sie im Märklin H0-Sortiment unter den Artikelnummern 43901 und 43902. Eine passende Elektrolokomotive finden Sie im Märklin H0-Sortiment unter der Artikelnummer 39152. Dieses Modell finden Sie in Gleichstromausführung im Trix H0-Sortiment unter der Artikelnummer 23200.
Spur / Bauart	H0 / 1:87
Epoche	V"||||||||15 Jahre||||||||||||||Non-Organic||||"{'target_group': 'Jugendliche|Erwachsene', 'Artikelnummer des Herstellers': '43900', 'Altersempfehlung ab': '15 Jahre', 'Inhalt': '1 Stk.', 'Produkttyp': 'Personenwagen'}"||||||||||||||0|0|2890733_1.png|https://static.mueller.de/pdzoom/4001883439006.webp|2890733_2.png|https://static.mueller.de/pdzoom/4001883439006_3.webp|2890733_3.png|https://static.mueller.de/pdzoom/4001883439006_2.webp||||||||||||||||||43900||||||||||1 Stk.|||False||2890733P|||||||||1
2890734|mueller||||||||2024-10-28|Märklin 43901 H0 Personenwagen-Set InterRegio|MÄRKLIN||1|Stk.|Home|Spielwaren|Modellbau & Modelleisenbahn|Modelleisenbahn|Wagen|Personenwagen|Märklin 43901 H0 Personenwagen-Set InterRegio|199,00 €|199,00 €||||||||||||||EUR|Home> Spielwaren> Modellbau & Modelleisenbahn> Modelleisenbahn> Wagen> Personenwagen> Märklin 43901 H0 Personenwagen-Set InterRegio|https://www.mueller.at/p/maerklin-43901-h0-personenwagen-set-interregio-IPN2890734/|1 Stk.|"Vorbild: Zwei Personenwagen unterschiedlicher Bauarten des InterRegio der Deutschen Bundesbahn (DB). Ein Personenwagen Bauart Bimz 264.7, 2. Klasse und ein Personenwagen mit Fahrradabteil Bauart Bimdz 268.2, 2. Klasse. Lichtgraue/Fernblaue Grundfarbgebung mit pastellblauem Zierstreifen. Zuglauf: IR 2670 von Konstanz nach Kassel. Wagen-Ordnungsnummern 44 und 45. Betriebszustand 1993.
HighlightsKomplette Neukonstruktion der InterRegio Wagenfamilie.Mehrfarbige Inneneinrichtungen.Serienmäßig eingebaute LED-Innenbeleuchtung mit Pufferkondensatoren.Trennbare, stromführende Kurzkupplungen.Serienmäßig eingebaute Zugschlussbeleuchtung.Nachbildung des Fahrradständers im Fahrradabteil.Pufferhöhe nach NEM.Viele separat angesetzte Details.
Modell: Komplette Neukonstruktion der InterRegio-Wagenfamilie. Mehrfarbige Inneneinrichtungen mit Nachbildung des Fahrradständers im Fahrradabteil. Alle Wagen mit serienmäßig eingebauter LED-Innenbeleuchtung. In jedem Wagen ist ein Pufferkondensator zur Überbrückung von kurzfristigen stromlosen Stellen eingebaut. Ausgestattet mit trennbaren, stromführenden Kurzkupplungen. Die Stromaufnahme erfolgt über den Bimdz 268.2. Im Verbund ist die vorgegebene Fahrzeugreihenfolge einzuhalten. Stirnseitig rot transparente Schlusslicht-Einsätze an den Wagenenden. Ein Wagen verfügt über eine serienmäßig eingebaute Zugschlussbeleuchtung. Typspezifisch gestaltete Unterböden mit vielen angesetzten Details. Pufferhöhe nach NEM. Mit Drehgestellen MD 366 ohne Generator. Separat angesetzte Lüfter an den Wagenkästen. Aufgedruckte Wagenlaufschilder. Wagen einzeln verpackt in zusätzlicher Umverpackung. Befahrbarer Mindestradius 360 mm. Länge über Puffer ca. 56,4 cm.
Weitere ergänzende InterRegio-Wagen finden Sie im Märklin H0-Sortiment unter den Artikelnummern 43900 und 43902. Eine passende Elektrolokomotive finden Sie im Märklin H0-Sortiment unter der Artikelnummer 39152. Dieses Modell finden Sie in Gleichstromausführung im Trix H0-Sortiment unter der Artikelnummer 23201.
Spur / Bauart    H0 / 1:87Epoche    V"||||||||15 Jahre||||||||||||||Non-Organic||||"{'target_group': 'Jugendliche|Erwachsene', 'Artikelnummer des Herstellers': '43901', 'Altersempfehlung ab': '15 Jahre', 'Inhalt': '1 Stk.', 'Produkttyp': 'Personenwagen'}"||||||||||||||0|0|2890734_1.png|https://static.mueller.de/pdzoom/4001883439013.webp|2890734_2.png|https://static.mueller.de/pdzoom/4001883439013_2.webp|2890734_3.png|https://static.mueller.de/pdzoom/4001883439013_3.webp||||||||||||||||||43901||||||||||1 Stk.|||False||2890734P|||||||||1
2890735|mueller||||||||2024-10-28|Märklin 43902 H0 Personenwagen InterRegio|MÄRKLIN||1|Stk.|Home|Spielwaren|Modellbau & Modelleisenbahn|Modelleisenbahn|Wagen|Personenwagen|Märklin 43902 H0 Personenwagen InterRegio|99,99 €|99,99 €||||||||||||||EUR|Home> Spielwaren> Modellbau & Modelleisenbahn> Modelleisenbahn> Wagen> Personenwagen> Märklin 43902 H0 Personenwagen InterRegio|https://www.mueller.at/p/maerklin-43902-h0-personenwagen-interregio-IPN2890735/|1 Stk.|"Vorbild: Personenwagen Bauart Bim 263,5, 2. Klasse des InterRegio der Deutschen Bundesbahn (DB). Lichtgraue/Fernblaue Grundfarbgebung mit pastellblauem Zierstreifen. Zuglauf: IR 2670 von Konstanz nach Kassel. Wagen-Ordnungsnummer 48. Betriebszustand 1993.
HighlightsKomplette Neukonstruktion der InterRegio Wagenfamilie.Mehrfarbige Inneneinrichtung.Serienmäßig eingebaute LED-Innenbeleuchtung mit Pufferkondensator.Trennbare, stromführende Kurzkupplungen.Pufferhöhe nach NEM.Viele separat angesetzte Details.
Modell: Komplette Neukonstruktion der InterRegio-Wagenfamilie. Mehrfarbige Inneneinrichtung. Serienmäßig eingebaute LED-Innenbeleuchtung mit Pufferkondensator zur Überbrückung von kurzfristigen stromlosen Stellen. Ausgestattet mit trennbaren, stromführenden Kurzkupplungen. Die Innenbeleuchtung funktioniert im Verbund mit dem Schlusslichtwagen aus dem Set 43901, die vorgegebene Fahrzeugreihenfolge ist dafür einzuhalten. Stirnseitig rot transparente Schlusslicht-Einsätze an den Wagenenden. Typspezifisch gestalteter Unterboden mit vielen angesetzten Details. Pufferhöhe nach NEM. Mit Drehgestellen MD 366 mit angesetztem Generator. Separat angesetzte Lüfter an den Wagenkästen. Aufgedruckte Wagenlaufschilder. Befahrbarer Mindestradius 360 mm. Länge über Puffer 28,2 cm.
Weitere ergänzende InterRegio-Wagen finden Sie im Märklin H0-Sortiment unter den Artikelnummern 43900 und 43901. Eine passende Elektrolokomotive finden Sie im Märklin H0-Sortiment unter der Artikelnummer 39152. Dieses Modell finden Sie in Gleichstromausführung im Trix H0-Sortiment unter der Artikelnummer 23202.
Spur / Bauart    H0 / 1:87Epoche    V"||||||||15 Jahre||||||||||||||Non-Organic||||"{'target_group': 'Jugendliche|Erwachsene', 'Artikelnummer des Herstellers': '43902', 'Altersempfehlung ab': '15 Jahre', 'Inhalt': '1 Stk.', 'Produkttyp': 'Personenwagen'}"||||||||||||||5.0|1|2890735_1.png|https://static.mueller.de/pdzoom/4001883439020.webp||||||||||||||||||||||43902||||||||||1 Stk.|||False||2890735P|||||||||1
2890736|mueller||||||||2024-10-28|Märklin 44122 H0 Märklin my world - Containerwagen|MÄRKLIN||1|Stk.|Home|Spielwaren|Modellbau & Modelleisenbahn|Modelleisenbahn|Wagen|Güter- & Funktionswagen|Märklin 44122 H0 Märklin my world - Containerwagen|14,99 €|14,99 €||||||||||||||EUR|Home> Spielwaren> Modellbau & Modelleisenbahn> Modelleisenbahn> Wagen> Güter- & Funktionswagen> Märklin 44122 H0 Märklin my world - Containerwagen|https://www.mueller.at/p/maerklin-44122-h0-maerklin-my-world-containerwagen-IPN2890736/|1 Stk.|"Willkommen in der Spielzeugwelt von Märklin my world.Die Märklin my world Kindereisenbahn, bietet den altersgerechten Einstieg in die Welt der Eisenbahnen zur bewährten Märklin Qualität. Die kindgerecht gestalteten Lokomotiven und Wagen sind leicht zu handhaben und bieten vom ersten Moment an große Spielfreude. Das umfangreiche Gleis- und Zubehörsortiment bietet unendliche, kreative Möglichkeiten in die Welt rund um die Eisenbahn einzutauchen und die Realität im Kleinen nachzuerleben! Dieses Kinderspielzeug verbindet Generationen.
Vorbild: Containerwagen mit zwei 20 ft. Containern beladen.
Spur / Bauart    H0 / 1:87
HighlightsGüterwagen mit 2 abnehmbaren Containern.Container zum Öffnen und Beladen.Container können mit dem Güterverladebahnhof oder dem Hafenkran magnetisch verladen werden.Individuelle Gestaltungsmöglichkeit des Wagens durch das Aufkleben von Stickern, passend zu den Themenwelten Farm, Containerlogistik, Feuerwehr, Baustelle und Airport.3-teiliges Set mit ca. 17 cm Länge.
Modell: Wagen mit Magnetkupplungen. Die kindgerechten, stabilen Container können geöffnet und beladen werden. Ein fest verbautes Metallteil in den Containern ermöglicht die magnetische Verladung, bei der gemeinsamen Nutzung mit dem Güterverladebahnhof 72211 oder dem Containerschiff mit Hafenkran 72223. Stickerbogen mit Motiven der verschiedenen Märklin my world Themenwelten liegt bei.Länge des Wagens ca. 17 cm.
Der Containerwagen ist die ideale Ergänzung zu den Startpackungen 29342, 29344 und 29346."||||||||3 Jahre||||||||||||||Non-Organic||||"{'target_group': 'Kindergartenkinder|Grundschüler|Jugendliche|Erwachsene', 'Artikelnummer des Herstellers': '44122', 'Altersempfehlung ab': '3 Jahre', 'Inhalt': '1 Stk.', 'Produkttyp': 'Güterwagen'}"||||||||||||||0|0|2890736_1.png|https://static.mueller.de/ntg_4001883441221_pv_044122/pdzoom/maerklin-44122-h0-maerklin-my-world-containerwagen.webp|2890736_2.png|https://static.mueller.de/pdzoom/ntg_4001883441221_pd_044122_2.webp||||||||||||||||||||44122||||||||||1 Stk.|||False||2890736P|||||||||1
2890737|mueller||||||||2024-10-28|Märklin 44123 H0 Märklin my world - Ergänzungswagen zum ICE 3|MÄRKLIN||1|Stk.|Home|Spielwaren|Modellbau & Modelleisenbahn|Modelleisenbahn|Wagen|Personenwagen|Märklin 44123 H0 Märklin my world - Ergänzungswagen zum ICE 3|8,99 €|8,99 €||||||||||||||EUR|Home> Spielwaren> Modellbau & Modelleisenbahn> Modelleisenbahn> Wagen> Personenwagen> Märklin 44123 H0 Märklin my world - Ergänzungswagen zum ICE 3|https://www.mueller.at/p/maerklin-44123-h0-maerklin-my-world-ergaenzungswagen-zum-ice-3-IPN2890737/|1 Stk.|"Vorbild: Ergänzungswagen zum ICE 3 mit abnehmbarem Dach.
Spur / Bauart    H0 / 1:87
HighlightsWagen mit abnehmbarem Dach.ICE Großraumwagen mit Inneneinrichtung.Wagen mit ca. 11 cm Länge.Kindersichere Magnetkupplungen.Ideale Ergänzung zur Startpackung ICE 3.
Modell: Wagen mit Inneneinrichtung und Raum zum Beladen. Dach abnehmbar. Wagen mit Magnetkupplungen.Länge des Wagens 11,2 cm.
Der Wagen ist die ideale Ergänzung zur Startpackung ""ICE 3"" 29430. Weitere Wagen sind unter den Artikelnummern 44114 und 44115 erhältlich."||||||||3 Jahre||||||||||||||Non-Organic||||"{'target_group': 'Kindergartenkinder|Grundschüler|Jugendliche|Erwachsene', 'Artikelnummer des Herstellers': '44123', 'Altersempfehlung ab': '3 Jahre', 'Inhalt': '1 Stk.', 'Produkttyp': 'Personenwagen'}"||||||||||||||0|0|2890737_1.png|https://static.mueller.de/ntg_4001883441238_pv_044123/pdzoom/maerklin-44123-h0-maerklin-my-world-ergaenzungswagen-zum-ice-3.webp||||||||||||||||||||||44123||||||||||1 Stk.|||False||2890737P|||||||||1
2890739|mueller||||||||2024-10-28|Märklin 44234 H0 - Märklin Start up - Geisterwagen - Glow in the Dark|MÄRKLIN||1|Stk.|Home|Spielwaren|Modellbau & Modelleisenbahn|Modelleisenbahn|Wagen|Güter- & Funktionswagen|Märklin 44234 H0 - Märklin Start up - Geisterwagen - Glow in the Dark|24,99 €|24,99 €|24,99 €|22,49 €||||10%|Sie sparen 10%|||||||EUR|Home> Spielwaren> Modellbau & Modelleisenbahn> Modelleisenbahn> Wagen> Güter- & Funktionswagen> Märklin 44234 H0 - Märklin Start up - Geisterwagen - Glow in the Dark|https://www.mueller.at/p/maerklin-44234-h0-maerklin-start-up-geisterwagen-glow-in-the-dark-IPN2890739/|1 Stk.|"Vorbild: Offener Güterwagen in einer individuellen Halloween-Gestaltung.
Highlights:
Glow in the Dark - Bedruckung und Geist leuchten im Dunkeln.
Batteriebetriebenes Soundmodul mit Geistergeheul.
Integrierte Aufnahmefunktion für eine eigene Soundfunktion.
Wagen zum Be- und Entladen.
Modell: Offener Güterwagen in toller Halloween-Gestaltung. Einzelne Bedruckungselemente leuchten im Dunkeln - Glow in the Dark. Der Wagen ist mit einem batteriebetriebenen Soundmodul, inklusive ansteckbarem Geist beladen. Das Soundmodul verfügt über eine fest programmierte Soundfunktion ""Geistergeheul"". Besonderen Spielwert bietet die Aufnahmefunktion für eine weitere, selbstkreierte Soundfunktion. Relex-Kupplungen. Länge über Puffer 11,5 cm. Gleichstromradsatz E700580. Batterien im Lieferumfang enthalten.
Spur / Bauart	H0 / 1:87"||||||||6 Jahre||||||||||||||Non-Organic||||"{'target_group': 'Grundschüler|Jugendliche|Erwachsene', 'Artikelnummer des Herstellers': '44234', 'Altersempfehlung ab': '6 Jahre', 'Batterie-Typ': 'Al/Mn', 'Inhalt': '1 Stk.', 'Produkttyp': 'Güterwagen'}"||||||||||||||0|0|2890739_1.png|https://static.mueller.de/pdzoom/4001883442341.webp|2890739_2.png|https://static.mueller.de/pdzoom/4001883442341_2.webp|2890739_3.png|https://static.mueller.de/pdzoom/4001883442341_3.webp||||||||||||||||||44234||||||||||1 Stk.|||False||2890739P|||||||||1
877901|mueller||||||||2024-10-28|Canon Druckerpatrone PG-512|CANON||1|Stk.|Home|Schreibwaren|Büro|Druckerpatronen|Canon Druckerpatrone PG-512|||27,99 €|27,99 €||||||||||||||EUR|Home> Schreibwaren> Büro> Druckerpatronen> Canon Druckerpatrone PG-512|https://www.mueller.at/p/canon-druckerpatrone-pg-512-877901/|1 Stk.|"Die Original Canon Tintenpatrone PG-512 für exzellente Schärfe, natürliche Farben und lange Haltbarkeit.
Druckreichweite: bis zu 400 Seiten
Füllmenge: 15ml"||||||||||||||||||||||Non-Organic||||"{'Tintenfarbe': 'schwarz', 'Kompatibel mit Drucker': 'PIXMA MX340|PIXMA MX360|PIXMA MX410|PIXMA MX420|PIXMA iP2700|PIXMA iP2702|PIXMA MP230|PIXMA MP270|PIXMA MP272|PIXMA MP280|PIXMA MP240|PIXMA MP250|PIXMA MP252|PIXMA MP260|PIXMA MP282|PIXMA MP480|PIXMA MP490|PIXMA MP492|PIXMA MP495|PIXMA MP499|PIXMA MX320|PIXMA MX350|PIXMA MX330', 'Inhalt': '1 Stk.', 'Geeignet für Drucker': 'Canon', 'Produkttyp': 'Druckerpatronen'}"||||||||||||||0|0|877901_1.png|https://static.mueller.de/5817160424-PV-0/pdzoom/canon-druckerpatrone-pg-512.webp||||||||||||||||||||||||||||||||1 Stk.|||False||877901P|||||Canon||||1
877907|mueller||||||||2024-10-28|Canon Druckerpatrone CL-513 Multipack|CANON||1|Stk.|Home|Schreibwaren|Büro|Druckerpatronen|Canon Druckerpatrone CL-513 Multipack|||32,99 €|32,99 €||||||||||||||EUR|Home> Schreibwaren> Büro> Druckerpatronen> Canon Druckerpatrone CL-513 Multipack|https://www.mueller.at/p/canon-druckerpatrone-cl-513-multipack-877907/|1 Stk.|"Die Original Canon Tintenpatronen CL-513 für exzellente Schärfe, natürliche Farben und lange Haltbarkeit.
Druckreichweite: bis zu  349 Seiten
Füllmenge: 13ml"||||||||||||||||||||||Non-Organic||||"{'Tintenfarbe': 'mehrfarbig', 'Kompatibel mit Drucker': 'PIXMA MP252|PIXMA MP230|PIXMA MP250|PIXMA iP2702|PIXMA iP2700|PIXMA MX410|PXMA MX360|PIXMA MX420|PIXMA MX350|PIXMA MX340|PIXMA MX330|PIXMA MX320|PIXMA MP499|PIXMA MP495|PIXMA MP492|PIXMA MP490|PIXMA MP480|PIXMA MP282|PIXMA MP280|PIXMA MP272|PIXMA MP240', 'Inhalt': '1 Stk.', 'Geeignet für Drucker': 'Canon', 'Produkttyp': 'Druckerpatronen'}"||||||||||||||0|0|877907_1.png|https://static.mueller.de/5817142403-PV-0/pdzoom/canon-druckerpatrone-cl-513-multipack.webp||||||||||||||||||||||||||||||||1 Stk.|||True||877907P|||||Canon||||3
2390144|mueller||||||||2024-10-28|Greatest Hits|||1|Stk.|Home|Multi-Media|Musik|Hip-Hop|Greatest Hits|||29,99 €|29,99 €||||||||||||||EUR|Home> Multi-Media> Musik> Hip-Hop> Greatest Hits|https://www.mueller.at/p/greatest-hits-2390144/|1 Stk.|||||||||||||||||||||||Non-Organic||||{'medium': 'LP (analog)', 'Künstler': 'Notorious B.I.G.,The', 'Inhalt': '1 Stk.', 'Anzahl Medien im Artikel': '2', 'genre': 'HipHop / Rap international', 'Label': 'Rhino'}||||||||||||||0|0|2390144_1.png|https://static.mueller.de/pdzoom/phononet_0603497859245_pv_0603497859245-0600px-001.webp|2390144_2.png|https://static.mueller.de/pdzoom/phononet_0603497859245_pr_0603497859245-0600px-002.webp|2390144_3.png|https://static.mueller.de/6221779909-PR-1/pdzoom/greatest-hits.webp||||||||||||||||||||||||||||1 Stk.|||True||2390144P|||||||||5
2890721|mueller||||||||2024-10-28|Märklin 39679 H0 Diesellokomotive Serie 52|MÄRKLIN||1|Stk.|Home|Spielwaren|Modellbau & Modelleisenbahn|Modelleisenbahn|Lokomotiven|Diesellokomotiven|Märklin 39679 H0 Diesellokomotive Serie 52|379,00 €|379,00 €||||||||||||||EUR|Home> Spielwaren> Modellbau & Modelleisenbahn> Modelleisenbahn> Lokomotiven> Diesellokomotiven> Märklin 39679 H0 Diesellokomotive Serie 52|https://www.mueller.at/p/maerklin-39679-h0-diesellokomotive-serie-52-IPN2890721/|1 Stk.|"Vorbild: Diesellokomotive Serie 52 der Belgischen Eisenbahnen (SNCB/NMBS). Ausführung mit vier Stirnlampen, elektrischer Bremse und Heizkessel. Farbgebung in Grün mit gelbem Streifen. Betriebsnummer 5209.
HighlightsPufferhöhe nach NEM.Führerstandbeleuchtung digital schaltbar.Mit Digital-Decoder mfx+.Angesetzte Griffstangen aus Metall.
Modell: Mit Digital-Decoder mfx+ und umfangreichen Geräuschfunktionen. Geregelter Hochleistungsantrieb zentral eingebaut. 4 Achsen über Kardan angetrieben. Haftreifen. Fahrtrichtungsabhängig wechselndes Zweilicht-Spitzensignal und zwei rote Schlusslichter konventionell in Betrieb, digital schaltbar. Spitzensignal an Lokseite 2 und 1 jeweils digital separat schaltbar. Führerstandbeleuchtung digital separat schaltbar, mit der Fahrtrichtung wechselnd. Rangiergang mit Rangierlicht schaltbar. Beleuchtung mit wartungsfreien warmweißen und roten Leuchtdioden (LED). Angesetzte Griffstangen aus Metall. Führerstände mit Relief-Inneneinrichtung. Länge über Puffer 21,7 cm.
Ein passendes Güterwagen-Set finden Sie im Märklin H0-Sortiment unter der Artikelnummer 47119. Dieses Modell finden Sie in Gleichstromausführung im Trix H0-Sortiment unter der Artikelnummer 22678.
Spur / Bauart    H0 / 1:87Epoche    IV"||||||||15 Jahre||||||||||||||Non-Organic||||"{'target_group': 'Jugendliche|Erwachsene', 'Artikelnummer des Herstellers': '39679', 'Altersempfehlung ab': '15 Jahre', 'Inhalt': '1 Stk.', 'Produkttyp': 'Diesellokomotive'}"||||||||||||||0|0|2890721_1.png|https://static.mueller.de/pdzoom/4001883396798.webp|2890721_2.png|https://static.mueller.de/pdzoom/4001883396798_2.webp||||||||||||||||||||39679||||||||||1 Stk.|||True||2890721P|||||||||1
2890722|mueller||||||||2024-10-28|Märklin 39686 H0 Diesellokomotive Di3|MÄRKLIN||1|Stk.|Home|Spielwaren|Modellbau & Modelleisenbahn|Modelleisenbahn|Lokomotiven|Diesellokomotiven|Märklin 39686 H0 Diesellokomotive Di3|379,00 €|379,00 €||||||||||||||EUR|Home> Spielwaren> Modellbau & Modelleisenbahn> Modelleisenbahn> Lokomotiven> Diesellokomotiven> Märklin 39686 H0 Diesellokomotive Di3|https://www.mueller.at/p/maerklin-39686-h0-diesellokomotive-di3-IPN2890722/|1 Stk.|"Vorbild: Diesellokomotive Typ Di3 der Norwegischen Staatsbahnen (NSB). NOHAB-Mehrzwecklokomotive in olivgrüner Farbgebung der Epoche III. Betriebsnummer 3.613.
HighlightsPufferhöhe nach NEM.Führerstandbeleuchtung digital schaltbar.Mit Digital-Decoder mfx+.Angesetzte Griffstangen aus Metall.Angesetzte Nachbildung des Gitters an den Frontscheiben.
Modell: Mit Digital-Decoder mfx+ und umfangreichen Geräuschfunktionen. Geregelter Hochleistungsantrieb zentral eingebaut. 4 Achsen über Kardan angetrieben. Haftreifen. Fahrtrichtungsabhängig wechselndes Dreilicht-Spitzensignal und zwei rote Schlusslichter konventionell in Betrieb, digital schaltbar. Spitzensignal an Lokseite 2 und 1 jeweils digital separat schaltbar. Führerstandbeleuchtung separat digital schaltbar, mit der Fahrtrichtung wechselnd. Rangiergang mit Rangierlicht schaltbar. Beleuchtung mit wartungsfreien warmweißen und roten Leuchtdioden (LED). Angesetzte Griffstangen aus Metall. Angesetzte Nachbildung des Gitters an den Frontscheiben aus Kunststoff. Führerstände mit Relief-Inneneinrichtung. Länge über Puffer 21,7 cm.
Ein passendes Güterwagen-Set finden Sie im Märklin H0-Sortiment unter der Artikelnummer 46067.
Spur / Bauart    H0 / 1:87Epoche    III"||||||||15 Jahre||||||||||||||Non-Organic||||"{'target_group': 'Jugendliche|Erwachsene', 'Artikelnummer des Herstellers': '39686', 'Altersempfehlung ab': '15 Jahre', 'Inhalt': '1 Stk.', 'Produkttyp': 'Diesellokomotive'}"||||||||||||||0|0|2890722_1.png|https://static.mueller.de/pdzoom/4001883396866.webp|2890722_2.png|https://static.mueller.de/pdzoom/4001883396866_2.webp||||||||||||||||||||39686||||||||||1 Stk.|||False||2890722P|||||||||1
2890723|mueller||||||||2024-10-28|Märklin 39853 H0 Triebwagen ET 85|MÄRKLIN||1|Stk.|Home|Spielwaren|Modellbau & Modelleisenbahn|Modelleisenbahn|Lokomotiven|Elektrolokomotiven|Märklin 39853 H0 Triebwagen ET 85|589,00 €|589,00 €|589,00 €|529,00 €||||10%|Sie sparen 10%|||||||EUR|Home> Spielwaren> Modellbau & Modelleisenbahn> Modelleisenbahn> Lokomotiven> Elektrolokomotiven> Märklin 39853 H0 Triebwagen ET 85|https://www.mueller.at/p/maerklin-39853-h0-triebwagen-et-85-IPN2890723/|1 Stk.|"Spur / Bauart    H0 / 1:87Epoche    III
Vorbild: Elektrischer Triebwagen ET 85 mit Steuerwagen ES 85 der Deutschen Bundesbahn (DB). Ausführung mit oben angebrachten Zugschlußsignal-Laternen in purpurroter Farbgebung. Betriebsnummern ET 85 21 und ES 85 20. Heimatbetriebswerk München. Betriebszustand ab 1958.
HighlightsKomplette Neukonstruktion.Wagenkasten und Wagenboden aus Metall.Serienmäßig eingebaute LED-Innenbeleuchtung.Triebwagen und Steuerwagen in unterschiedlicher und sehr detaillierter Ausführung.Inneneinrichtung individuell und mehrfarbig gestaltet.Mit Digital-Decoder mfx+.Führerstandbeleuchtung digital schaltbar.
Modell: ET 85 als Angetriebene Einheit mit Digital-Decoder mfx+ und umfangreichen Geräuschfunktionen. Geregelter Hochleistungsantrieb. Vier Achsen angetrieben. Haftreifen. Dreilicht-Spitzensignal und zwei rote Schlusslichter über beide Einheiten an den äußeren Stirnseiten mit der Fahrtrichtung wechselnd, digital schaltbar. Beide Einheiten sind über eine mehrpolige Kupplung fest miteinander Gekuppelt. Innenbeleuchtungen im Triebwagen ET 85 und Steuerwagen ES 85 konventionell in Betrieb, digital schaltbar. Beleuchtung mit wartungsfreien warmweißen Leuchtdioden (LED). Spitzensignal an Triebwagenseite 1 und Steuerwagenseite 2 jeweils separat digital abschaltbar. Führerstandbeleuchtung an den äußeren Führerständen separat digital schaltbar.Sehr detaillierte Ausführung von Fahrwerk und Aufbau. Wagenkasten und Wagenboden aus Metall.Mehrteilige und mehrfarbige Inneneinrichtung. Nachgebildete Bremsleitungen und zwei Kurzkupplungsköpfe liegen bei. Gesamtlänge über Puffer ca. 46,8 cm.
Dieses Modell finden Sie in Gleichstromausführung im Trix H0-Sortiment unter der Artikelnummer 25853.
 "||||||||15 Jahre||||||||||||||Non-Organic||||"{'sound_included': 'Ja', 'Bahnverwaltung Modelleisenbahn': 'Deutsche Bundesbahn (DB)', 'Strom System Modellbahn': 'AC - Wechselstrom', 'target_group': 'Jugendliche|Erwachsene', 'manufacturer': 'Märklin', 'Artikelnummer des Herstellers': '39853', 'Altersempfehlung ab': '15 Jahre', 'Inhalt': '1 Stk.', 'Maßstab': 'ca. 1:87', 'Produkttyp': 'Elektrolokomotive', 'verschluckbare Magnete': 'Nein'}"||||||||||||||0|0|2890723_1.png|https://static.mueller.de/ntg_4001883398532_pv_039853/pdzoom/maerklin-39853-h0-triebwagen-et-85.webp|2890723_2.png|https://static.mueller.de/pdzoom/ntg_4001883398532_pd_039853_2.webp|2890723_3.png|https://static.mueller.de/pdzoom/ntg_4001883398532_pd_039853_4.webp|2890723_4.png|https://static.mueller.de/pdzoom/ntg_4001883398532_pd_039853_9.webp|2890723_5.png|https://static.mueller.de/pdzoom/ntg_4001883398532_pd_039853_3.webp|2890723_6.png|https://static.mueller.de/pdzoom/ntg_4001883398532_pd_039853_5.webp||||||||||||Märklin||||||||||1 Stk.|||False||2890723P|||||||||1
2890724|mueller||||||||2024-10-28|Märklin 39888 H0 Dampflokomotive Baureihe 44|MÄRKLIN||1|Stk.|Home|Spielwaren|Modellbau & Modelleisenbahn|Modelleisenbahn|Lokomotiven|Dampflokomotiven|Märklin 39888 H0 Dampflokomotive Baureihe 44|539,00 €|539,00 €|539,00 €|485,00 €||||10%|Sie sparen 10%|||||||EUR|Home> Spielwaren> Modellbau & Modelleisenbahn> Modelleisenbahn> Lokomotiven> Dampflokomotiven> Märklin 39888 H0 Dampflokomotive Baureihe 44|https://www.mueller.at/p/maerklin-39888-h0-dampflokomotive-baureihe-44-IPN2890724/|1 Stk.|"Vorbild: Schwere Güterzug-Dampflokomotive Baureihe 44, mit Einheits-Kohlentender 2´2´T34 der Bundesbahnen Österreich (BBÖ). Schwarze Grundfarbgebung. Mit Wagner-Windleitblechen der Regelausführung, Reichsbahn-Lampen, Vorlauf-Radsatz mit Speichenräder, mit Rauchkammer-Zentralverschluss und ohne Indusi-Magnet. Lok-Betriebsnummer 44 542. Betriebszustand um 1949.
Highlights:Formvariante.Ausführung mit Wagner-Windleitblechen.Luft- und Speisepumpen am Umlauf versetzt.Vorbildgerechte Formänderung des Umlaufes.Umlauf läuft an der Rauchkammer schräg nach unten zur Pufferbohle.Mit Reichsbahn-Lampen als Zweilicht-Spitzensignal an Lok und Tender.Spielewelt mfx+ Digital-Decoder und vielfältige Betriebs- und Soundfunktionen.Führerstandbeleuchtung, Feuerbüchsenflackern und Flackern am Aschekasten digital schaltbar.Durchbrochener Barrenrahmen mit weitgehend freier Sicht zwischen Fahrwerk und Kessel.Hochleistungsantrieb mit Schwungmasse im Kessel.
Modell: Mit Digital-Decoder mfx+ und umfangreichen Geräuschfunktionen. Geregelter Hochleistungsantrieb mit Schwungmasse im Kessel. 5 Achsen angetrieben. Haftreifen. Lokomotive und Kohlen-Tender weitgehend aus Metall. Eingerichtet für Rauchsatz 7226. Fahrtrichtungsabhängig wechselndes Zweilicht-Spitzensignal und nachrüstbarer Rauchsatz konventionell in Betrieb, digital schaltbar. Führerstandbeleuchtung, Feuerbüchsenflackern und Flackern am Aschekasten zusätzlich jeweils separat digital schaltbar. Beleuchtung mit wartungsfreien warmweißen und roten Leuchtdioden (LED). Kurzkupplung mit Kinematik zwischen Lok und Tender. Hinten am Tender und vorne an der Lok kinematikgeführte Kurzkupplung mit NEM-Schacht. Befahrbarer Mindestradius 360 mm. Kolbenstangenschutzrohre, Bremsschläuche und Schraubenkupplungsimitationen liegen bei.Länge über Puffer 26 cm.
Ein passendes Oldtimer-Kesselwagen-Set finden Sie im Märklin H0-Sortiment unter der Artikelnummer 46755.
Dieses Modell finden Sie in Gleichstrom-Ausführung im Trix H0-Sortiment unter der Artikelnummer 25888.
Spur / Bauart    H0 / 1:87Epoche    III"||||||||15 Jahre||||||||||||||Non-Organic||||"{'target_group': 'Jugendliche|Erwachsene', 'Artikelnummer des Herstellers': '39888', 'Altersempfehlung ab': '15 Jahre', 'Inhalt': '1 Stk.', 'Produkttyp': 'Dampflokomotive'}"||||||||||||||5.0|1|2890724_1.png|https://static.mueller.de/pdzoom/4001883398884.webp||||||||||||||||||||||39888||||||||||1 Stk.|||False||2890724P|||||||||1
2890726|mueller||||||||2024-10-28|Märklin 42153 - H0 Schnellzugwagen-Set EW IV B|MÄRKLIN||1|Stk.|Home|Spielwaren|Modellbau & Modelleisenbahn|Modelleisenbahn|Wagen|Personenwagen|Märklin 42153 - H0 Schnellzugwagen-Set EW IV B|199,00 €|199,00 €|199,00 €|179,00 €||||10%|Sie sparen 10%|||||||EUR|Home> Spielwaren> Modellbau & Modelleisenbahn> Modelleisenbahn> Wagen> Personenwagen> Märklin 42153 - H0 Schnellzugwagen-Set EW IV B|https://www.mueller.at/p/maerklin-42153-h0-schnellzugwagen-set-ew-iv-b-IPN2890726/|1 Stk.|Modell: Alle Wagen mit verstellbaren Puffern. Vorbereitet für stromführende Kupplungen 7319 oder stromführende Kurzkupplungen 72020/72021 sowie zum Einbau der Innenbeleuchtung 7330. Alle Wagen mit unterschiedlichen Betriebsnummern und einzeln verpackt. Zusätzliche Umverpackung.Gesamtlänge über Puffer 79,6 cm.Gleichstromradsatz je Wagen E700580.||||||||15 Jahre||||||||||||||Non-Organic||||{'sound_included': 'Nein', 'Bahnverwaltung Modelleisenbahn': 'SBB - Schweizerische Bundesbahnen', 'Strom System Modellbahn': 'AC - Wechselstrom', 'target_group': 'Erwachsene', 'manufacturer': 'Märklin', 'Artikelnummer des Herstellers': '42153', 'Altersempfehlung ab': '15 Jahre', 'Inhalt': '1 Stk.', 'Maßstab': 'ca. 1:87', 'Produkttyp': 'Personenwagen', 'verschluckbare Magnete': 'Nein'}||||||||||||||0|0|2890726_1.png|https://static.mueller.de/ntg_4001883421537_pv_042153/pdzoom/maerklin-42153-h0-schnellzugwagen-set-ew-iv-b.webp||||||||||||||||||||||Märklin||||||||||1 Stk.|||False||2890726P|||||||||1
2890727|mueller||||||||2024-10-28|Märklin 42154 - H0 Schnellzugwagen-Set EW IV A|MÄRKLIN||1|Stk.|Home|Spielwaren|Modellbau & Modelleisenbahn|Modelleisenbahn|Wagen|Personenwagen|Märklin 42154 - H0 Schnellzugwagen-Set EW IV A|135,00 €|135,00 €|135,00 €|119,00 €||||12%|Sie sparen 12%|||||||EUR|Home> Spielwaren> Modellbau & Modelleisenbahn> Modelleisenbahn> Wagen> Personenwagen> Märklin 42154 - H0 Schnellzugwagen-Set EW IV A|https://www.mueller.at/p/maerklin-42154-h0-schnellzugwagen-set-ew-iv-a-IPN2890727/|1 Stk.|Modell: Beide Wagen mit verstellbaren Puffern. Vorbereitet für stromführende Kupplungen 7319 oder stromführende Kurzkupplungen 72020/72021 sowie zum Einbau der Innenbeleuchtung 7330. Beide Wagen mit unterschiedlichen Betriebsnummern und einzeln verpackt. Zusätzliche Umverpackung.Gesamtlänge über Puffer 53,0 cm.Gleichstromradsatz je Wagen E700580.||||||||15 Jahre||||||||||||||Non-Organic||||{'sound_included': 'Nein', 'Bahnverwaltung Modelleisenbahn': 'SBB - Schweizerische Bundesbahnen', 'Strom System Modellbahn': 'AC - Wechselstrom', 'target_group': 'Erwachsene', 'manufacturer': 'Märklin', 'Artikelnummer des Herstellers': '42154', 'Altersempfehlung ab': '15 Jahre', 'Inhalt': '1 Stk.', 'Maßstab': 'ca. 1:87', 'Produkttyp': 'Personenwagen', 'verschluckbare Magnete': 'Nein'}||||||||||||||0|0|2890727_1.png|https://static.mueller.de/ntg_4001883421544_pv_042154/pdzoom/maerklin-42154-h0-schnellzugwagen-set-ew-iv-a.webp||||||||||||||||||||||Märklin||||||||||1 Stk.|||False||2890727P|||||||||1
2890728|mueller||||||||2024-10-28|Märklin 42177 - H0 Schnellzug-Steuerwagen EW IV Bt|MÄRKLIN||1|Stk.|Home|Spielwaren|Modellbau & Modelleisenbahn|Modelleisenbahn|Wagen|Personenwagen|Märklin 42177 - H0 Schnellzug-Steuerwagen EW IV Bt|99,99 €|99,99 €||||||||||||||EUR|Home> Spielwaren> Modellbau & Modelleisenbahn> Modelleisenbahn> Wagen> Personenwagen> Märklin 42177 - H0 Schnellzug-Steuerwagen EW IV Bt|https://www.mueller.at/p/maerklin-42177-h0-schnellzug-steuerwagen-ew-iv-bt-IPN2890728/|1 Stk.|Modell: Verstellbare Puffer. Fahrtrichtungsabhängiger Lichtwechsel von 3x Weiß auf 1x Rot über Schleppschalter, analog und digital funktionsfähig. Spitzensignal mit wartungsfreien warmweißen und roten Leuchtdioden (LED). Führerstand mit Inneneinrichtung. Kulissengeführte Kurzkupplung am Wagenende ohne Führerstand. Vorbereitet für stromführende Kupplungen 7319 oder stromführende Kurzkupplungen 72020/72021 sowie zum Einbau der Innenbeleuchtung 73150.Länge über Puffer 27,5 cm.||||||||15 Jahre||||||||||||||Non-Organic||||{'sound_included': 'Nein', 'Bahnverwaltung Modelleisenbahn': 'SBB - Schweizerische Bundesbahnen', 'Strom System Modellbahn': 'AC - Wechselstrom', 'target_group': 'Erwachsene', 'manufacturer': 'Märklin', 'Artikelnummer des Herstellers': '42177', 'Altersempfehlung ab': '15 Jahre', 'Inhalt': '1 Stk.', 'Maßstab': 'ca. 1:87', 'Produkttyp': 'Personenwagen', 'verschluckbare Magnete': 'Nein'}||||||||||||||0|0|2890728_1.png|https://static.mueller.de/ntg_4001883421773_pv_042177/pdzoom/maerklin-42177-h0-schnellzug-steuerwagen-ew-iv-bt.webp||||||||||||||||||||||Märklin||||||||||1 Stk.|||False||2890728P|||||||||1
2890729|mueller||||||||2024-10-28|Märklin 42470 Pullmanwagen-Set EDELWEISS|MÄRKLIN||1|Stk.|Home|Spielwaren|Modellbau & Modelleisenbahn|Modelleisenbahn|Wagen|Personenwagen|Märklin 42470 Pullmanwagen-Set EDELWEISS|679,00 €|679,00 €|679,00 €|609,00 €||||10%|Sie sparen 10%|||||||EUR|Home> Spielwaren> Modellbau & Modelleisenbahn> Modelleisenbahn> Wagen> Personenwagen> Märklin 42470 Pullmanwagen-Set EDELWEISS|https://www.mueller.at/p/maerklin-42470-pullmanwagen-set-edelweiss-IPN2890729/|1 Stk.|"Vorbild: Sechs unterschiedliche Pullman-Wagen in der Ausführung der Compagnie Internationale des Wagons-Lits et des Grands Express Européens (CIWL) als EDELWEISS PULLMAN EXPRESS. Zwei Gepäckwagen Typ DD3, ein Pullman-Wagen mit Küche VPC Typ ""Côte d´Azur"", ein Pullman-Wagen ohne Küche VP Typ ""Côte d´Azur"", ein Pullman-Wagen mit Küche VPC Typ ""Étoile du Nord"" und ein Pullman-Wagen ohne Küche VP Typ ""Étoile du Nord"". Zuglauf Amsterdam - Den Haag - Rotterdam – Bruxelles Luxembourg - Strasbourg – Bâle - Lucerne– Zürich. Betriebszustand 1937.
Highlights:Komplette Neukonstruktion.Serienmäßig eingebaute LED-Innenbeleuchtung mit Pufferkondensatoren.Salonwagen mit beleuchteten Tischlampen.Ein Gepäckwagen mit Zugschlussbeleuchtung.Stromführende Kupplungen.Alle Wagen in unterschiedlicher und sehr detaillierter Ausführung.Inneneinrichtung der Salonwagen individuell und mehrfarbig gestaltet.Pufferhöhe nach NEM.
Modell: Alle Wagen mit serienmäßig eingebauter LED-Innenbeleuchtung und serienmäßig eingebauten trennbaren, stromführenden Kurzkupplungen. Salonwagen mit beleuchteten Tischlampen. Ein Gepäckwagen mit Zugschlussbeleuchtung. In jedem Wagen ist ein Pufferkondensator zur Überbrückung von kurzfristigen stromlosen Stellen eingebaut. Die Innenbeleuchtung funktioniert im Verbund mit dem Gepäckwagen mit Schlusslicht. Alle Wagen in unterschiedlicher Ausführung und mit vielen angesetzten, sehr detaillierten Details. Angesetzte Griffstangen aus Metall. Die Inneneinrichtung der Salonwagen ist individuell und mehrfarbig gestaltet. Pufferhöhe nach NEM. Für jeden Wagen sind jeweils vier nachgebildete Hauptluftleitungen beiliegend. Faltenbalg lang und kurz beiliegend. Schleifer zur Stromaufnahme an einem Gepäckwagen. Befahrbarer Mindestradius 360 mm. Länge über Puffer Gepäckwagen ca. 23,9 cm. Länge über Puffer Salonwagen ca. 26,9 cm. Gesamtsänge über Puffer ca. 156,5 cm.
Compagnie Internationale des Wagons-Lits et des Grands Express Européens (CIWL) ist eine eingetragene Handelsmarke der Wagons-Lits Diffusion (WLD), Paris, Frankreich. Jedes Recht auf Vervielfältigung wird vorbehalten. © Wagons-Lits Diffusion - France.
Die passende Dampflokomotive finden Sie im Märklin H0-Sortiment unter der Artikelnummer 39244. Dieses Modell finden Sie in Gleichstromausführung im Trix H0-Sortiment unter der Artikelnummer 26470.
Spur / Bauart    H0 / 1:87Epoche    II"||||||||15 Jahre||||||||||||||Non-Organic||||"{'target_group': 'Jugendliche|Erwachsene', 'Artikelnummer des Herstellers': '42470', 'Altersempfehlung ab': '15 Jahre', 'Inhalt': '1 Stk.', 'Produkttyp': 'Personenwagen'}"||||||||||||||0|0|2890729_1.png|https://static.mueller.de/pdzoom/4001883424705.webp|2890729_2.png|https://static.mueller.de/pdzoom/4001883424705_5.webp|2890729_3.png|https://static.mueller.de/pdzoom/4001883424705_4.webp|2890729_4.png|https://static.mueller.de/pdzoom/4001883424705_8.webp|2890729_5.png|https://static.mueller.de/pdzoom/4001883424705_6.webp|2890729_6.png|https://static.mueller.de/pdzoom/4001883424705_3.webp||||||||||||42470||||||||||1 Stk.|||False||2890729P|||||||||1
2826137|mueller||||||||2024-10-28|rayher Rohholzkugeln gebohrt 12mm ø|RAYHER||25|Stk.|Home|Schreibwaren|Bastelbedarf|Bastelsets|rayher Rohholzkugeln gebohrt 12mm ø|||2,79 €|2,79 €|||||||||||1,12 € / 10 Stk.|||EUR|Home> Schreibwaren> Bastelbedarf> Bastelsets> rayher Rohholzkugeln gebohrt 12mm ø|https://www.mueller.at/p/rayher-rohholzkugeln-gebohrt-12mm-IPN2826137/|25 Stk.|Holzperlen werden zum Dekorieren, zum Basteln und für das Basteln mit Kindern verwendet.||||||||||||||||||||||Non-Organic||||{'scope_of_delivery': '25 Stück', 'manufacturer': 'Rayher Hobby GmbH', 'Herstelleradresse': 'Fockestr. 15 ,88471 Laupheim', 'Artikelnummer des Herstellers': '6248600', 'Inhalt': '25 Stk.', 'Produkttyp': 'Sonstiges'}||||||||||||||0|0|2826137_1.png|https://static.mueller.de/pdzoom/4006166143199.webp|2826137_2.png|https://static.mueller.de/pdzoom/4006166143199_2.webp||||||||||||||||||||Rayher Hobby GmbH||||||||||25 Stk.|||True||2826137P|||||||||10
731489|mueller||||||||2024-10-28|GEFU Digital-Thermometer SCALA®|GEFU||1|Stk.|Home|Haushalt|Kochen & Backen|Küchenhelfer & -textilien|Spezialhelfer|GEFU Digital-Thermometer SCALA®||22,95 €|22,95 €||||||||||||||EUR|Home> Haushalt> Kochen & Backen> Küchenhelfer & -textilien> Spezialhelfer> GEFU Digital-Thermometer SCALA®|https://www.mueller.at/p/gefu-digital-thermometer-scala-731489/|1 Stk.|"Schnelle Reaktions- und Messzeit (4 – 10 Sekunden).
• gut lesbares LCD Display mit großen Ziﬀffern
• Messbereich -45 °C bis +200 °C (-49 °F bis +392 °F)
• Hohe Messgenauigkeit • Mit Temperaturtabelle
• Anzeige Grad Celsius und Fahrenheit, Schalter zur Umstellung im Batteriefach
• inkl. Alkaline-Batterie
• Edelstahl Temperaturfühler mit Silikonschutzkappe
• ABS Kunststoﬀffgehäuse mit Edelstahl-Einlage"||||||||||||||||||||||Non-Organic||||{'manufacturer': 'GEFU GmbH', 'Herstelleradresse': 'Braukweg 28, DE-59889 Eslohe', 'Kontaktmöglichkeit': 'kundenservice@gefu.com', 'Höhe': '29.9 cm', 'Breite': '3.2 cm', 'Tiefe': '8.1 cm', 'Batterie-Typ': 'Al/Mn', 'Inhalt': '1 Stk.'}||||||||||||||5.0|2|731489_1.png|https://static.mueller.de/6446663008-PV-0/pdzoom/gefu-digital-thermometer-scala.webp|731489_2.png|https://static.mueller.de/6446663008-PB-1/pdzoom/gefu-digital-thermometer-scala.webp|731489_3.png|https://static.mueller.de/6446663008-PB-2/pdzoom/gefu-digital-thermometer-scala.webp||||||||||||||||||GEFU GmbH||||||||||1 Stk.|||True||731489P|||||||||10
2497491|mueller||||||||2024-10-28|FABER-CASTELL Marker UNI POSCA PC-3M 8er Set Pastell|FABER-CASTELL||1|Stk.|Home|Schreibwaren|Bastelbedarf|Filzstifte|FABER-CASTELL  Marker UNI POSCA PC-3M 8er Set Pastell|||34,00 €|34,00 €||||||||||||||EUR|Home> Schreibwaren> Bastelbedarf> Filzstifte> FABER-CASTELL  Marker UNI POSCA PC-3M 8er Set Pastell|https://www.mueller.at/p/faber-castell-marker-uni-posca-pc-3m-8er-set-pastell-2497491/|1 Stk.|Acryl-Farbmarker für fast alle Oberflächen; Ideal zum Malen, Gestalten, Kolorieren, Zeichnen, Schreiben; deckende, opake, matte Tinte; Permanent auf porösen Oberflächen wie Papier, Pappe, Holz, Ton, Textil; Abwischbar von glatten Oberflächen wie Glas; Linienbreite: 0.9-1.3mm; Austauschbare Rundspitze; 8er Etui Pastell; Etuiinhalt: beige, gelb, hellorange, hellrosa, lila, himmelblau, hellgrün, grau||||||||||||||||||||||Non-Organic||||{'manufacturer': 'A. W. Faber-Castell Vertrieb GmbH', 'Herstelleradresse': 'Nürnberger Str. 2, 90546 Stein', 'Inhalt': '1 Stk.', 'Produkttyp': 'Filzstifte'}||||||||||||||0|0|2497491_1.png|https://static.mueller.de/6958292995-PV-0/pdzoom/faber-castell-marker-uni-posca-pc-3m-8er-set-pastell.webp||||||||||||||||||||||A. W. Faber-Castell Vertrieb GmbH||||||||||1 Stk.|||False||2497491P|||||||||1
731498|mueller||||||||2024-10-28|GEFU Sparschäler Keramik CERAMO|GEFU||1|Stk.|Home|Haushalt|Kochen & Backen|Küchenhelfer & -textilien|Sparschäler|GEFU Sparschäler Keramik CERAMO||7,99 €|7,99 €||||||||||||||EUR|Home> Haushalt> Kochen & Backen> Küchenhelfer & -textilien> Sparschäler> GEFU Sparschäler Keramik CERAMO|https://www.mueller.at/p/gefu-sparschaeler-keramik-ceramo-731498/|1 Stk.|"Zum Schälen von Obst und Gemüse. Für Rechts und Linkshänder geeignet. Geschmacks- und geruchsneutral, antiallergisch und hygienisch. Bei säurehaltigen Lebensmitteln – keine Oxidation.
• Spülmaschinenfest"||||||||||||||||||||||Non-Organic||||{'manufacturer': 'GEFU GmbH', 'Herstelleradresse': 'Braukweg 28, DE-59889 Eslohe', 'Kontaktmöglichkeit': 'kundenservice@gefu.com', 'Höhe': '23.5 cm', 'Breite': '2.3 cm', 'Tiefe': '8.3 cm', 'Inhalt': '1 Stk.'}||||||||||||||0|0|731498_1.png|https://static.mueller.de/6446662696-PV-0/pdzoom/gefu-sparschaeler-keramik-ceramo.webp|731498_2.png|https://static.mueller.de/6446662696-PB-1/pdzoom/gefu-sparschaeler-keramik-ceramo.webp||||||||||||||||||||GEFU GmbH||||||||||1 Stk.|||False||731498P|||||||||1
2497486|mueller||||||||2024-10-28|FABER-CASTELL Marker UNI POSCA PC-1MC 4er Set|FABER-CASTELL||1|Stk.|Home|Schreibwaren|Bastelbedarf|Filzstifte|FABER-CASTELL  Marker UNI POSCA PC-1MC 4er Set|||15,00 €|15,00 €||||||||||||||EUR|Home> Schreibwaren> Bastelbedarf> Filzstifte> FABER-CASTELL  Marker UNI POSCA PC-1MC 4er Set|https://www.mueller.at/p/faber-castell-marker-uni-posca-pc-1mc-4er-set-2497486/|1 Stk.|Acryl-Farbmarker für fast alle Oberflächen; Ideal zum Malen, Gestalten, Kolorieren, Zeichnen, Schreiben; deckende, opake, matte Tinte; Permanent auf porösen Oberflächen wie Papier, Pappe, Holz, Ton, Textil; Abwischbar von glatten Oberflächen wie Glas; Linienbreite: 0.7-1mm; Austauschbare Rundspitze; 4er Etui, Etuiinhalt: schwarz, weiß, gold, silber||||||||||||||||||||||Non-Organic||||{'scope_of_delivery': '4er Set', 'manufacturer': 'A. W. Faber-Castell Vertrieb GmbH', 'Herstelleradresse': 'Nürnberger Str. 2, 90546 Stein', 'Inhalt': '1 Stk.', 'Produkttyp': 'Filzstifte'}||||||||||||||0|0|2497486_1.png|https://static.mueller.de/6958309722-PV-0/pdzoom/faber-castell-marker-uni-posca-pc-1mc-4er-set.webp||||||||||||||||||||||A. W. Faber-Castell Vertrieb GmbH||||||||||1 Stk.|||True||2497486P|||||||||9
535799|mueller||||||||2024-10-28|Best Of Me|||1|Stk.|Home|Multi-Media|Musik|Pop|Best Of Me|||7,99 €|7,99 €||||||||||||||EUR|Home> Multi-Media> Musik> Pop> Best Of Me|https://www.mueller.at/p/best-of-me-535799/|1 Stk.|||||||||||||||||||||||Non-Organic||||{'medium': 'CD', 'Künstler': 'Adams,Bryan', 'Inhalt': '1 Stk.', 'Anzahl Medien im Artikel': '1', 'genre': 'Pop international', 'Label': 'A & M Reco'}||||||||||||||3.0|1|535799_1.png|https://static.mueller.de/pdzoom/phononet_0606949052225_pv_0606949052225-0600px-001.webp||||||||||||||||||||||||||||||||1 Stk.|||True||535799P|||||||||2
2497479|mueller||||||||2024-10-28|FABER-CASTELL Tuschestift Pitt Artist Pen Farbe 199 4x|FABER-CASTELL||1|Stk.|Home|Schreibwaren|Bastelbedarf|Spezialfarben & -stifte|FABER-CASTELL  Tuschestift Pitt Artist Pen Farbe 199 4x|||11,50 €|11,50 €||||||||||||||EUR|Home> Schreibwaren> Bastelbedarf> Spezialfarben & -stifte> FABER-CASTELL  Tuschestift Pitt Artist Pen Farbe 199 4x|https://www.mueller.at/p/faber-castell-tuschestift-pitt-artist-pen-farbe-199-4x-2497479/|1 Stk.|Ideal zum Einstieg ins Mangazeichnen; Pigmentierte Zeichentusche; Hohe Lichtbeständigkeit; Wasserfest, permanent; Geruchsneutral, säurefrei, pH neutral; Schlägt nicht durchs Papier; 4er Etui; Inhalt: XS = 0.1 mm, S = 0.3 mm, F = 0.5 mm, B = Pinselspitze; Farbe 199 Schwarz; Entwickelt mit professionellen Mangazeichnern; Perfekt für Konturen und Outlines bei Comic- und Mangazeichnungen; Erhältlich als Einzelstift und in verschiedenen Etuisortierungen||||||||||||||||||||||Non-Organic||||{'scope_of_delivery': '4er Srtisth', 'manufacturer': 'A. W. Faber-Castell Vertrieb GmbH', 'Herstelleradresse': 'Nürnberger Str. 2, 90546 Stein', 'Inhalt': '1 Stk.', 'Produkttyp': 'Spezialfarben & -stifte'}||||||||||||||0|0|2497479_1.png|https://static.mueller.de/6958241088-PV-0/pdzoom/faber-castell-tuschestift-pitt-artist-pen-farbe-199-4x.webp||||||||||||||||||||||A. W. Faber-Castell Vertrieb GmbH||||||||||1 Stk.|||True||2497479P|||||||||10
2629798|mueller||||||||2024-10-28|Spin Master - Monster Jam - Megalodon Storm Amphibienfahrzeug|SPIN MASTER||1|Stk.|Home|Spielwaren|Kostüme & Partyartikel|Trends|Spin Master - Monster Jam - Megalodon Storm Amphibienfahrzeug|||79,99 €|79,99 €|79,99 €|49,99 €||||38%|Sie sparen 38%|||||||EUR|Home> Spielwaren> Kostüme & Partyartikel> Trends> Spin Master - Monster Jam - Megalodon Storm Amphibienfahrzeug|https://www.mueller.at/p/spin-master-monster-jam-megalodon-storm-amphibienfahrzeug-2629798/|1 Stk.|"Der ferngesteuerte Monster Jam Megalodon Storm liefert Höchstleistung in jedem Gelände. Selbst Wasser ist für den Monstertruck in Hai-Optik kein Hindernis. Ohne an Geschwindigkeit zu verlieren, wechselt der Megalodon Storm von Schnee, Matsch, Geröll oder Gras aufs Wasser und bewegt sich dort durch seine wasserfeste Karosserie und leichten Reifen einfach weiter. Und hat er oder sein Fahrer genug, wechselt er wieder an Land und gibt dort weiter Gas. Spektakuläre Speed-Duelle, 360 Grad Spins oder Stunts lassen sich mit der 2,4 GHz Fernsteuerung realisieren. Aber Achtung: Entfernt sich das Fahrzeug mehr als 30m von der Fernbedienung, signalisiert der Reichweiten-Sensor über einen Piepton das Fahrzeug zurückzuholen. Wie die original Monster Jam Trucks in der Arena ist der Megalodon Storm im Maßstab 1:15 mit BKT-Reifen ausgestattet und fühlt sich damit an wie sein großes Vorbild. Und geht ihm mal der Saft aus, lässt sich der ferngesteuerte Monstertruck einfach per USB aufladen. Monster Jam Action an Land und Wasser mit dem Megalodon Storm.
- Fährt auf Wasser: Wasserfeste Karosserie und individuelle Performance-Reifen sorgen für problemlose Fortbewegung im Wasser. Und hat der Fahrer genug, wechselt der Megalodon Storm übergangslos aufs Land
- Erobert jedes Gelände: Durch seine robuste Bauweise und die leichten Reifen meistert der ferngesteuerte Truck jedes Gelände, egal ob Schnee, Matsch, Geröll oder Gras
- Integrierter Reichweiten-Sensor: Um sicher zu gehen, dass der Megalodon Storm sich nicht zu weit vom Fahrer entfernt, ertönt ein Piepton beim Erreichen eines 30m Abstands
- Technische Details: Der ferngesteuerte Monster Jam Megalodon Storm im Maßstab 1:15 ist per USB aufladbar und benötigt 2 AAA-Batterien für die Fernbedienung (nicht im Lieferumfang enthalten)"||||||||4 Jahre||||||||||||||Non-Organic||||"{'target_group': 'Kindergartenkinder|Grundschüler', 'Artikelnummer des Herstellers': '6056227', 'license': 'Monster Jam', 'Altersempfehlung ab': '4 Jahre', 'Batterie-Typ': 'Li-Ion', 'Inhalt': '1 Stk.', 'Produkttyp': 'Kleinspielzeug'}"||||||||||||||5.0|1|2629798_1.png|https://static.mueller.de/6827004686-PV-0/pdzoom/spin-master-monster-jam-megalodon-storm-amphibienfahrzeug.webp|2629798_2.png|https://static.mueller.de/6827004686-PB-1/pdzoom/spin-master-monster-jam-megalodon-storm-amphibienfahrzeug.webp|2629798_3.png|https://static.mueller.de/6827004686-PB-2/pdzoom/spin-master-monster-jam-megalodon-storm-amphibienfahrzeug.webp|2629798_4.png|https://static.mueller.de/6827004686-PB-3/pdzoom/spin-master-monster-jam-megalodon-storm-amphibienfahrzeug.webp|2629798_5.png|https://static.mueller.de/6827004686-PB-4/pdzoom/spin-master-monster-jam-megalodon-storm-amphibienfahrzeug.webp|2629798_6.png|https://static.mueller.de/6827004686-PB-5/pdzoom/spin-master-monster-jam-megalodon-storm-amphibienfahrzeug.webp||||||||||||6056227||||||||||1 Stk.|||True||2629798P|||||||||10
731474|mueller||||||||2024-10-28|GEFU Allzweckschere UNA|GEFU||1|Stk.|Home|Haushalt|Kochen & Backen|Küchenhelfer & -textilien|Spezialhelfer|GEFU Allzweckschere UNA||11,95 €|11,95 €||||||||||||||EUR|Home> Haushalt> Kochen & Backen> Küchenhelfer & -textilien> Spezialhelfer> GEFU Allzweckschere UNA|https://www.mueller.at/p/gefu-allzweckschere-una-731474/|1 Stk.|"Die Schere verfügt über eine Edelstahlklinge und einen integrierten Kapselheber. Weiterhin für Schraubverschlüsse bis ø 30 mm geeignet. Der handsympathische Kunststoﬀgriffﬀ liegt gut in der Hand.
• handsympathischer Griﬀff"||||||||||||||||||||||Non-Organic||||{'manufacturer': 'GEFU GmbH', 'Herstelleradresse': 'Braukweg 28, DE-59889 Eslohe', 'Kontaktmöglichkeit': 'kundenservice@gefu.com', 'Höhe': '29.3 cm', 'Breite': '2.1 cm', 'Tiefe': '11.6 cm', 'Inhalt': '1 Stk.'}||||||||||||||0|0|731474_1.png|https://static.mueller.de/6446662977-PV-0/pdzoom/gefu-allzweckschere-una.webp|731474_2.png|https://static.mueller.de/6446662977-PB-1/pdzoom/gefu-allzweckschere-una.webp|731474_3.png|https://static.mueller.de/6446662977-PB-2/pdzoom/gefu-allzweckschere-una.webp||||||||||||||||||GEFU GmbH||||||||||1 Stk.|||False||731474P|||||||||1
2629787|mueller||||||||2024-10-28|Spin Master Games - Bellz Refesh (dreisprachig)|SPIN MASTER||1|Stk.|Home|Spielwaren|Spiele & Puzzles|Spiele|Gesellschaftsspiele|Spin Master Games - Bellz Refesh (dreisprachig)||19,99 €|19,99 €||||||||||||||EUR|Home> Spielwaren> Spiele & Puzzles> Spiele> Gesellschaftsspiele> Spin Master Games - Bellz Refesh (dreisprachig)|https://www.mueller.at/p/spin-master-games-bellz-refesh-dreisprachig-2629787/|1 Stk.|"Bellz. Das anziehende Geschicklichkeitsspiel für die ganze Familie - ab September 2020 wieder in der SuperToyClub-Show von Toggo. Bei Bellz. gewinnen Feingefühl und Strategie: Die Spieler nutzen abwechselnd den magnetischen Stab, um die Glöckchen ihrer Farbe vom Spielfeld zu heben. Aber Vorsicht: Wer versehentlich auch gegnerische Glöckchen mitangelt, muss seinen Fang komplett wieder abgeben. Wer zuerst all seine Glöckchen eingesammelt hat, gewinnt. Praktisch überall spielbar: Die enthaltene robuste Kunststoffbox ist einfach mitzunehmen - und dient gleichzeitig als Spielfeld. Anziehender Spielspaß für 2-4 Spieler ab 6 Jahren. 2. Auflage im Spielkarton.
- SPIELSPASS FÜR DIE GANZE FAMILIE mit dem Geschicklichkeitsspiel Bellz. Jeder Spieler versucht, mit dem magnetischen Stab Glöckchen seiner Farbe zu sammeln. Gewonnen hat der Spieler, der als Erster alle Glöckchen gesammelt hat. Perfekt für einen Spieleabend mit der ganzen Familie - Mit Bellz läuten die Glocken zum rasanten Spielspaß
- FINGERSPITZENGEFÜHL und EIN BISSCHEN STRATEGIE: Bellz gewinnt man mit ruhiger Hand, Geduld und mit etwas strategischem Denken. Bellz ist das lustige Spiel mit Suchtfaktor - leicht zu lernen, aber schwer zu meistern wird es die ganze Familie begeistern
- EINZIGARTIGES SPIELMATERIAL PRAKTISCH VERSTAUT: Bellz. mit seinem tollen Spielmaterial ist schnell verräumt und praktisch überall hin mitnehmbar. Die robuste, runde Box dient gleichzeitig als Spielplan und zur Aufbewahrung. So kann man spontan, zwischendurch spielen. Ob am Tisch, im Park oder im Auto: Bellz macht überall Spaß
- BELLZ - DER BELIEBTE SPIELEKLASSIKER: Bellz für 2-4 Spieler ab 6 Jahren garantiert kurzweiliges, lustiges Spielen für Jung und Alt. Die Spielregeln sind einfach erlernt, und ein Spiel dauert schnelle 10-20 Minuten. Da spielt man gern eine weitere Runde. Bellz - die spielerisch-anziehende Herausforderung für die ganze Familie"||||||||6 Jahre||||||||||||||Non-Organic||||"{'target_group': 'Jugendliche|Erwachsene', 'Artikelnummer des Herstellers': '6059530', 'license': 'Spin Master Games', 'Altersempfehlung ab': '6 Jahre', 'Inhalt': '1 Stk.', 'Produkttyp': 'Familienspiele'}"||||||||||||||0|0|2629787_1.png|https://static.mueller.de/6827004685-PV-0/pdzoom/spin-master-games-bellz-refesh-dreisprachig.webp|2629787_2.png|https://static.mueller.de/6827004685-PB-1/pdzoom/spin-master-games-bellz-refesh-dreisprachig.webp|2629787_3.png|https://static.mueller.de/6827004685-PB-2/pdzoom/spin-master-games-bellz-refesh-dreisprachig.webp|2629787_4.png|https://static.mueller.de/6827004685-PB-3/pdzoom/spin-master-games-bellz-refesh-dreisprachig.webp|2629787_5.png|https://static.mueller.de/6827004685-PB-4/pdzoom/spin-master-games-bellz-refesh-dreisprachig.webp|2629787_6.png|https://static.mueller.de/6827004685-PB-5/pdzoom/spin-master-games-bellz-refesh-dreisprachig.webp||||||||||||6059530||||||||||1 Stk.|||True||2629787P|||||||||10
2629783|mueller||||||||2024-10-28|Spin Master Games - Hedbanz - das rasante Ratespiel für die ganze Familie - Neuauflage mit tollem Spielmaterial|SPIN MASTER||1|Stk.|Home|Spielwaren|Spiele & Puzzles|Spiele|Gesellschaftsspiele|Spin Master Games - Hedbanz - das rasante Ratespiel für die ganze Familie - Neuauflage mit tollem Spielmaterial||19,99 €|19,99 €|19,99 €|14,99 €||||25%|Sie sparen 25%|||||||EUR|Home> Spielwaren> Spiele & Puzzles> Spiele> Gesellschaftsspiele> Spin Master Games - Hedbanz - das rasante Ratespiel für die ganze Familie - Neuauflage mit tollem Spielmaterial|https://www.mueller.at/p/spin-master-games-hedbanz-das-rasante-ratespiel-fuer-die-ganze-familie-neuauflage-mit-tollem-spielmaterial-2629783/|1 Stk.|"Hedbanz - das lustige Rate- und Kommunikationsspiel für 2-6 Spieler ab 6 Jahren. Die Neuauflage enthält 6 witzige individuelle Stirnbänder, einen überarbeiteten Kartensatz und vereinfachte Spielregeln - für einen noch schnelleren Zugang und großen Spielspaß. Jeder Spieler trägt ein Stirnband, an dem eine Karte befestigt ist, die er selbst nicht sehen kann, sondern erraten muss. Aufgepasst, das blitzschnelle Fragenstellen geht los, denn die Sanduhr läuft: Bin ich ein Tier? Bin ich etwas zu Essen? - Wer an der Reihe ist, darf so lange unterschiedliche Fragen stellen, bis die Zeit abgelaufen ist. Hat er innerhalb der Zeit richtig geraten, darf er einen ?-Clip an seinem Stirnband befestigen und versuchen, gleich die nächste Karte zu erraten. Es gewinnt derjenige, der als erster 3 ?-Clips an seinem Stirnband stecken hat. Hedbanz, der spaßige Ratespiel-Klassiker für Kinder und Familien.
Hedbanz - das lustige Rate- und Kommunikationsspiel für 2-6 Spieler ab 6 Jahren. Die Neuauflage mit 6 witzigen Stirnbändern, einem überarbeiteten Kartensatz und vereinfachten Spielregeln - für einen noch schnelleren Zugang und großen Spielspaß
Die spaßigen Hedbanz-Stirnbänder gibt's in den Formen: Pirat, Katze, Einhorn, König, Patient und Schlafmütze
Gut gefragt ... ist halb gewonnen: Wer bei Hedbanz am Zug ist, stellt schnelle Fragen: Bin ich ein Tier? Stinke ich? Bin ich etwas zu Essen? Bis die Sanduhr abgelaufen ist
Spielspaß für die ganze Familie: Neuauflage für noch mehr Spielspaß - Hedbanz, der spaßige Ratespiel-Klassiker für 2-6 Spieler ab 6 Jahren
Inhalt: 6 Stirnbänder, 16 ?-Clips, 69 Bildkarten, 3 Beispiel-Fragenkarten, 1 Sanduhr, 1 Anleitung"||||||||6 Jahre||||||||||||||Non-Organic||||"{'target_group': 'Grundschüler|Jugendliche|Erwachsene', 'Artikelnummer des Herstellers': '6059492', 'license': 'Spin Master Games', 'Altersempfehlung ab': '6 Jahre', 'Inhalt': '1 Stk.', 'Produkttyp': 'Familienspiele'}"||||||||||||||5.0|1|2629783_1.png|https://static.mueller.de/6973584480-PV-0/pdzoom/spin-master-games-hedbanz-das-rasante-ratespiel-fuer-die-ganze-familie-neuauflage-mit-tollem-spielmaterial.webp|2629783_2.png|https://static.mueller.de/6973584480-PB-1/pdzoom/spin-master-games-hedbanz-das-rasante-ratespiel-fuer-die-ganze-familie-neuauflage-mit-tollem-spielmaterial.webp|2629783_3.png|https://static.mueller.de/6973584480-PB-2/pdzoom/spin-master-games-hedbanz-das-rasante-ratespiel-fuer-die-ganze-familie-neuauflage-mit-tollem-spielmaterial.webp|2629783_4.png|https://static.mueller.de/6973584480-PB-3/pdzoom/spin-master-games-hedbanz-das-rasante-ratespiel-fuer-die-ganze-familie-neuauflage-mit-tollem-spielmaterial.webp|2629783_5.png|https://static.mueller.de/6973584480-PB-4/pdzoom/spin-master-games-hedbanz-das-rasante-ratespiel-fuer-die-ganze-familie-neuauflage-mit-tollem-spielmaterial.webp|2629783_6.png|https://static.mueller.de/6973584480-PB-5/pdzoom/spin-master-games-hedbanz-das-rasante-ratespiel-fuer-die-ganze-familie-neuauflage-mit-tollem-spielmaterial.webp||||||||||||6059492||||||||||1 Stk.|||False||2629783P|||||||||1
838247|mueller||||||||2024-10-28|Bella Casa Servietten 33x33cm Funny Chicken|BELLA CASA||20|Stk.|Home|Drogerie|Haushalt|Papierartikel|Servietten|Bella Casa Servietten 33x33cm Funny Chicken||1,99 €|1,99 €|||||||||||1,00 € / 10 Stk.|||EUR|Home> Drogerie> Haushalt> Papierartikel> Servietten> Bella Casa Servietten 33x33cm Funny Chicken|https://www.mueller.at/p/bella-casa-servietten-33x33cm-funny-chicken-838247/|20 Stk.|Servietten 33x33cm Funny Chicken ||||||||||||||||||||||Non-Organic||||{'Gewicht': '120', 'manufacturer': 'ppd PAPERPRODUCTS DESIGN GmbH', 'Herstelleradresse': 'Am Hambuch 4, DE-53340 Meckenheim', 'Kontaktmöglichkeit': 'service@ppd.de', 'Materialdetails': 'Tissu', 'Höhe': '16.5 cm', 'Breite': '16.5 cm', 'Tiefe': '2 cm', 'Inhalt': '20 Stk.'}||||||||Tissu||||||0|0|838247_1.png|https://static.mueller.de/pdzoom/8712159197174.webp||||||||||||||||||||||ppd PAPERPRODUCTS DESIGN GmbH||||||||||20 Stk.|||False||838247P|||||||||1
2890785|mueller||||||||2024-10-28|TRIX 25888 Dampflokomotive Baureihe 44|TRIX||1|Stk.|Home|Spielwaren|Modellbau & Modelleisenbahn|Modelleisenbahn|Lokomotiven|Dampflokomotiven|TRIX 25888 Dampflokomotive Baureihe 44|515,00 €|515,00 €||||||||||||||EUR|Home> Spielwaren> Modellbau & Modelleisenbahn> Modelleisenbahn> Lokomotiven> Dampflokomotiven> TRIX 25888 Dampflokomotive Baureihe 44|https://www.mueller.at/p/trix-25888-dampflokomotive-baureihe-44-IPN2890785/|1 Stk.|"Vorbild: Schwere Güterzug-Dampflokomotive Baureihe 44, mit Einheits-Kohlentender 2´2´T34 der Bundesbahnen Österreich (BBÖ). Schwarze Grundfarbgebung. Mit Wagner-Windleitblechen der Regelausführung, Reichsbahn-Lampen, Vorlauf-Radsatz mit Speichenräder, mit Rauchkammer-Zentralverschluss und ohne Indusi-Magnet. Lok-Betriebsnummer 44 542. Betriebszustand um 1949.
HighlightsFormvariante.Ausführung mit Wagner-Windleitblechen.Luft- und Speisepumpen am Umlauf versetzt.Vorbildgerechte Formänderung des Umlaufes.Umlauf läuft an der Rauchkammer schräg nach unten zur Pufferbohle.Mit Reichsbahn-Lampen als Zweilicht-Spitzensignal an Lok und Tender.Führerstandbeleuchtung, Feuerbüchsenflackern und Flackern am Aschekasten digital schaltbar.Durchbrochener Barrenrahmen mit weitgehend freier Sicht zwischen Fahrwerk und Kessel.Hochleistungsantrieb mit Schwungmasse im Kessel.Mit RailCom-fähigem DCC/mfx-Digital-Decoder.
Modell: Mit Digital-Decoder und umfangreichen Geräuschfunktionen. Geregelter Hochleistungsantrieb mit Schwungmasse im Kessel. 5 Achsen angetrieben. Haftreifen. Lokomotive und Kohlen-Tender weitgehend aus Metall. Eingerichtet für Rauchsatz 7226. Fahrtrichtungsabhängig wechselndes Zweilicht-Spitzensignal und nachrüstbarer Rauchsatz konventionell in Betrieb, digital schaltbar. Führerstandbeleuchtung, Feuerbüchsenflackern und Flackern am Aschekasten zusätzlich jeweils separat digital schaltbar. Beleuchtung mit wartungsfreien warmweißen und roten Leuchtdioden (LED). Kurzkupplung mit Kinematik zwischen Lok und Tender. Hinten am Tender und vorne an der Lok kinematikgeführte Kurzkupplung mit NEM-Schacht. Befahrbarer Mindestradius 360 mm. Kolbenstangenschutzrohre, Bremsschläuche und Schraubenkupplungsimitationen liegen bei.Länge über Puffer 26 cm.
Ein passendes Oldtimer-Kesselwagen-Set finden Sie im Märklin H0-Sortiment unter der Artikelnummer 46755 mit Angabe der benötigten Gleichstromradsätze.
Dieses Modell finden Sie in Wechselstrom-Ausführung im Märklin H0-Sortiment unter der Artikelnummer 39888.
Spur / Bauart    Trix H0 /Epoche    III"||||||||15 Jahre||||||||||||||Non-Organic||||"{'target_group': 'Jugendliche|Erwachsene', 'Artikelnummer des Herstellers': 'T25888', 'Altersempfehlung ab': '15 Jahre', 'Inhalt': '1 Stk.', 'Produkttyp': 'Dampflokomotive'}"||||||||||||||0|0|2890785_1.png|https://static.mueller.de/pdzoom/4028106258886.webp||||||||||||||||||||||T25888||||||||||1 Stk.|||False||2890785P|||||||||1
2890786|mueller||||||||2024-10-28|TRIX 25940 H0 Dampflokomotive Baureihe 94.5-17|TRIX||1|Stk.|Home|Spielwaren|Modellbau & Modelleisenbahn|Modelleisenbahn|Lokomotiven|Dampflokomotiven|TRIX 25940 H0 Dampflokomotive Baureihe 94.5-17|379,00 €|379,00 €||||||||||||||EUR|Home> Spielwaren> Modellbau & Modelleisenbahn> Modelleisenbahn> Lokomotiven> Dampflokomotiven> TRIX 25940 H0 Dampflokomotive Baureihe 94.5-17|https://www.mueller.at/p/trix-25940-h0-dampflokomotive-baureihe-94-5-17-IPN2890786/|1 Stk.|"Vorbild: Güterzug-Tenderdampflokomotive Baureihe 94.5-17 (ehemals preußische T16.1) der Deutschen Bundesbahn (DB), mit Läutewerk und Vorwärmer auf dem Kesselscheitel, Rangierfunkantenne, Hülsenpuffern und Puffertellerwarnanstrich. Lok-Betriebsnummer 94 539. Betriebszustand um 1960/61.
HighlightsMit RailCom-fähigem DCC/mfx-Digital-Decoder und umfangreichen Betriebs- und Geräuschfunktionen.Mit Rangierfunkantenne auf dem Führerhausdach.
Modell: Mit Digital-Decoder und umfangreichen Geräuschfunktionen. Geregelter Hochleistungsantrieb mit Schwungmasse im Kessel. 5 Achsen angetrieben. Haftreifen. Lokomotive weitgehend aus Metall. Eingerichtet für Rauchsatz 72270. Fahrtrichtungsabhängig wechselndes Dreilicht-Spitzensignal und nachrüstbarer Rauchsatz konventionell in Betrieb, digital schaltbar. Beleuchtung mit wartungsfreien, warmweißen Leuchtdioden (LED). Kolbenstangenschutzrohre und Bremsschläuche liegen bei.Länge über Puffer 14,6 cm.
Dieses Modell finden Sie in Wechselstromausführung im Märklin H0-Sortiment unter der Artikelnummer 38940.
Spur / Bauart    Trix H0 /Epoche    III"||||||||15 Jahre||||||||||||||Non-Organic||||"{'target_group': 'Jugendliche|Erwachsene', 'Artikelnummer des Herstellers': 'T25940', 'Altersempfehlung ab': '15 Jahre', 'Inhalt': '1 Stk.', 'Produkttyp': 'Dampflokomotive'}"||||||||||||||0|0|2890786_1.png|https://static.mueller.de/pdzoom/4028106259401.webp|2890786_2.png|https://static.mueller.de/pdzoom/4028106259401_2.webp||||||||||||||||||||T25940||||||||||1 Stk.|||True||2890786P|||||||||4
2640221|mueller||||||||2024-10-28|Die ultimative Chartshow - erfolgr. Tanzklassiker|||1|Stk.|Home|Multi-Media|Musik|Pop|Die ultimative Chartshow - erfolgr. Tanzklassiker|||19,99 €|19,99 €||||||||||||||EUR|Home> Multi-Media> Musik> Pop> Die ultimative Chartshow - erfolgr. Tanzklassiker|https://www.mueller.at/p/die-ultimative-chartshow-erfolgr-tanzklassiker-2640221/|1 Stk.|||||||||||||||||||||||Non-Organic||||{'medium': 'CD', 'Künstler': 'Various Artists', 'Inhalt': '1 Stk.', 'Anzahl Medien im Artikel': '2', 'genre': 'Pop international', 'Label': 'PolyStar'}||||||||||||||0|0|2640221_1.png|https://static.mueller.de/pdzoom/phononet_0600753915882_pv_0600753915882-0600px-001.webp|2640221_2.png|https://static.mueller.de/pdzoom/phononet_0600753915882_pr_0600753915882-0600px-002.webp|2640221_3.png|https://static.mueller.de/6776744054-PR-1/pdzoom/die-ultimative-chartshow-erfolgr-tanzklassiker.webp||||||||||||||||||||||||||||1 Stk.|||True||2640221P|||||||||5
2615124|mueller||||||||2024-10-28|KREUL Streety Straßenmalfarbe 6er Set 200 ml|KREUL||1200|ml|Home|Schreibwaren|Bastelbedarf|Bastelsets|KREUL Streety Straßenmalfarbe 6er Set 200 ml|||19,95 €|19,95 €|||||||||||16,63 € / 1 l|||EUR|Home> Schreibwaren> Bastelbedarf> Bastelsets> KREUL Streety Straßenmalfarbe 6er Set 200 ml|https://www.mueller.at/p/kreul-streety-strassenmalfarbe-6er-set-200-ml-2615124/|1200 ml|Abwaschbare Flüssigkreide zum Malen auf Asphalt- und Pflasterflächen||||||||||||||||||||||Non-Organic||||{'scope_of_delivery': '6er Set', 'manufacturer': 'C. Kreul GmbH & Co. KG', 'Herstelleradresse': 'Carl-Kreul-Straße 2 ,91352 Hallerndorf', 'Höhe': '95 cm', 'Breite': '212 cm', 'Tiefe': '145 cm', 'Inhalt': '1200 ml', 'Produkttyp': 'Bastelsets'}||||||||||||||0|0|2615124_1.png|https://static.mueller.de/6947722283-PV-0/pdzoom/kreul-streety-strassenmalfarbe-6er-set-200-ml.webp||||||||||||||||||||||C. Kreul GmbH & Co. KG||||||||||1200 ml|||True||2615124P|||||||||4
2890782|mueller||||||||2024-10-28|TRIX 25499 Diesellokomotive Baureihe 218|TRIX||1|Stk.|Home|Spielwaren|Modellbau & Modelleisenbahn|Modelleisenbahn|Lokomotiven|Diesellokomotiven|TRIX 25499 Diesellokomotive Baureihe 218|315,00 €|315,00 €||||||||||||||EUR|Home> Spielwaren> Modellbau & Modelleisenbahn> Modelleisenbahn> Lokomotiven> Diesellokomotiven> TRIX 25499 Diesellokomotive Baureihe 218|https://www.mueller.at/p/trix-25499-diesellokomotive-baureihe-218-IPN2890782/|1 Stk.|"Highlights:
Neu erstelltes Soundprojekt der Baureihe 218.
Ausgestattet mit den markanten Schneeräumern an beiden Lokfronten.
Vorbildgerechte Dachausführung der 218.4 mit großem Lüfter.
Führerstandsbeleuchtung digital schaltbar.
Fahrgestell und Aufbau der Lokomotive aus Metall.
Mittelmotor, alle vier Achsen angetrieben.
Umfangreiche Licht- und Soundfunktionen.
Mit RailCom-fähigem Digital-Decoder.
Modell: Mit Digital-Decoder und umfangreichen Geräuschfunktionen. Geregelter Hochleistungsantrieb mit Schwungmasse zentral eingebaut. Alle vier Achsen angetrieben. Haftreifen. Fahrtrichtungsabhängig wechselndes Dreilicht-Spitzensignal und 2 rote Schlusslichter konventionell in Betrieb, digital schaltbar. Spitzensignal an Lokseite 2 und 1 jeweils digital separat abschaltbar. Führerstandsbeleuchtung mit der Fahrtrichtung wechselnd, digital schaltbar. Beleuchtung mit wartungsfreien warmweißen und roten Leuchtdioden (LED). Angesetzte Griffstangen seitlich und stirnseitig aus Metall. Detaillierte Pufferbohle mit den für die Baureihe typischen Schneeräumern. Bremsleitungen, Schraubenkupplungen und geschlossene Schneeräumer liegen als separat ansteckbare Teile bei. Länge über Puffer 18,9 cm.

Passende Personenwagen finden Sie im Märklin H0-Sortiment unter der Artikelnummer 43806 und 43816 mit dem Hinweis auf die benötigten Tauschradsätze. Dieses Modell finden Sie in Wechselstromausführung im Märklin H0-Sortiment unter der Artikelnummer 39216.
Spur / Bauart:	Trix H0 /
Epoche:	VI"||||||||15 Jahre||||||||||||||Non-Organic||||"{'target_group': 'Jugendliche|Erwachsene', 'Artikelnummer des Herstellers': 'T25499', 'Altersempfehlung ab': '15 Jahre', 'Inhalt': '1 Stk.', 'Produkttyp': 'Diesellokomotive'}"||||||||||||||0|0|2890782_1.png|https://static.mueller.de/pdzoom/4028106254994.webp||||||||||||||||||||||T25499||||||||||1 Stk.|||True||2890782P|||||||||3
2890783|mueller||||||||2024-10-28|TRIX 25714 H0 Nahverkehrs-Dieseltriebwagen BR 648.2|TRIX||1|Stk.|Home|Spielwaren|Modellbau & Modelleisenbahn|Modelleisenbahn|Lokomotiven|Diesellokomotiven|TRIX 25714 H0 Nahverkehrs-Dieseltriebwagen BR 648.2|455,00 €|455,00 €||||||||||||||EUR|Home> Spielwaren> Modellbau & Modelleisenbahn> Modelleisenbahn> Lokomotiven> Diesellokomotiven> TRIX 25714 H0 Nahverkehrs-Dieseltriebwagen BR 648.2|https://www.mueller.at/p/trix-25714-h0-nahverkehrs-dieseltriebwagen-br-648-2-IPN2890783/|1 Stk.|"Vorbild: Nahverkehrs-Dieseltriebwagen Baureihe 648.2 (LINT 41) der Deutschen Bahn AG (DB AG). Verkehrsrote Grundfarbgebung. Ausführung mit Tiefeinstiegen. Einsatz im Verkehrsbereich Koblenz, mit Zugzielanzeige ""RE25 Gießen"". Triebwagen-Betriebsnummern 648 206-0 und 648 706-9. Betriebszustand um 2016.
HighlightsSerienmäßig eingebaute LED-Innenbeleuchtung.Mit RailCom-fähigem DCC/mfx-Digital-Decoder.Beleuchtete Zugzielanzeige ""RE25 Gießen"".
Modell: Mit Digital-Decoder und umfangreichen Geräuschfunktionen. Geregelter Hochleistungsantrieb mit Schwungmasse im Jakobs-Drehgestell angeordnet. 2 Achsen angetrieben. Haftreifen. Fahrtrichtungsabhängig wechselndes Dreilicht-Spitzensignal und zwei rote Schlusslichter konventionell in Betrieb, digital schaltbar. Spitzenlicht an Triebwagenseite 2 und 1 jeweils separat digital abschaltbar. Doppel-A-Licht-Funktion. Serienmäßig eingebaute Innenbeleuchtung. Spitzensignal und Innenbeleuchtung mit wartungsfreien warmweißen und roten Leuchtdioden (LED). Zugzielanzeige vorbildgerecht mit gelben LEDs. Spitzensignal, Zugzielanzeige und Innenbeleuchtung konventionell in Betrieb, digital schaltbar. Detaillierte Ausführung von Fahrwerk und Aufbau. Freier Durchblick. Geschlossener Faltenbalg und Kulissenführung am Jakobs-Drehgestell zwischen den Fahrzeughälften. An den Enden Darstellung der Mittelpufferkupplungen.Gesamtlänge ca. 48,1 cm.
Dieses Modell finden Sie in Wechselstromausführung im Märklin H0-Sortiment unter der Artikelnummer 37714.
Spur / Bauart    Trix H0 /Epoche    VI"||||||||15 Jahre||||||||||||||Non-Organic||||"{'target_group': 'Jugendliche|Erwachsene', 'Artikelnummer des Herstellers': 'T25714', 'Altersempfehlung ab': '15 Jahre', 'Inhalt': '1 Stk.', 'Produkttyp': 'Diesellokomotive'}"||||||||||||||0|0|2890783_1.png|https://static.mueller.de/pdzoom/4028106257148.webp|2890783_2.png|https://static.mueller.de/pdzoom/4028106257148_2.webp|2890783_3.png|https://static.mueller.de/pdzoom/4028106257148_3.webp|2890783_4.png|https://static.mueller.de/pdzoom/4028106257148_4.webp||||||||||||||||T25714||||||||||1 Stk.|||True||2890783P|||||||||4
246608|mueller||||||||2024-10-28|herlitz Hängemappen 5er-Packung|HERLITZ||5|Stk.|Home|Schreibwaren|Büro|Ordner & Mappen|Mappen|herlitz Hängemappen 5er-Packung||5,59 €|5,59 €|||||||||||11,18 € / 10 Stk.|||EUR|Home> Schreibwaren> Büro> Ordner & Mappen> Mappen> herlitz Hängemappen 5er-Packung|https://www.mueller.at/p/herlitz-haengemappen-5er-packung-246608/|5 Stk.|Die Hängemappen eignen sich für die Aufbewahrung von Dokumenten im DIN A4-Format. Sie sind aus stabilem Kraftkarton hergestellt.||||||||||||||||||||||Non-Organic||||{'scope_of_delivery': '5 Hängemappen', 'Inhalt': '5 Stk.', 'Produkttyp': 'Mappen'}||||||||||||||5.0|1|246608_1.png|https://static.mueller.de/5896768843-PV-0/pdzoom/herlitz-haengemappen-5er-packung.webp||||||||||||||||||||||||||||||||5 Stk.|||True||246608P|||||||||35
246609|mueller||||||||2024-10-28|herlitz Hängetaschen 5er-Packung|HERLITZ||5|Stk.|Home|Schreibwaren|Büro|Ordner & Mappen|Mappen|herlitz Hängetaschen 5er-Packung||6,59 €|6,59 €|||||||||||13,18 € / 10 Stk.|||EUR|Home> Schreibwaren> Büro> Ordner & Mappen> Mappen> herlitz Hängetaschen 5er-Packung|https://www.mueller.at/p/herlitz-haengetaschen-5er-packung-246609/|5 Stk.|Die Hängetaschen eignen sich für die Universal-Hängeregistratur. Sie können für die Aufbewahrung von Dokumenten im DIN A4-Format verwendet werden und bestehen aus stabilem Kraftkarton.||||||||||||||||||||||Non-Organic||||{'scope_of_delivery': '5 Hängetaschen', 'Inhalt': '5 Stk.', 'Produkttyp': 'Mappen'}||||||||||||||0|0|246609_1.png|https://static.mueller.de/5896765771-PV-0/pdzoom/herlitz-haengetaschen-5er-packung.webp||||||||||||||||||||||||||||||||5 Stk.|||True||246609P|||||||||35
877872|mueller||||||||2024-10-28|Der Prinz aus Zamunda|||1|Stk.|Home|Multi-Media|Filme & TV|Komödie & Comedy|Der Prinz aus Zamunda|||4,99 €|4,99 €||||||||||||||EUR|Home> Multi-Media> Filme & TV> Komödie & Comedy> Der Prinz aus Zamunda|https://www.mueller.at/p/der-prinz-aus-zamunda-877872/|1 Stk.|"Im fernen Königreich Zamunda beschließt Prinz Akeem, seine zukünftige Frau in Amerika zu suchen. Für dieses Vorhaben scheint ihm der New Yorker Stadtteil ""Queens"" genau richtig. Um sicher zu sein, die ""Richtige"" zu finden, reist er inkognito, ohne Hofstaat - und ohne Geld. Nur sein treuer Diener Semmi darf ihn begleiten. Diesen treibt das abenteuerliche und unstandesgemäße Verhalten Akeems allerdings fast zum Wahnsinn. Egal, ob der Prinz geruht, zwecks Gelderwerb in einem Schnellimbiss anzuheuern oder seine Bleibe in einem abbruchreifen Haus in den Slums bezieht - keine Idee ist ihm zu abwegig, um den ""American Way of Life"" kennenzulernen. Durch Zufall verschlägt es Prinz Akeem auf eine Bürgerversammlung, wo sein Auge auf ein entzückendes Mädchen fällt. Diese oder keine, und Akeem entwickelt einen Plan zur ""Eroberung"". Zunächst beißt er jedoch auf Granit, denn die Auserwählte ist fest liiert mit dem reichen Langweiler Darryl. Akeem sieht jedoch darin kein Problem......"||||||||||||||||||||||Non-Organic||||{'medium': 'DVD', 'Untertitel': 'Deutsch,Englisch,Arabisch,Bulgarisch,Dänisch,Finnisch,Holländisch,Isländisch,Norwegisch,Polnisch,Rumänisch,Schwedisch,Tschechisch,Türkisch,Ungarisch', 'manufacturer': 'Paramount Pictures (Universal Pictures)', 'Bildformat': '16:9', 'Zusatzinfos / Bonusmaterial beim Film dabei': 'Kinotrailer;', 'Inhalt': '1 Stk.', 'Laufzeit in min (gesamt)': '112', 'Produktionsjahr': '1988', 'Produktionsland': 'USA', 'Regisseur': 'John Landis', 'Schauspieler': 'Eddie Murphy,John Amos,Arsenio Hall,James Earl Jones,Shari Headley,Allison Dean,Eriq LaSalle,Madge Sinclair', 'Special Edition': 'Nein', 'Tonformat-Sprache': 'Englisch,Deutsch', 'Untertitel für Gehörlose': 'Englisch', 'Hauptgenre': 'Komödie'}||||||||||||||0|0|877872_1.png|https://static.mueller.de/videojakob_4010884500554_pv_99387/pdzoom/der-prinz-aus-zamunda.webp|877872_2.png|https://static.mueller.de/pdzoom/videojakob_4010884500554_pr_99387-back.webp|877872_3.png|https://static.mueller.de/videojakob_4010884500554_pd_66603744/pdzoom/der-prinz-aus-zamunda.webp|877872_4.png|https://static.mueller.de/videojakob_4010884500554_pd_66604151/pdzoom/der-prinz-aus-zamunda.webp|877872_5.png|https://static.mueller.de/videojakob_4010884500554_pd_66604604/pdzoom/der-prinz-aus-zamunda.webp|877872_6.png|https://static.mueller.de/videojakob_4010884500554_pd_66604854/pdzoom/der-prinz-aus-zamunda.webp||||||||||||Paramount Pictures (Universal Pictures)||||||||||1 Stk.|||True||877872P|||||||||5
877874|mueller||||||||2024-10-28|Forrest Gump|||1|Stk.|Home|Multi-Media|Filme & TV|Komödie & Comedy|Forrest Gump|||7,99 €|7,99 €||||||||||||||EUR|Home> Multi-Media> Filme & TV> Komödie & Comedy> Forrest Gump|https://www.mueller.at/p/forrest-gump-877874/|1 Stk.|"""DAS LEBEN IST WIE EINE SCHACHTEL PRALINEN....
MAN WEIß NIE, WAS MAN BEKOMMT!""
Wie der Film, ist auch dieses Zitat innerhalb kurzer Zeit zu einem Klassiker geworden - und zu einer Inspiration für Millionen Menschen auf der ganzen Welt.
Tom Hanks brilliert als Forrest Gump in diesem erstaunlichen Meisterwerk von Regisseur Robert Zemeckis. Ein Film, der schon heute zu den erfolgreichsten aller Zeiten zählt und die Gemüter wie kein anderer bewegt. Drei turbulente Jahrzehnte hindurch erlebt Forrest eine Reihe von Abenteuern, in denen er vom körperlichen Schwächling zum Football-Star wird, vom Vietnamhelden zum Krabben-König und die ihn nach allerhöchsten Ehrungen durch das Weiße Haus in die Arme seiner einzigen, wahren Liebe bringen. Forrest ist die Verkörperung einer Ära - ein Unschuldiger in einem Amerika, das gerade seine Unschuld verliert. Sein Herz weiß, was sein beschränkter IQ nicht fassen kann. Sein moralischer Kompaß weicht niemals vom Kurs ab. Seine Triumphe haben uns alle beeindruckt.
FORREST GUMP: die Geschichte eines Lebens."||||||||||||||||||||||Non-Organic||||{'medium': 'DVD', 'Untertitel': 'Deutsch,Englisch,Polnisch,Tschechisch,Türkisch', 'manufacturer': 'Paramount Pictures (Universal Pictures)', 'Bildformat': '16:9', 'Zusatzinfos / Bonusmaterial beim Film dabei': 'Tschechisch mit Englischen Kommentar;\nKommentar Untertitel: Englisch, Deutsch;\nKommentar von Robert Zemeckis, Steve Starkey und Rick Carter;\nKommentar von Wendy Finerman;', 'Inhalt': '1 Stk.', 'Laufzeit in min (gesamt)': '136', 'Produktionsjahr': '1994', 'Produktionsland': 'USA', 'Regisseur': 'Robert Zemeckis', 'Schauspieler': 'Tom Hanks,Robin Wright,Gary Sinise,Sally Field,Mykelti Williamson', 'Special Edition': 'Nein', 'Tonformat-Sprache': 'Deutsch,Englisch,Tschechisch', 'Untertitel für Gehörlose': 'Englisch', 'Hauptgenre': 'Unterhaltung'}||||||||||||||0|0|877874_1.png|https://static.mueller.de/videojakob_4010884590517_pv_121274/pdzoom/forrest-gump.webp|877874_2.png|https://static.mueller.de/pdzoom/videojakob_4010884590517_pr_121274-back.webp|877874_3.png|https://static.mueller.de/videojakob_4010884590517_pd_66602028/pdzoom/forrest-gump.webp|877874_4.png|https://static.mueller.de/videojakob_4010884590517_pd_66602450/pdzoom/forrest-gump.webp|877874_5.png|https://static.mueller.de/videojakob_4010884590517_pd_66602840/pdzoom/forrest-gump.webp|877874_6.png|https://static.mueller.de/videojakob_4010884590517_pd_66603231/pdzoom/forrest-gump.webp||||||||||||Paramount Pictures (Universal Pictures)||||||||||1 Stk.|||True||877874P|||||||||5
2379751|mueller||||||||2024-10-28|Sterntaler - Fingerpuppe Gretel|STERNTALER||1|Stk.|Home|Spielwaren|Kuscheltiere & Puppen|Puppen|Puppentheater|Sterntaler - Fingerpuppe Gretel||7,99 €|7,99 €||||||||||||||EUR|Home> Spielwaren> Kuscheltiere & Puppen> Puppen> Puppentheater> Sterntaler - Fingerpuppe Gretel|https://www.mueller.at/p/sterntaler-fingerpuppe-gretel-2379751/|1 Stk.|"Material:
Softvelour: 100% Polyester
Vichy-Karo: 100% Baumwolle
Gesichtsstoff: 100% Polyamid
Futter, Jersey: 100% Baumwolle
Größe: 10 cm"||||||||0 Jahre||||||||||||||Non-Organic||||"{'target_group': 'Kleinkinder|Kindergartenkinder', 'Artikelnummer des Herstellers': '3611817', 'license': 'Sterntaler Fingerpuppen', 'Altersempfehlung ab': '0 Jahre', 'Inhalt': '1 Stk.', 'Produkttyp': 'Handpuppen'}"||||||||||||||0|0|2379751_1.png|https://static.mueller.de/6236016793-PV-0/pdzoom/sterntaler-fingerpuppe-gretel.webp||||||||||||||||||||||3611817||||||||||1 Stk.|||True||2379751P|||||||||10
2654873|mueller||||||||2024-10-28|edding Permanent Spray 5200 neo mint|EDDING||200|ml|Home|Schreibwaren|Bastelbedarf|Spezialfarben & -stifte|edding Permanent Spray 5200 neo mint|||9,99 €|9,99 €|||||||||||49,95 € / 1 l|||EUR|Home> Schreibwaren> Bastelbedarf> Spezialfarben & -stifte> edding Permanent Spray 5200 neo mint|https://www.mueller.at/p/edding-permanent-spray-5200-neo-mint-2654873/|200 ml|Premium-Acryllack für die schnelle und einfache Verschönerung, Aufbereitung und Nachbesserung fast aller Materialien. Der Standard-Sprühkopf hat eine Sprühbreite von ca. 5-6 cm; Wechselsprühköpfe sind in den Sprühbreiten fein (ca. 1 cm), medium (ca. 4-5 cm), breit (ca. 8-10 cm) und variabel (ca. 13-14 cm) erhältlich. Der Acryl-Pigmentlack hat eine hohe Deckkraft, trocknet extrem schnell, ist witterungsbeständig und extrem lichtbeständig. Erhältlich in einer Vielzahl von matten und glänzenden Farben. Staubtrocken nach etwa 1-3 Minuten, grifffest nach etwa 10 Minuten und durchgetrocknet nach etwa 30 Minuten. 100 % frei von gesundheitsschädlichen Schwermetallen. Hohe Ergiebigkeit - 200 ml reichen für etwa 0,7-1 m². Wechselsprühköpfe erhältlich.||||||||||||||||||||||Non-Organic||||{'scope_of_delivery': '200 ml', 'manufacturer': 'edding Vertrieb GmbH', 'Herstelleradresse': 'An der Feldmark 9B, 31515 Wunstorf', 'Artikelnummer des Herstellers': '4-5200939', 'Farbe': 'neo mint matt', 'Inhalt': '200 ml', 'Produkttyp': 'Spezialfarben & -stifte'}||||||neo mint matt||||||||0|0|2654873_1.png|https://static.mueller.de/6803217430-PV-0/pdzoom/edding-permanent-spray-5200-neo-mint.webp|2654873_2.png|https://static.mueller.de/5960681517-PB-1/pdzoom/edding-permanent-spray-5200-neo-mint.webp|2654873_3.png|https://static.mueller.de/5960681517-PB-10/pdzoom/edding-permanent-spray-5200-neo-mint.webp|2654873_4.png|https://static.mueller.de/5960681517-PB-2/pdzoom/edding-permanent-spray-5200-neo-mint.webp|2654873_5.png|https://static.mueller.de/5960681517-PB-3/pdzoom/edding-permanent-spray-5200-neo-mint.webp|2654873_6.png|https://static.mueller.de/5960681517-PB-4/pdzoom/edding-permanent-spray-5200-neo-mint.webp||||||||||||edding Vertrieb GmbH||||||||||200 ml|||True||2654873P|||||||||10
2654874|mueller||||||||2024-10-28|edding Permanent Spray 5200 champagner gold|EDDING||200|ml|Home|Schreibwaren|Bastelbedarf|Spezialfarben & -stifte|edding Permanent Spray 5200 champagner gold|||9,99 €|9,99 €|||||||||||49,95 € / 1 l|||EUR|Home> Schreibwaren> Bastelbedarf> Spezialfarben & -stifte> edding Permanent Spray 5200 champagner gold|https://www.mueller.at/p/edding-permanent-spray-5200-champagner-gold-2654874/|200 ml|Premium-Acryllack für die schnelle und einfache Verschönerung, Aufbereitung und Nachbesserung fast aller Materialien. Der Standard-Sprühkopf hat eine Sprühbreite von ca. 5-6 cm; Wechselsprühköpfe sind in den Sprühbreiten fein (ca. 1 cm), medium (ca. 4-5 cm), breit (ca. 8-10 cm) und variabel (ca. 13-14 cm) erhältlich. Der Acryl-Pigmentlack hat eine hohe Deckkraft, trocknet extrem schnell, ist witterungsbeständig und extrem lichtbeständig. Erhältlich in einer Vielzahl von matten und glänzenden Farben. Staubtrocken nach etwa 1-3 Minuten, grifffest nach etwa 10 Minuten und durchgetrocknet nach etwa 30 Minuten. 100 % frei von gesundheitsschädlichen Schwermetallen. Hohe Ergiebigkeit - 200 ml reichen für etwa 0,7-1 m². Wechselsprühköpfe erhältlich.||||||||||||||||||||||Non-Organic||||{'scope_of_delivery': '200 ml', 'manufacturer': 'edding Vertrieb GmbH', 'Herstelleradresse': 'An der Feldmark 9B, 31515 Wunstorf', 'Artikelnummer des Herstellers': '4-5200940', 'Farbe': 'champagner gold matt', 'Inhalt': '200 ml', 'Produkttyp': 'Spezialfarben & -stifte'}||||||champagner gold matt||||||||0|0|2654874_1.png|https://static.mueller.de/6803217500-PV-0/pdzoom/edding-permanent-spray-5200-champagner-gold.webp|2654874_2.png|https://static.mueller.de/5960681517-PB-1/pdzoom/edding-permanent-spray-5200-champagner-gold.webp|2654874_3.png|https://static.mueller.de/5960681517-PB-10/pdzoom/edding-permanent-spray-5200-champagner-gold.webp|2654874_4.png|https://static.mueller.de/5960681517-PB-2/pdzoom/edding-permanent-spray-5200-champagner-gold.webp|2654874_5.png|https://static.mueller.de/5960681517-PB-3/pdzoom/edding-permanent-spray-5200-champagner-gold.webp|2654874_6.png|https://static.mueller.de/5960681517-PB-4/pdzoom/edding-permanent-spray-5200-champagner-gold.webp||||||||||||edding Vertrieb GmbH||||||||||200 ml|||True||2654874P|||||||||10
2890752|mueller||||||||2024-10-28|Märklin 46917 H0 - Offener Güterwagen Eaos|MÄRKLIN||1|Stk.|Home|Spielwaren|Modellbau & Modelleisenbahn|Modelleisenbahn|Wagen|Güter- & Funktionswagen|Märklin 46917 H0 - Offener Güterwagen Eaos|51,99 €|51,99 €||||||||||||||EUR|Home> Spielwaren> Modellbau & Modelleisenbahn> Modelleisenbahn> Wagen> Güter- & Funktionswagen> Märklin 46917 H0 - Offener Güterwagen Eaos|https://www.mueller.at/p/maerklin-46917-h0-offener-gueterwagen-eaos-IPN2890752/|1 Stk.|"Vorbild: Offener Güterwagen der Bauart Eaos der Schweizerischen Bundesbahnen (SBB/CFF/FFS). Betriebszustand um 1991.
Highlights:
Rot blinkendes Schlusslicht
Ladeguteinsatz
Modell: Serienmäßig eingebautes, rot blinkendes LED-Schlusslicht. Schweizer Schlussleuchte. Stromaufnahme über Mittelschleifer. Ladungseinsatz zur Darstellung von Schrott.
Länge über Puffer 16,1 cm.

Einen passenden Güterwagen finden Sie im Märklin H0-Sortiment unter der Artikelnummer 46918.
Spur / Bauart:	H0 / 1:87
Epoche: IV"||||||||15 Jahre||||||||||||||Non-Organic||||"{'target_group': 'Jugendliche|Erwachsene', 'Artikelnummer des Herstellers': '46917', 'Altersempfehlung ab': '15 Jahre', 'Inhalt': '1 Stk.', 'Produkttyp': 'Güterwagen'}"||||||||||||||0|0|2890752_1.png|https://static.mueller.de/pdzoom/4001883469171.webp||||||||||||||||||||||46917||||||||||1 Stk.|||False||2890752P|||||||||1
2890753|mueller||||||||2024-10-28|Märklin 46918 H0 Offener Güterwagen Eaos|MÄRKLIN||1|Stk.|Home|Spielwaren|Modellbau & Modelleisenbahn|Modelleisenbahn|Wagen|Güter- & Funktionswagen|Märklin 46918 H0 Offener Güterwagen Eaos|38,99 €|38,99 €||||||||||||||EUR|Home> Spielwaren> Modellbau & Modelleisenbahn> Modelleisenbahn> Wagen> Güter- & Funktionswagen> Märklin 46918 H0 Offener Güterwagen Eaos|https://www.mueller.at/p/maerklin-46918-h0-offener-gueterwagen-eaos-IPN2890753/|1 Stk.|"Vorbild: Offener Güterwagen der Bauart Eaos der Schweizerischen Bundesbahnen (SBB/CFF/FFS). Betriebszustand um 1991.
Highlights:
Ladeguteinsatz
Model: Drehgestelle Y25 geschweißt. Ladungseinsatz zur Darstellung von Schrott. Länge über Puffer ca. 16,1 cm. Gleichstromradsatz E700580.

Einen passenden Güterwagen finden Sie im Märklin H0-Sortiment unter der Artikelnummer 46917.
Spur / Bauart:	H0 / 1:87
Epoche:	IV"||||||||15 Jahre||||||||||||||Non-Organic||||"{'target_group': 'Jugendliche|Erwachsene', 'Artikelnummer des Herstellers': '46918', 'Altersempfehlung ab': '15 Jahre', 'Inhalt': '1 Stk.', 'Produkttyp': 'Güterwagen'}"||||||||||||||0|0|2890753_1.png|https://static.mueller.de/pdzoom/4001883469188.webp||||||||||||||||||||||46918||||||||||1 Stk.|||False||2890753P|||||||||1
2890754|mueller||||||||2024-10-28|Märklin 47100 - H0 Niederbordwagen Res|MÄRKLIN||1|Stk.|Home|Spielwaren|Modellbau & Modelleisenbahn|Modelleisenbahn|Wagen|Güter- & Funktionswagen|Märklin 47100 - H0 Niederbordwagen Res|49,99 €|49,99 €|49,99 €|44,99 €||||10%|Sie sparen 10%|||||||EUR|Home> Spielwaren> Modellbau & Modelleisenbahn> Modelleisenbahn> Wagen> Güter- & Funktionswagen> Märklin 47100 - H0 Niederbordwagen Res|https://www.mueller.at/p/maerklin-47100-h0-niederbordwagen-res-IPN2890754/|1 Stk.|"Vorbild: Vierachsiger Niederbordwagen Bauart Res. Privatwagen der Firma On Rail GmbH, vermietet an SBB Infra, registriert in Deutschland. Verkehrsgelbe Grundfarbgebung. Europäische Standardbauart mit 19,90 m Länge. Ausführung mit glatten Seitenbordwänden, klappbaren Rungen und eckigen Puffern. Betriebszustand der Epoche VI.
Highlights:
Ein Farbtupfer auf der Anlage.
Klappbare Rungen.
Produktbeschreibung:
Modell: Rungen zum Umklappen. Drehgestelle Typ Y 25. Metalleinlage für gute Laufeigenschaften. Spezifische Ausführung des Unterbodens. Viele angesetzte Einzelheiten.
Länge über Puffer 22,9 cm.
Gleichstromradsatz E700580.
Spur / Bauart:	H0 / 1:87
Epoche: VI"||||||||15 Jahre||||||||||||||Non-Organic||||"{'target_group': 'Jugendliche|Erwachsene', 'Artikelnummer des Herstellers': '47100', 'Altersempfehlung ab': '15 Jahre', 'Inhalt': '1 Stk.', 'Produkttyp': 'Güterwagen'}"||||||||||||||0|0|2890754_1.png|https://static.mueller.de/pdzoom/4001883471006.webp||||||||||||||||||||||47100||||||||||1 Stk.|||False||2890754P|||||||||1
2890755|mueller||||||||2024-10-28|Märklin 47114 H0 Schiebeplanenwagen-Set DSB|MÄRKLIN||1|Stk.|Home|Spielwaren|Modellbau & Modelleisenbahn|Modelleisenbahn|Wagen|Güter- & Funktionswagen|Märklin 47114 H0 Schiebeplanenwagen-Set DSB|99,99 €|99,99 €||||||||||||||EUR|Home> Spielwaren> Modellbau & Modelleisenbahn> Modelleisenbahn> Wagen> Güter- & Funktionswagen> Märklin 47114 H0 Schiebeplanenwagen-Set DSB|https://www.mueller.at/p/maerklin-47114-h0-schiebeplanenwagen-set-dsb-IPN2890755/|1 Stk.|"Vorbild: Zwei vierachsige Schiebeplanenwagen Bauart Rilns, als Privatwagen der AAE, eingestellt bei den Dänischen Staatsbahnen (DSB). Europäische Standardbauart mit 19,90 m Länge. Ausführung mit eckigen Puffern und mit Feststellbremse. Betriebszustand um 2001.
Highlights:
Unterschiedliche Betriebsnummern.
Mit Handrad für Feststellbremse.
Modell: Beide Wagen mit Drehgestellen Typ Y 25. Metalleinlagen für gute Laufeigenschaften. Spezifische Ausführung der Unterböden. Viele angesetzte Einzelheiten. Darstellung jeweils mit geschlossener Plane. Beide Wagen mit unterschiedlichen Betriebsnummern, einzeln verpackt und gekennzeichnet. Zusätzliche Umverpackung.
Länge über Puffer je Wagen 22,9 cm.
Gleichstromradsatz je Wagen E700580.
Spur / Bauart	H0 / 1:87
Epoche	V"||||||||15 Jahre||||||||||||||Non-Organic||||"{'target_group': 'Jugendliche|Erwachsene', 'Artikelnummer des Herstellers': '47114', 'Altersempfehlung ab': '15 Jahre', 'Inhalt': '1 Stk.', 'Produkttyp': 'Güterwagen'}"||||||||||||||0|0|2890755_1.png|https://static.mueller.de/pdzoom/4001883471143.webp||||||||||||||||||||||47114||||||||||1 Stk.|||True||2890755P|||||||||1
2890756|mueller||||||||2024-10-28|Märklin 47119 H0 - Containerwagen-Set|MÄRKLIN||1|Stk.|Home|Spielwaren|Modellbau & Modelleisenbahn|Modelleisenbahn|Wagen|Güter- & Funktionswagen|Märklin 47119 H0 - Containerwagen-Set|219,00 €|219,00 €||||||||||||||EUR|Home> Spielwaren> Modellbau & Modelleisenbahn> Modelleisenbahn> Wagen> Güter- & Funktionswagen> Märklin 47119 H0 - Containerwagen-Set|https://www.mueller.at/p/maerklin-47119-h0-containerwagen-set-IPN2890756/|1 Stk.|"Vorbild: Drei Containerwagen der Belgischen Staatsbahnen (SNCB/NMBS). Europäische Standardbauart mit 19,90 m Länge. Zwei Rungenwagen Regs Typ 3514 D ohne Feststellbremse und ein Rungenwagen Rs Typ 3514 B1 mit Feststellbremse. Ausführung mit Stahl-Bordwänden, Rungen und eckigen Puffern. Tragwagen beladen mit 20-ft.-Boxcontainern unterschiedlicher Firmen. Betriebszustand um 1985.
Highlights:
Tragwagen und Container mit unterschiedlichen Betriebsnummern.
Ideale Wagen für Container-Ganzzüge.
Modell: Drehgestelle Typ Y 25 geschweißt. Metalleinlage für gute Laufeigenschaften. Rungen beweglich. Spezifische Ausführung des Unterbodens. Viele angesetzte Einzelheiten. Beladen sind die Tragwagen mit abnehmbaren 20-ft.-Boxcontainern unterschiedlicher Firmen. Tragwagen und Container mit unterschiedlichen Betriebsnummern. Jeder Wagen mit Containern einzeln verpackt. Zusätzliche Umverpackung. Gesamtlänge über Puffer ca. 69 cm.
Gleichstromradsatz E700580.

Spur / Bauart: H0 / 1:87.
Epoche: IV."||||||||15 Jahre||||||||||||||Non-Organic||||"{'target_group': 'Jugendliche|Erwachsene', 'Artikelnummer des Herstellers': '47119', 'Altersempfehlung ab': '15 Jahre', 'Inhalt': '1 Stk.', 'Produkttyp': 'Güterwagen'}"||||||||||||||0|0|2890756_1.png|https://static.mueller.de/pdzoom/4001883471198.webp||||||||||||||||||||||47119||||||||||1 Stk.|||False||2890756P|||||||||1
2890758|mueller||||||||2024-10-28|Märklin 47157 H0 Containerwagen Rs|MÄRKLIN||1|Stk.|Home|Spielwaren|Modellbau & Modelleisenbahn|Modelleisenbahn|Wagen|Güter- & Funktionswagen|Märklin 47157 H0 Containerwagen Rs|69,99 €|69,99 €||||||||||||||EUR|Home> Spielwaren> Modellbau & Modelleisenbahn> Modelleisenbahn> Wagen> Güter- & Funktionswagen> Märklin 47157 H0 Containerwagen Rs|https://www.mueller.at/p/maerklin-47157-h0-containerwagen-rs-IPN2890758/|1 Stk.|"Vorbild: Rungenwagen Rs der Dänischen Staatsbahnen (DSB). Europäische Standardbauart mit 19,90 m Länge. Ausführung mit Rungen und runden Puffern. Tragwagen beladen mit 20-ft.-Boxcontainern. Betriebszustand ab 1997.
Highlights: 
Container mit unterschiedlichen Betriebsnummern.
Idealer Wagen für Container-Ganzzüge.
Modell: Drehgestelle Typ Y 25 geschweißt. Metalleinlage für gute Laufeigenschaften. Rungen beweglich. Spezifische Ausführung des Unterbodens. Viele angesetzte Einzelheiten. Beladen ist der Tragwagen mit abnehmbaren 20-ft.-Boxcontainern. Container mit unterschiedlichen Betriebsnummern. Länge über Puffer ca. 22,9 cm.
Gleichstromradsatz E700580.

Eine passende Diesellokomotive finden Sie im Märklin H0-Sortiment unter der Artikelnummer 39630.
Spur / Bauart	H0 / 1:87
Epoche	V"||||||||15 Jahre||||||||||||||Non-Organic||||"{'target_group': 'Jugendliche|Erwachsene', 'Artikelnummer des Herstellers': '47157', 'Altersempfehlung ab': '15 Jahre', 'Inhalt': '1 Stk.', 'Produkttyp': 'Güterwagen'}"||||||||||||||0|0|2890758_1.png|https://static.mueller.de/pdzoom/4001883471570.webp||||||||||||||||||||||47157||||||||||1 Stk.|||False||2890758P|||||||||1
2890759|mueller||||||||2024-10-28|Märklin 47303 - Schiebedach-/Schiebewandwagen-Set Tbis|MÄRKLIN||1|Stk.|Home|Spielwaren|Modellbau & Modelleisenbahn|Modelleisenbahn|Wagen|Güter- & Funktionswagen|Märklin 47303 - Schiebedach-/Schiebewandwagen-Set Tbis|129,00 €|129,00 €||||||||||||||EUR|Home> Spielwaren> Modellbau & Modelleisenbahn> Modelleisenbahn> Wagen> Güter- & Funktionswagen> Märklin 47303 - Schiebedach-/Schiebewandwagen-Set Tbis|https://www.mueller.at/p/maerklin-47303-schiebedach-schiebewandwagen-set-tbis-IPN2890759/|1 Stk.|"Vorbild: 3 zweiachsige Schiebedach-/Schiebewandwagen Bauart Tbis der Schwedischen Staatsbahnen (SJ). Alle Wagen in rotbrauner Grundfarbgebung mit grauen Schiebetüren und Schiebedächer. Ausführung mit gewölbten Schiebetüren und ohne Bremserbühnen. Betriebszustand um 1985.Highlights:Schiebetüren in gewölbter Ausführung.2-teiliges Schiebedach aus Metall jeweils zum Öffnen.Alle Wagen mit unterschiedlichen Betriebsnummern und einzeln verpackt.
Modell: Stirnseitig angesetzte hochliegende Bedienungsbühnen und Aufstiegsleitern. 2-teiliges Wagen-Dach aus Metall jeweils zum Öffnen. Alle Wagen mit unterschiedlichen Betriebsnummern und einzeln verpackt. Zusätzliche Umverpackung. Gesamtlänge über Puffer 48,5 cm.Gleichstromradsatz je Wagen E700580.Spur / Bauart    H0 / 1:87Epoche    IV"||||||||15 Jahre||||||||||||||Non-Organic||||"{'target_group': 'Jugendliche|Erwachsene', 'Artikelnummer des Herstellers': '47303', 'Altersempfehlung ab': '15 Jahre', 'Inhalt': '1 Stk.', 'Produkttyp': 'Güterwagen'}"||||||||||||||0|0|2890759_1.png|https://static.mueller.de/pdzoom/4001883473031.webp|2890759_2.png|https://static.mueller.de/pdzoom/4001883473031_2.webp||||||||||||||||||||47303||||||||||1 Stk.|||True||2890759P|||||||||1
2890750|mueller||||||||2024-10-28|Märklin 46662 H0 Güterwagen-Set|MÄRKLIN||1|Stk.|Home|Spielwaren|Modellbau & Modelleisenbahn|Modelleisenbahn|Wagen|Güter- & Funktionswagen|Märklin 46662 H0 Güterwagen-Set|155,00 €|155,00 €||||||||||||||EUR|Home> Spielwaren> Modellbau & Modelleisenbahn> Modelleisenbahn> Wagen> Güter- & Funktionswagen> Märklin 46662 H0 Güterwagen-Set|https://www.mueller.at/p/maerklin-46662-h0-gueterwagen-set-IPN2890750/|1 Stk.|"Vorbild: Vier Güterwagen unterschiedlicher Bauart der Deutschen Bundesbahn (DB). Ein offener Güterwagen Rms 31 mit niedrigen Bordwänden und Preßblechrungen, ein offener Güterwagen Rmrs 31 mit niedrigen Bordwänden und Preßblechrungen, ein Muldenkippwagen Ommi 51 ohne Schienenzangen und ein gedeckter Güterwagen mit Stirntüren Hbcs 300 / Gltmms 62. Betriebszustand ab 1962.
Highlights:Neukonstruktion des Rms/Rmrs 31.Muldenkippwagen mit Schotter in maßstäblicher Körnung beladen.
Modell: Rms und Rmrs mit Sprengwerk und Staukästen am Untergestell. Rms mit Gleitachslagern und Kopfstücken mit Durchbrüchen. Rmrs mit Rollenachslagern und Kopfstücken ohne Durchbrüche. Einsteckbare Rungen liegen bei. Muldenkippwagen ohne Bremserstand und mit Schotter in maßstäblicher Körnung beladen. Gedeckter Güterwagen mit nachgebildeten Stirnwandtüren.Alle Wagen mit unterschiedlichen Betriebsnummern und einzeln verpackt. Gesamtlänge über Puffer ca. 55 cm. Gleichstromradsatz E700580.Spur / Bauart    H0 / 1:87Epoche    III"||||||||15 Jahre||||||||||||||Non-Organic||||"{'target_group': 'Jugendliche|Erwachsene', 'Artikelnummer des Herstellers': '46662', 'Altersempfehlung ab': '15 Jahre', 'Inhalt': '1 Stk.', 'Produkttyp': 'Güterwagen'}"||||||||||||||0|0|2890750_1.png|https://static.mueller.de/pdzoom/4001883466620.webp||||||||||||||||||||||46662||||||||||1 Stk.|||False||2890750P|||||||||1
2890751|mueller||||||||2024-10-28|Märklin 46755 H0 Oldtimer-Kesselwagen-Set|MÄRKLIN||1|Stk.|Home|Spielwaren|Modellbau & Modelleisenbahn|Modelleisenbahn|Wagen|Güter- & Funktionswagen|Märklin 46755 H0 Oldtimer-Kesselwagen-Set|109,00 €|109,00 €||||||||||||||EUR|Home> Spielwaren> Modellbau & Modelleisenbahn> Modelleisenbahn> Wagen> Güter- & Funktionswagen> Märklin 46755 H0 Oldtimer-Kesselwagen-Set|https://www.mueller.at/p/maerklin-46755-h0-oldtimer-kesselwagen-set-IPN2890751/|1 Stk.|"Vorbild: Drei 2-achsige Oldtimer-Kesselwagen mit Bremserbühne. Privatwagen der MARTHA-Erdölgesellschaft m.b.H., Wien, eingestellt bei den Österreichischen Bundesbahnen (ÖBB). Betriebszustand Mitte der 1950er Jahre.
Modell: Angesetzte Bremserbühnen und Aufstiegsleitern. Alle Wagen mit unterschiedlichen Betriebsnummern, einzeln verpackt und gekennzeichnet. Zusätzliche Umverpackung. Länge über Puffer je Wagen 10,2 cm.
Gleichstromradsatz E700580.

Die passende Güterzug-Dampflokomotive der Baureihe 44 ÖBB finden Sie im Märklin H0-Sortiment unter der Artikelnummer 39888.
Spur / Bauart	H0 / 1:87
Epoche	III"||||||||15 Jahre||||||||||||||Non-Organic||||"{'target_group': 'Jugendliche|Erwachsene', 'Artikelnummer des Herstellers': '46755', 'Altersempfehlung ab': '15 Jahre', 'Inhalt': '1 Stk.', 'Produkttyp': 'Güterwagen'}"||||||||||||||0|0|2890751_1.png|https://static.mueller.de/pdzoom/4001883467559.webp||||||||||||||||||||||46755||||||||||1 Stk.|||False||2890751P|||||||||1
2890741|mueller||||||||2024-10-28|Märklin 44347 H0 Märklin my world - Ergänzungspackung Verladung|MÄRKLIN||1|Stk.|Home|Spielwaren|Modellbau & Modelleisenbahn|Modelleisenbahn|Starterpackungen|Märklin 44347 H0 Märklin my world - Ergänzungspackung Verladung||29,99 €|29,99 €|29,99 €|26,99 €||||10%|Sie sparen 10%|||||||EUR|Home> Spielwaren> Modellbau & Modelleisenbahn> Modelleisenbahn> Starterpackungen> Märklin 44347 H0 Märklin my world - Ergänzungspackung Verladung|https://www.mueller.at/p/maerklin-44347-h0-maerklin-my-world-ergaenzungspackung-verladung-IPN2890741/|1 Stk.|"Spur / Bauart    H0 / 1:87
Mehr Vielfalt und Spielspaß für LogistikprofisMit dem Kranwagen bewegst du auch die schwersten Güter mühelos. Einfach die Verladestützen ausfahren und schon geht´s los. Den 40-Fuß-Container samt Tragwagen kannst du dank des beigefügten Stickerbogens so gestalten, wie du ihn gerade einsetzen möchtest. Ob als Einsatzzentrale deiner Feuerwehr, als Büro deiner Bauleitung auf der Baustelle oder einfach nur als Gepäckcontainer - deiner Fantasie sind keine Grenzen gesetzt.
Es gibt viel zu tun auf der Baustelle Setze deinen Schutzhelm auf und weise den Kranwagen ein. Heute werden auf der Großbaustelle in einem neuen Bauabschnitt viele Steine benötigt. Fahre die Verladestützen aus, denn jetzt bist du der Chef an der Verladestation. Mit dem Kran schwebt die leere Verladebox bereits zum befüllen heran.
HighlightsRobuste Güterwagen mit viel Spielwert - bestens geeignet für Kinder ab 3 Jahren.Gleismaterial abgestimmt zur einfachen Ergänzung aller gängigen Gleisbilder im Märklin my world Sortiment.Vielfältige Spielmöglichkeiten durch Container und Kran.Individuelle Gestaltungsmöglichkeit des Containers durch das Aufkleben von Stickern, passend zu den Themenwelten Autotransport, Farm, Containerlogistik, Feuerwehr, Airport und Baustelle.
Modell: Mobiler Kranwagen mit drehbarem Kran und Ausleger der per Handkurbel bewegt werden kann. Verlademagnet am Ende des Kranseils, zur Verladung des mitgelieferten Containers, oder anderer, magnetischer Ladegüter des Märklin my world Programms. 4 stabile Verladestützen zum stabilisieren des Kranwagens während der Verladetätigkeit. Kranarm und Verladestützen für die Fahrt einklappbar.Der Containertragwagen ist mit einem 40 ft. Container beladen. Die kindgerechten, stabilen Container können geöffnet und beladen werden. Ein fest verbautes Metallteil in den Containern ermöglicht die magnetische Verladung per Kran.Alle Wagen mit Magnetkupplungen. Gesamtlänge ca. 34 cm.Inhalt: 4 gerade Gleise, 1 gebogenes Gleis, 1 Weiche rechts und ein Prellbock. Stickerbogen mit Motiven der verschiedenen Märklin my world Themenwelten.
Die Ergänzungspackung ist die ideale Erweiterung zu den Startpackungen 29342, 29344, 29346 und 29347.
Zusammen mit dem Baustellenzug (29341) kannst du alles mögliche verladen und transportieren. Belade deine Baustellenwagen und dann auf zur anderen Seite deiner Großbaustelle."||||||||3 Jahre||||||||||||||Non-Organic||||"{'target_group': 'Kindergartenkinder|Grundschüler|Jugendliche|Erwachsene', 'Altersempfehlung ab': '3 Jahre', 'Inhalt': '1 Stk.', 'Produkttyp': 'Ergänzungspackung'}"||||||||||||||0|0|2890741_1.png|https://static.mueller.de/ntg_4001883443478_pv_044347/pdzoom/maerklin-44347-h0-maerklin-my-world-ergaenzungspackung-verladung.webp|2890741_2.png|https://static.mueller.de/pdzoom/ntg_4001883443478_vv_044347_2.webp|2890741_3.png|https://static.mueller.de/pdzoom/ntg_4001883443478_pd_044347_4.webp|2890741_4.png|https://static.mueller.de/pdzoom/ntg_4001883443478_pd_044347_3.webp||||||||||||||||||||||||||1 Stk.|||False||2890741P|||||||||1
2890743|mueller||||||||2024-10-28|Märklin 45042 H0 Güterwagen-Set Zirkus Busch|MÄRKLIN||1|Stk.|Home|Spielwaren|Modellbau & Modelleisenbahn|Modelleisenbahn|Wagen|Güter- & Funktionswagen|Märklin 45042 H0 Güterwagen-Set Zirkus Busch|145,00 €|145,00 €||||||||||||||EUR|Home> Spielwaren> Modellbau & Modelleisenbahn> Modelleisenbahn> Wagen> Güter- & Funktionswagen> Märklin 45042 H0 Güterwagen-Set Zirkus Busch|https://www.mueller.at/p/maerklin-45042-h0-gueterwagen-set-zirkus-busch-IPN2890743/|1 Stk.|"Vorbild: Zwei Drehrungenwagen Bauart Ks 3300 bzw. Ks 3301 der Deutschen Reichsbahn (DR/DDR). Beide Wagen mit unterschiedlichen Zirkusfahrzeugen des Zirkus Busch, dem Staatszirkus der DDR, beladen. Rotbraune Grundfarbgebung. Betriebszustand Ende der 1980er-Jahre.
HighlightsKomplette Neukonstruktion der Drehrungenwagen Ks 3300 und 3301.Klappbare Drehrungen.Je eine Runge auf jeder Wagenseite mit der Betriebsnummer des Wagens bedruckt.Viele angesetzte Details.Pufferhöhe nach NEM.Attraktive Beladung mit verschiedenen Zirkusfahrzeugen.Fortführung des Themas ""Zirkus Busch"".
Modell: Komplette Neukonstruktion der Drehrungenwagen Bauart Ks 3300 (später Ks 446) und Ks 3301 (später Ks 447). Beide Wagen mit separat angesetzten Bremsanlagen, Bremsbedienelementen und drehbaren Rungen. Je eine Runge auf jeder Wagenseite ist mit der Betriebsnummer des Wagens bedruckt. Ladefläche in Holzbohlenoptik. Stirnseitige Aufnahmen zum Einstecken von beiliegenden Rungen. Pufferhöhe nach NEM. Ks 3300 mit separat angesetztem Unterzug und in Ausführung ohne Bremserbühne sowie kurzen Stirnrungen. Rechteckige Pufferteller. Ks 3301 mit separat angesetztem Sprengwerk und in Ausführung mit stirnseitiger Lauffläche sowie kurzen Stirnrungen. Runde Pufferteller. Ein Wagen mit einem geöffnetem Packwagen sowie einem Toilettenwagen und der andere Wagen mit einem Mastwagen beladen. Haltekeile, Stirnrungen und Ansteckteile für die Zirkuswagen liegen bei. Modelle der Zirkuswagen von der Firma Preiser. Gesamtlänge über Puffer ca. 32,5 cm. Gleichstromradsatz E700580.
Weitere passende Artikel mit Fahrzeugen des Zirkus Busch finden Sie im Märklin H0-Sortiment unter den Artikelnummern 45040 und 45041. Die passende Zuglokomotive der Baureihe 254 finden Sie unter der Artikelnummer 39991.
Spur / Bauart    H0 / 1:87Epoche    IV"||||||||15 Jahre||||||||||||||Non-Organic||||"{'target_group': 'Jugendliche|Erwachsene', 'Artikelnummer des Herstellers': '45042', 'Altersempfehlung ab': '15 Jahre', 'Inhalt': '1 Stk.', 'Produkttyp': 'Güterwagen'}"||||||||||||||0|0|2890743_1.png|https://static.mueller.de/pdzoom/4001883450421.webp||||||||||||||||||||||45042||||||||||1 Stk.|||False||2890743P|||||||||1
2430550|mueller||||||||2024-10-28|Eisenbahn Romantik Box (Eisenbahn-Romantik Doku SWR) [2 DVDs]|||1|Stk.|Home|Multi-Media|Filme & TV|Reisen|Eisenbahn Romantik Box  (Eisenbahn-Romantik Doku SWR)  [2 DVDs]|||28,95 €|28,95 €|28,95 €|19,99 €||||31%|Sie sparen 31%|||||||EUR|Home> Multi-Media> Filme & TV> Reisen> Eisenbahn Romantik Box  (Eisenbahn-Romantik Doku SWR)  [2 DVDs]|https://www.mueller.at/p/eisenbahn-romantik-box-eisenbahn-romantik-doku-swr-2-dvds-IPN2430550/|1 Stk.|"Produktionsjahre: 2016+2017

- Eisenbahn-Romantik: Modellbahnen zwischen Polarkreis und Mittelmeer 
- Eisenbahn-Romantik: Höhenrausch – Alpenländische Bahnraritäten 

In einer Box zum günstigen Preis!"||||||||||||||||||||||Non-Organic||||"{'medium': 'DVD', 'manufacturer': 'ZYX Music GmbH & Co.KG', 'Bildformat': '16:9', 'Inhalt': '1 Stk.', 'Laufzeit in min (gesamt)': '178', 'Produktionsland': 'Deutschland', 'Special Edition': 'Nein', 'Tonformat-Sprache': 'Deutsch', 'packaging_type': 'Softbox', 'Hauptgenre': 'Hobby & Freizeit|Reise'}"||||||||||||||0|0|2430550_1.png|https://static.mueller.de/videojakob_0090204527243_pv_550028/pdzoom/eisenbahn-romantik-box-eisenbahn-romantik-doku-swr-2-dvds.webp|2430550_2.png|https://static.mueller.de/pdzoom/videojakob_0090204527243_pr_550028-back.webp||||||||||||||||||||ZYX Music GmbH & Co.KG||||||||||1 Stk.|||True||2430550P|||||||||5
2890745|mueller||||||||2024-10-28|Märklin 46067 H0 Güterwagen-Set NSB|MÄRKLIN||1|Stk.|Home|Spielwaren|Modellbau & Modelleisenbahn|Modelleisenbahn|Wagen|Güter- & Funktionswagen|Märklin 46067 H0 Güterwagen-Set NSB|75,99 €|75,99 €||||||||||||||EUR|Home> Spielwaren> Modellbau & Modelleisenbahn> Modelleisenbahn> Wagen> Güter- & Funktionswagen> Märklin 46067 H0 Güterwagen-Set NSB|https://www.mueller.at/p/maerklin-46067-h0-gueterwagen-set-nsb-IPN2890745/|1 Stk.|"Vorbild: Zwei gedeckte Güterwagen Bauart Gr der norwegischen Eisenbahnen NSB. Rotbraune Grundfarbgebung. Betriebszustand um 1957.
Modell: Türen zum Öffnen. Tritte am Untergestell unterhalb der Schiebetüren. Ein Wagen mit angesetzter Bremserbühne. Beide Wagen einzeln verpackt mit zusätzlicher Umverpackung. Gesamtlänge über Puffer ca. 21 cm. Gleichstromradsatz E700580.
Spur / Bauart:	H0 / 1:87
Epoche: III"||||||||15 Jahre||||||||||||||Non-Organic||||"{'target_group': 'Jugendliche|Erwachsene', 'Artikelnummer des Herstellers': '46067', 'Altersempfehlung ab': '15 Jahre', 'Inhalt': '1 Stk.', 'Produkttyp': 'Güterwagen'}"||||||||||||||0|0|2890745_1.png|https://static.mueller.de/pdzoom/4001883460673.webp||||||||||||||||||||||46067||||||||||1 Stk.|||True||2890745P|||||||||1
2890746|mueller||||||||2024-10-28|Märklin 46302 H0 Schwenkdachwagen Tdgs|MÄRKLIN||1|Stk.|Home|Spielwaren|Modellbau & Modelleisenbahn|Modelleisenbahn|Wagen|Güter- & Funktionswagen|Märklin 46302 H0 Schwenkdachwagen Tdgs|67,99 €|67,99 €||||||||||||||EUR|Home> Spielwaren> Modellbau & Modelleisenbahn> Modelleisenbahn> Wagen> Güter- & Funktionswagen> Märklin 46302 H0 Schwenkdachwagen Tdgs|https://www.mueller.at/p/maerklin-46302-h0-schwenkdachwagen-tdgs-IPN2890746/|1 Stk.|"Vorbild: Selbstentladewagen mit Schwenkdach Tdgs 930 der Deutschen Bundesbahn (DB) in rotbrauner Farbgebung mit Werbeaufschrift „Westdeutsche Quarzwerke Dr. Müller“. Betriebszustand ab 1970.HighlightsSchwenkdach-Abdeckungen beweglich.Modell eines LKW Mercedes-Benz LP 608 beiliegend.Modell eines Förderbands beiliegend.Wagentyp ideal zum Einsatz für Ganzzüge.Sehr fein detaillierte Ausführung.Modell: Fein detailliert, mit vielen angesetzten Einzelheiten. Separat angesetzte Rutschenverlängerung. Schwenkdach beweglich. Modell eines LKW Mercedes-Benz LP 608 (""Wörther 1"") von Schuco beiliegend. Modell eines Förderbands von Preiser beiliegend.Länge über Puffer ca. 11,2 cm.Gleichstromradsatz E700580.
Ein passendes Güterwagenset finden Sie im Märklin H0-Sortiment unter der Artikelnummer 46335.Spur / Bauart    H0 / 1:87Epoche    IV"||||||||15 Jahre||||||||||||||Non-Organic||||"{'target_group': 'Jugendliche|Erwachsene', 'Artikelnummer des Herstellers': '46302', 'Altersempfehlung ab': '15 Jahre', 'Inhalt': '1 Stk.', 'Produkttyp': 'Güterwagen'}"||||||||||||||5.0|1|2890746_1.png|https://static.mueller.de/pdzoom/4001883463025.webp|2890746_2.png|https://static.mueller.de/pdzoom/4001883463025_2.webp||||||||||||||||||||46302||||||||||1 Stk.|||False||2890746P|||||||||1
2890747|mueller||||||||2024-10-28|Märklin 46335 H0 Schwenkdachwagen-Set Tdgs|MÄRKLIN||1|Stk.|Home|Spielwaren|Modellbau & Modelleisenbahn|Modelleisenbahn|Wagen|Güter- & Funktionswagen|Märklin 46335 H0 Schwenkdachwagen-Set Tdgs|139,00 €|139,00 €|139,00 €|125,00 €||||10%|Sie sparen 10%|||||||EUR|Home> Spielwaren> Modellbau & Modelleisenbahn> Modelleisenbahn> Wagen> Güter- & Funktionswagen> Märklin 46335 H0 Schwenkdachwagen-Set Tdgs|https://www.mueller.at/p/maerklin-46335-h0-schwenkdachwagen-set-tdgs-IPN2890747/|1 Stk.|Vorbild: Drei Selbstentladewagen mit Schwenkdach Tdgs 930 der Deutschen Bundesbahn (DB) in rotbrauner Farbgebung mit Werbeaufschrift „Westdeutsche Quarzwerke Dr. Müller“. Betriebszustand ab 1970.Highlights:Schwenkdach-Abdeckungen beweglich.Wagentyp ideal zum Einsatz für Ganzzüge.Sehr fein detaillierte Ausführung.Modell: Fein detailliert, mit vielen angesetzten Einzelheiten. Separat angesetzte Rutschenverlängerung. Schwenkdach beweglich. Alle Wagen mit unterschiedlichen Betriebsnummern und jeweils einzeln verpackt in einer Umverpackung.Länge über Puffer je Wagen ca. 11,2 cm.Gleichstromradsatz E700580.Spur / Bauart    H0 / 1:87Epoche    IV||||||||15 Jahre||||||||||||||Non-Organic||||"{'target_group': 'Jugendliche|Erwachsene', 'Artikelnummer des Herstellers': '46335', 'Altersempfehlung ab': '15 Jahre', 'Inhalt': '1 Stk.', 'Produkttyp': 'Güterwagen'}"||||||||||||||5.0|1|2890747_1.png|https://static.mueller.de/pdzoom/4001883463353.webp||||||||||||||||||||||46335||||||||||1 Stk.|||False||2890747P|||||||||1
2890749|mueller||||||||2024-10-28|Märklin 46568 H0 Güterwagen-Set mit gedeckten Güterwagen K3|MÄRKLIN||1|Stk.|Home|Spielwaren|Modellbau & Modelleisenbahn|Modelleisenbahn|Wagen|Güter- & Funktionswagen|Märklin 46568 H0 Güterwagen-Set mit gedeckten Güterwagen K3|109,00 €|109,00 €||||||||||||||EUR|Home> Spielwaren> Modellbau & Modelleisenbahn> Modelleisenbahn> Wagen> Güter- & Funktionswagen> Märklin 46568 H0 Güterwagen-Set mit gedeckten Güterwagen K3|https://www.mueller.at/p/maerklin-46568-h0-gueterwagen-set-mit-gedeckten-gueterwagen-k3-IPN2890749/|1 Stk.|"Vorbild: 3 gedeckte Güterwagen K3 mit Bremserhaus, der Schweizerischen Bundesbahnen (SBB), in unterschiedlichen Ausführungen. Alle Wagen im Betriebszustand Ende der 1950er Jahre.
HighlightsSchiebetüren zum Öffnen.
Modell: Schiebetüren zum Öffnen. Alle Wagen mit unterschiedlichen Betriebsnummern, einzeln verpackt und gekennzeichnet. Zusätzliche Umverpackung. Länge über Puffer je Wagen 11,0 cm.Gleichstromradsatz E700580.
Die passende Tender-Dampflokomotive der Serie Eb 3/5 finden Sie im Märklin H0-Sortiment unter der Artikelnummer 37191.
Spur / Bauart    H0 / 1:87Epoche    III"||||||||15 Jahre||||||||||||||Non-Organic||||"{'target_group': 'Jugendliche|Erwachsene', 'Artikelnummer des Herstellers': '46568', 'Altersempfehlung ab': '15 Jahre', 'Inhalt': '1 Stk.', 'Produkttyp': 'Güterwagen'}"||||||||||||||0|0|2890749_1.png|https://static.mueller.de/pdzoom/4001883465685.webp||||||||||||||||||||||46568||||||||||1 Stk.|||False||2890749P|||||||||1
246677|mueller||||||||2024-10-28|Märklin 60881 - Decoder s 88|MÄRKLIN||1|Stk.|Home|Spielwaren|Modellbau & Modelleisenbahn|Modelleisenbahn|Zubehör|Märklin 60881 - Decoder s 88||61,99 €|61,99 €||||||||||||||EUR|Home> Spielwaren> Modellbau & Modelleisenbahn> Modelleisenbahn> Zubehör> Märklin 60881 - Decoder s 88|https://www.mueller.at/p/maerklin-60881-decoder-s-88-246677/|1 Stk.|"Decoder s 88Rückmeldemodul für Kontaktgeber auf digital gesteuerten Anlagen. Mit beiliegendem Verbindungskabel ansteckbar an L88 (60883). Anschlussbuchse für weiteren Decoder s 88 (60881). 16 Eingänge für Kontaktgeber.
 
Highlights:
Alle Anschlüsse mit Fahrstuhlklemmen.
Mit Netzwerkkabel."||||||||15 Jahre||||||||||||||Non-Organic||||"{'target_group': 'Jugendliche|Erwachsene', 'Artikelnummer des Herstellers': '60881', 'license': 'Märklin - Alle Spuren - Zubehör - Decoder', 'Altersempfehlung ab': '15 Jahre', 'Altersempfehlung bis': '99 Jahre', 'Inhalt': '1 Stk.', 'Produkttyp': 'Decoder/Bausteine', 'verschluckbare Magnete': 'Nein'}"||||||||||||||0|0|246677_1.png|https://static.mueller.de/62750109-PB-0/pdzoom/maerklin-60881-decoder-s-88.webp||||||||||||||||||||||60881||||||||||1 Stk.|||False||246677P|||||||||1
838270|mueller||||||||2024-10-28|Bella Casa Servietten 33x33cm Hase mit Blume|BELLA CASA||20|Stk.|Home|Drogerie|Haushalt|Papierartikel|Servietten|Bella Casa Servietten 33x33cm Hase mit Blume||1,99 €|1,99 €|||||||||||1,00 € / 10 Stk.|||EUR|Home> Drogerie> Haushalt> Papierartikel> Servietten> Bella Casa Servietten 33x33cm Hase mit Blume|https://www.mueller.at/p/bella-casa-servietten-33x33cm-hase-mit-blume-838270/|20 Stk.|Servietten 33x33 cm, Tissue 3lg, 20 Stück||||||||||||||||||||||Non-Organic||||{'Gewicht': '125', 'manufacturer': 'ppd PAPERPRODUCTS DESIGN GmbH', 'Herstelleradresse': 'Am Hambuch 4, DE-53340 Meckenheim', 'Kontaktmöglichkeit': 'service@ppd.de', 'Materialdetails': '3-lagige Tissue-Servietten im Osterdesign. Je Packung sind 20 Stück. Die offene Serviette hat eine Größe von 33x33 cm (16,5 x 16,5 cm gefaltet).', 'Farbe': 'mehrfarbig', 'Höhe': '16.5 cm', 'Breite': '16.5 cm', 'Tiefe': '2.5 cm', 'Inhalt': '20 Stk.'}||||||mehrfarbig||3-lagige Tissue-Servietten im Osterdesign. Je Packung sind 20 Stück. Die offene Serviette hat eine Größe von 33x33 cm (16,5 x 16,5 cm gefaltet).||||||0|0|838270_1.png|https://static.mueller.de/pdzoom/2200083827022_200407.webp||||||||||||||||||||||ppd PAPERPRODUCTS DESIGN GmbH||||||||||20 Stk.|||False||838270P|||||||||1
2772083|mueller||||||||2024-10-28|Haribo Fruchtgummi Pasta Basta Cola Sour Veggie|HARIBO||1125|g|Home|Drogerie|Lebensmittel|Süßigkeiten|Fruchtgummi|Haribo Fruchtgummi Pasta Basta Cola Sour Veggie||7,99 €|7,99 €|||||||||||7,10 € / 1 kg|||EUR|Home> Drogerie> Lebensmittel> Süßigkeiten> Fruchtgummi> Haribo Fruchtgummi Pasta Basta Cola Sour Veggie|https://www.mueller.at/p/haribo-fruchtgummi-pasta-basta-cola-sour-veggie-2772083/|1125 g|Haribo Süssware Fruchtgummi Pasta Basta Cola Sour 150 Stück|||||||||||{'Nährwerte je': '100  g', 'Brennwert': '1495 kj / 352 kcal', 'Fett in g': '1.1 g', '- davon gesättigte Fettsäuren in g': '1.1 g', 'Kohlenhydrate in g': '85.0 g', '- davon Zucker in g': '59.0 g', 'Eiweiß in g': '0.5 g', 'Salz in g': '0.29 g'}|||||||||||Non-Organic||||{'manufacturer': 'HARIBO GmbH & Co. KG', 'Herstelleradresse': 'D-53105 Bonn', 'Kontaktmöglichkeit': 'info@haribo.com', 'Inhalt': '1125 g', 'Zutaten': 'Zucker; Glukosesirup; Stärke; Feuchthaltemittel: Sorbitsirup; WEIZENMEHL; Säuerungsmittel: Citronensäure,\nÄpfelsäure; Säureregulator: Natriumhydrogenmalat; Emulgator: Mono- und Diglyceride von Speisefettsäuren; Aroma; Karamellsirup. Kann Spuren von MILCH enthalten.', 'Produkttyp': 'Frucht- & Weingummi'}||||||||||||||5.0|4|2772083_1.png|https://static.mueller.de/markant_08426617119348_pv_4731673/pdzoom/haribo-fruchtgummi-pasta-basta-cola-sour-veggie.webp|2772083_2.png|https://static.mueller.de/markant_08426617119348_pv_4994358/pdzoom/haribo-fruchtgummi-pasta-basta-cola-sour-veggie.webp||||||||||||||||||||HARIBO GmbH & Co. KG||||||||||1125 g|||True||2772083P|||||||||5
2772084|mueller||||||||2024-10-28|Haribo Fruchtgummi Pasta Basta Erdbeer Sour Veggie|HARIBO||1125|g|Home|Drogerie|Lebensmittel|Süßigkeiten|Fruchtgummi|Haribo Fruchtgummi Pasta Basta Erdbeer Sour Veggie||7,99 €|7,99 €|||||||||||7,10 € / 1 kg|||EUR|Home> Drogerie> Lebensmittel> Süßigkeiten> Fruchtgummi> Haribo Fruchtgummi Pasta Basta Erdbeer Sour Veggie|https://www.mueller.at/p/haribo-fruchtgummi-pasta-basta-erdbeer-sour-veggie-2772084/|1125 g|||Vor Wärme und Feuchtigkeit schützen.|||||||||{'Nährwerte je': '100  g', 'Brennwert': '1500 kj / 353 kcal', 'Fett in g': '1.1 g', '- davon gesättigte Fettsäuren in g': '1.1 g', 'Kohlenhydrate in g': '85.0 g', '- davon Zucker in g': '59.0 g', 'Eiweiß in g': '0.5 g', 'Salz in g': '0.3 g'}|||||||||||Non-Organic||||{'Lagerhinweis': 'Vor Wärme und Feuchtigkeit schützen.', 'manufacturer': 'HARIBO GmbH & Co. KG', 'Herstelleradresse': 'D-53105 Bonn', 'Kontaktmöglichkeit': 'info@haribo.com', 'Inhalt': '1125 g', 'Eigenschaften': 'vegetarisch gemaeß Rezeptur', 'Zutaten': 'Zucker; Glukosesirup; Stärke; Feuchthaltemittel: Sorbitsirup; WEIZENMEHL; Säuerungsmittel: Citronensäure,\nÄpfelsäure; Säureregulator: Natriumhydrogenmalat; Emulgator: Mono- und Diglyceride von Speisefettsäuren; Aroma; Frucht- und Pflanzenkonzentrate: Schwarze Johannisbeere, Holunderbeere, Aronia, Traube, Saflor, Orange, Zitrone; Holunderbeerextrakt. Kann Spuren von MILCH enthalten.', 'Produkttyp': 'Frucht- & Weingummi'}||||||||||||||5.0|4|2772084_1.png|https://static.mueller.de/markant_08426617119331_pv_4731672/pdzoom/haribo-fruchtgummi-pasta-basta-erdbeer-sour-veggie.webp|2772084_2.png|https://static.mueller.de/markant_08426617119331_pv_4994357/pdzoom/haribo-fruchtgummi-pasta-basta-erdbeer-sour-veggie.webp||||||||||||||||||||HARIBO GmbH & Co. KG||||||||||1125 g|||True||2772084P|||||||||5
2772085|mueller||||||||2024-10-28|Haribo Fruchtgummi Pasta Basta Apfel Sauer Veggie|HARIBO||1125|g|Home|Drogerie|Lebensmittel|Süßigkeiten|Fruchtgummi|Haribo Fruchtgummi Pasta Basta Apfel Sauer Veggie||7,99 €|7,99 €|||||||||||7,10 € / 1 kg|||EUR|Home> Drogerie> Lebensmittel> Süßigkeiten> Fruchtgummi> Haribo Fruchtgummi Pasta Basta Apfel Sauer Veggie|https://www.mueller.at/p/haribo-fruchtgummi-pasta-basta-apfel-sauer-veggie-2772085/|1125 g|Haribo Süssware Fruchtgummi Pasta Basta Apfel Sour 1 VD 150 ST||Vor Wärme und Feuchtigkeit schützen.|||||||||{'Nährwerte je': '100  g', 'Brennwert': '1501 kj / 354 kcal', 'Fett in g': '1.1 g', '- davon gesättigte Fettsäuren in g': '1.1 g', 'Kohlenhydrate in g': '85.0 g', '- davon Zucker in g': '59.0 g', 'Eiweiß in g': '0.5 g', 'Salz in g': '0.3 g'}|||||||||||Non-Organic||||{'Lagerhinweis': 'Vor Wärme und Feuchtigkeit schützen.', 'manufacturer': 'Haribo GmbH & Co. KG', 'Herstelleradresse': 'D-53105 Bonn', 'Kontaktmöglichkeit': 'info@haribo.com', 'Inhalt': '1125 g', 'Eigenschaften': 'vegetarisch gemaeß Rezeptur', 'Zutaten': 'Zucker; Glukosesirup; Stärke; Feuchthaltemittel: Sorbitsirup; WEIZENMEHL; Säuerungsmittel: Citronensäure,\nÄpfelsäure; Säureregulator: Natriumhydrogenmalat; Emulgator: Mono- und Diglyceride von Speisefettsäuren; Aroma; Farbstoffe: Kurkumin, Kupferkomplexe der Chlorophylline. Kann Spuren von MILCH enthalten.', 'Produkttyp': 'Frucht- & Weingummi'}||||||||||||||5.0|3|2772085_1.png|https://static.mueller.de/markant_08426617119324_pv_4553802/pdzoom/haribo-fruchtgummi-pasta-basta-apfel-sauer-veggie.webp|2772085_2.png|https://static.mueller.de/markant_08426617119324_pd_4994356/pdzoom/haribo-fruchtgummi-pasta-basta-apfel-sauer-veggie.webp||||||||||||||||||||Haribo GmbH & Co. KG||||||||||1125 g|||True||2772085P|||||||||5
2772086|mueller||||||||2024-10-28|Haribo Fruchtgummi Miami Sauer Veggie|HARIBO||1125|g|Home|Drogerie|Lebensmittel|Süßigkeiten|Fruchtgummi|Haribo Fruchtgummi Miami Sauer Veggie||7,99 €|7,99 €|||||||||||7,10 € / 1 kg|||EUR|Home> Drogerie> Lebensmittel> Süßigkeiten> Fruchtgummi> Haribo Fruchtgummi Miami Sauer Veggie|https://www.mueller.at/p/haribo-fruchtgummi-miami-sauer-veggie-2772086/|1125 g|Haribo Süssware Fruchtgummi Miami Sauer 1 VD 150 ST||Vor Wärme und Feuchtigkeit schützen.|||||||||{'Nährwerte je': '100  g', 'Brennwert': '1504 kj / 354 kcal', 'Fett in g': '1.0 g', '- davon gesättigte Fettsäuren in g': '1.0 g', 'Kohlenhydrate in g': '85.0 g', '- davon Zucker in g': '60.0 g', 'Eiweiß in g': '0.5 g', 'Salz in g': '0.47 g'}|||||||||||Non-Organic||||{'Lagerhinweis': 'Vor Wärme und Feuchtigkeit schützen.', 'manufacturer': 'HARIBO GmbH & Co. KG', 'Herstelleradresse': 'D-53105 Bonn', 'Kontaktmöglichkeit': 'info@haribo.com', 'Inhalt': '1125 g', 'Eigenschaften': 'vegetarisch gemaeß Rezeptur', 'Zutaten': 'Zucker; Glukosesirup; Stärke; Feuchthaltemittel: Sorbitsirup; WEIZENMEHL; Säuerungsmittel: Citronensäure, Äpfelsäure; \nSäureregulatoren: Tricalciumcitrat, Natriumhydrogenmalat; Überzugsmittel: Carnaubawachs; Emulgator: Mono- und \nDiglyceride von Speisefettsäuren; Aroma; Frucht- und Pflanzenkonzentrate: Spirulina, Schwarze Johannisbeere, \nHolunderbeere, Aronia, Traube; Holunderbeerextrakt; Farbstoff: Kurkumin. Kann Spuren von MILCH enthalten.', 'Produkttyp': 'Frucht- & Weingummi'}||||||||||||||4.8|5|2772086_1.png|https://static.mueller.de/markant_04001686008034_pv_4900108/pdzoom/haribo-fruchtgummi-miami-sauer-veggie.webp|2772086_2.png|https://static.mueller.de/markant_04001686008034_pd_4900109/pdzoom/haribo-fruchtgummi-miami-sauer-veggie.webp||||||||||||||||||||HARIBO GmbH & Co. KG||||||||||1125 g|||True||2772086P|||||||||5
2890740|mueller||||||||2024-10-28|"Märklin 44251 H0 Start up - Kühlwagen ""HARIBO"""|MÄRKLIN||1|Stk.|Home|Spielwaren|Modellbau & Modelleisenbahn|Modelleisenbahn|Wagen|Güter- & Funktionswagen|"Märklin 44251 H0 Start up - Kühlwagen ""HARIBO"""|19,99 €|19,99 €||||||||||||||EUR|"Home> Spielwaren> Modellbau & Modelleisenbahn> Modelleisenbahn> Wagen> Güter- & Funktionswagen> Märklin 44251 H0 Start up - Kühlwagen ""HARIBO"""|https://www.mueller.at/p/maerklin-44251-h0-start-up-kuehlwagen-haribo-IPN2890740/|1 Stk.|"Vorbild: Privatwagen-Gestaltung der HARIBO-Holding GmbH & Co. KG in Bonn (Deutschland).
Highlights:
Einzigartiges Wagendesign.
Modell: Mit RELEX-Kupplungen für schnelles und einfaches Kuppeln. Wagenlänge 11,5 cm. Gleichstromradsatz E700580 separat erhältlich.

Fortsetzung der Start up Kühlwagenserie.
Spur / Bauart:	H0 / 1:87
Epoche:	VI"||||||||6 Jahre||||||||||||||Non-Organic||||"{'target_group': 'Grundschüler|Jugendliche|Erwachsene', 'Artikelnummer des Herstellers': '44251', 'Altersempfehlung ab': '6 Jahre', 'Inhalt': '1 Stk.', 'Produkttyp': 'Güterwagen'}"||||||||||||||0|0|2890740_1.png|https://static.mueller.de/pdzoom/4001883442518.webp|2890740_2.png|https://static.mueller.de/pdzoom/4001883442518_3.webp|2890740_3.png|https://static.mueller.de/pdzoom/4001883442518_2.webp||||||||||||||||||44251||||||||||1 Stk.|||True||2890740P|||||||||7
2890774|mueller||||||||2024-10-28|TRIX 25100 - Elektrolok-Doppelpackung Re 421|TRIX||1|Stk.|Home|Spielwaren|Modellbau & Modelleisenbahn|Modelleisenbahn|Lokomotiven|Elektrolokomotiven|TRIX 25100 - Elektrolok-Doppelpackung Re 421|729,00 €|729,00 €||||||||||||||EUR|Home> Spielwaren> Modellbau & Modelleisenbahn> Modelleisenbahn> Lokomotiven> Elektrolokomotiven> TRIX 25100 - Elektrolok-Doppelpackung Re 421|https://www.mueller.at/p/trix-25100-elektrolok-doppelpackung-re-421-IPN2890774/|1 Stk.|"Vorbild: 2 Elektrolokomotiven Re 421 in unterschiedlichen Farbgebungen. 1 Elektrolokomotive in TEE-Farbgebung purpurrot/beige mit der Betriebsnummer 421 393-0 und 1 Elektrolokomotive in Rheingold-Lackierung kobaltblau/beige mit der Betriebsnummer 421 387-2. Privatbahn-Lokomotiven der International Rolling Stock Investment GmbH (IRSI), betrieben von der TR Trains Rail AG. Betriebszustand um 2020.
Highlights:
Mit DCC/mfx-Digital-Decoder und umfangreichen Betriebs- und Geräuschfunktionen.
Beide Loks einzeln verpackt.
Modell: Für beide Lokomotiven gilt: Mit Digital-Decoder und umfangreichen Licht- und Geräuschfunktionen. Geregelter Hochleistungsantrieb mit Schwungmasse, zentral eingebaut. 4 Achsen über Kardan angetrieben. Haftreifen. Fahrtrichtungsabhängig wechselndes Dreilicht-Spitzensignal und 1 weißes Schlusslicht (Schweizer Lichtwechsel) konventionell in Betrieb, digital schaltbar. Beleuchtung umschaltbar bei Solofahrt auf 1 rotes Schlusslicht. Spitzensignal an Lokseite 2 und 1 jeweils separat digital abschaltbar. Doppel-A-Licht als rotes Nothalt-Signal. Fernscheinwerfer, Führerstandbeleuchtung und Maschinenraumbeleuchtung jeweils separat digital schaltbar. Beleuchtung mit wartungsfreien warmweißen und roten Leuchtdioden (LED). Angesetzte Griffstangen seitlich und frontal aus Metall. Kupplungen gegen beiliegende Frontschürzen austauschbar. Länge über Puffer 17,1 cm.
Beide Lokomotiven sind einzeln verpackt und gekennzeichnet, mit zusätzlicher Umverpackung.
Spur / Bauart	Trix H0 /
Epoche	VI"||||||||15 Jahre||||||||||||||Non-Organic||||"{'target_group': 'Jugendliche|Erwachsene', 'Artikelnummer des Herstellers': 'T25100', 'Altersempfehlung ab': '15 Jahre', 'Inhalt': '1 Stk.', 'Produkttyp': 'Elektrolokomotive'}"||||||||||||||0|0|2890774_1.png|https://static.mueller.de/pdzoom/4028106251009.webp|2890774_2.png|https://static.mueller.de/pdzoom/4028106251009_2.webp||||||||||||||||||||T25100||||||||||1 Stk.|||True||2890774P|||||||||7
2772077|mueller||||||||2024-10-28|KULTBOHNE Bio Kaffee Bohnen Crema Hirschbach|KULTBOHNE||500|g|Home|Drogerie|Lebensmittel|Tee & Kaffee|Kaffee|KULTBOHNE Bio Kaffee Bohnen Crema Hirschbach||14,95 €|14,95 €|||||||||||29,90 € / 1 kg|||EUR|Home> Drogerie> Lebensmittel> Tee & Kaffee> Kaffee> KULTBOHNE Bio Kaffee Bohnen Crema Hirschbach|https://www.mueller.at/p/kultbohne-bio-kaffee-bohnen-crema-hirschbach-2772077/|500 g|"Geschmack: Vollmundiger Kaffee mit dichter Crema. Er eignet sich hervorragend für Ihren Kaffee-Vollautomaten. Frisch und schonen im traditionellen Trommelröstverfahren geröstet.

Bohnen: 100 % Bio-Arabica Pacha Mama Hochlandkaffee aus Peru und Indien (Region Idukki – Kooperative Mass).

Die Kultbohne Coffee-Roasters rösten den Bio-Kaffee Crema im Headquarter am Hirschbach. Direkt am Wald, inmitten idyllischer Natur und inspirierenden Hochlandrindern. Nicht zuletzt diese harmonische Umgebung, Ruhe und Stärke lässt unsere Kaffees so unvergleichlich stimmig und ausgewogen werden. Tauchen Sie ein in ein unvergessliches Genusserlebnis und kosten Sie die Verbindung von Natur, Moderne, Erfahrung und Leidenschaft!"||Bitte bewahren Sie die angebrochene Packung gut verschlossen, kühl und trocken auf.|||Arabica aus Peru und Indien (Region Idukki - Kooperative Mass)|||||||||||||||||Organic||||"{'Lagerhinweis': 'Bitte bewahren Sie die angebrochene Packung gut verschlossen, kühl und trocken auf.', 'target_group': 'Damen|Herren|Unisex', 'manufacturer': 'Kultbohne Coffee Roastery', 'Herstelleradresse': 'Schnuttenbacher Straße 31, 89362 Offingen', 'Herkunftsland': 'Arabica aus Peru und Indien (Region Idukki - Kooperative Mass)', 'Öko-Kontrollstelle': 'DE-ÖKO-037', 'Inhalt': '500 g', 'Bio': 'Ja', 'Eigenschaften': 'Laktosefrei|vegetarisch gemaeß Rezeptur|vegan laut Zutaten|Vegan|Glutenfrei', 'Zutaten': 'Röstkaffee ganze Bohne, 100 % Bio-Arabica Pacha Mama.', 'Produkttyp': 'Kaffee gemahlen & ganze Bohnen'}"||||||||||||||0|0|2772077_1.png|https://static.mueller.de/7137430551-PV-0/pdzoom/kultbohne-bio-kaffee-bohnen-crema-hirschbach.webp|2772077_2.png|https://static.mueller.de/7137430551-VR-1/pdzoom/kultbohne-bio-kaffee-bohnen-crema-hirschbach.webp||||||||||||||||||||Kultbohne Coffee Roastery||||||||||500 g|||False||2772077P|||||||||1
2890775|mueller||||||||2024-10-28|TRIX 25200 Diesellokomotive Baureihe 120|TRIX||1|Stk.|Home|Spielwaren|Modellbau & Modelleisenbahn|Modelleisenbahn|Lokomotiven|Diesellokomotiven|TRIX 25200 Diesellokomotive Baureihe 120|379,00 €|379,00 €||||||||||||||EUR|Home> Spielwaren> Modellbau & Modelleisenbahn> Modelleisenbahn> Lokomotiven> Diesellokomotiven> TRIX 25200 Diesellokomotive Baureihe 120|https://www.mueller.at/p/trix-25200-diesellokomotive-baureihe-120-IPN2890775/|1 Stk.|"Vorbild: Diesellokomotive BR 120 der Deutschen Reichsbahn (DR), auch bekannt unter dem Spitznahmen „Taigatrommel“. Betriebszustand ab 1976. Betriebsnummer 120 052.
Highlights
Komplette Neukonstruktion.
Mit Pufferhöhe nach NEM.
Fahrgestell und Aufbau der Lokomotive weitgehend aus Metall.
Seitlich angesetzte Griffstangen aus Metall.
Führerstandbeleuchtung digital schaltbar.
Maschinenraumbeleuchtung digital schaltbar.
Digital-Decoder DCC/mfx mit vielfältigen Licht- und Soundfunktionen.
Aufwendig gestaltete Drehgestelle.
Vorbildgerechter Sound.
Modell: Mit Digital-Decoder und umfangreichen Geräuschfunktionen. Geregelter Hochleistungsantrieb zentral eingebaut. Jeweils zwei Achsen in jedem Drehgestell über Kardan angetrieben. Haftreifen. Fahrtrichtungsabhängig wechselndes Dreilicht-Spitzensignal und 2 rote Schlusslichter konventionell in Betrieb, digital schaltbar. Spitzensignal an Lokseite 2 und 1 jeweils separat digital abschaltbar. Wenn Spitzensignal an beiden Lokseiten abgeschaltet ist, dann beidseitig Funktion des Doppel-A-Lichts. Führerstandbeleuchtung mit der Fahrtrichtung wechselnd, digital schaltbar. Maschinenraumbeleuchtung digital schaltbar. Beleuchtung mit wartungsfreien warmweißen und roten Leuchtdioden (LED). Seitlich angesetzte Griffstangen aus Metall. Frontschürze gegen geschlossene Frontschürzen austauschbar. Länge über Puffer ca. 20,2 cm.

Ein passendes Wagen-Set finden Sie im Trix H0-Sortiment unter der Artikelnummer 24145 und im Märklin H0-Sortiment unter der Artikelnummer 46538. Dieses Modell finden Sie in Wechselstromausführung im Märklin H0-Sortiment unter der Artikelnummer 39200.
Spur / Bauart:	Trix H0 /
Epoche:	IV"||||||||15 Jahre||||||||||||||Non-Organic||||"{'target_group': 'Jugendliche|Erwachsene', 'Artikelnummer des Herstellers': 'T25200', 'Altersempfehlung ab': '15 Jahre', 'Inhalt': '1 Stk.', 'Produkttyp': 'Diesellokomotive'}"||||||||||||||0|0|2890775_1.png|https://static.mueller.de/pdzoom/4028106252006.webp|2890775_2.png|https://static.mueller.de/pdzoom/4028106252006_2.webp|2890775_3.png|https://static.mueller.de/pdzoom/4028106252006_5.webp|2890775_4.png|https://static.mueller.de/pdzoom/4028106252006_4.webp|2890775_5.png|https://static.mueller.de/pdzoom/4028106252006_3.webp||||||||||||||T25200||||||||||1 Stk.|||True||2890775P|||||||||1
2772078|mueller||||||||2024-10-28|KULTBOHNE Bio Kaffee Bohnen Espresso Hirschbach|KULTBOHNE||500|g|Home|Drogerie|Lebensmittel|Tee & Kaffee|Kaffee|KULTBOHNE Bio Kaffee Bohnen Espresso Hirschbach||14,95 €|14,95 €|||||||||||29,90 € / 1 kg|||EUR|Home> Drogerie> Lebensmittel> Tee & Kaffee> Kaffee> KULTBOHNE Bio Kaffee Bohnen Espresso Hirschbach|https://www.mueller.at/p/kultbohne-bio-kaffee-bohnen-espresso-hirschbach-2772078/|500 g|"Geschmack: Vollmundig-kräftiger Espresso mit dichter Crema. Beim Genuss mit Milch tritt eine schokoladige Süße in den Vordergrund. Frisch und schonen im traditionellen Trommelröstverfahren geröstet. Besonders für Ihren Kaffee-Vollautomaten geeignet.

Bohnen: 100 % Bio-Arabica Pacha Mama Hochlandkaffee aus Peru und Indien (Region Idukki – Kooperative Mass)

Die Kultbohne Coffee-Roasters rösten den Bio-Espresso im Headquarter am Hirschbach. Direkt am Wald, inmitten idyllischer Natur – quasi direkt dort wo sich Fuchs und Hase gute Nacht sagen. Natürlich werden dort auch immer wieder imposante Waldbewohner gesichtet, sodass jeder Besucher zweifelsohne nachvollziehen kann, wie dieses wunderschöne Stückchen Erde zu seinem Namen „Hirschbach“ kam. Tauchen Sie ein in ein unvergessliches Genuss-Erlebnis und kosten sie die Verbindung von Natur, Stärke, Souveränität und Leidenschaft."||Bitte bewahren Sie die angebrochene Packung gut verschlossen, kühl und trocken auf.|||Arabica aus Peru und Indien (Region Idukki – Kooperative Mass)|||||||||||||||||Organic||||"{'Lagerhinweis': 'Bitte bewahren Sie die angebrochene Packung gut verschlossen, kühl und trocken auf.', 'target_group': 'Damen|Herren|Unisex', 'manufacturer': 'Kultbohne Coffee Roastery', 'Herstelleradresse': 'Schnuttenbacher Straße 31, 89362 Offingen', 'Herkunftsland': 'Arabica aus Peru und Indien (Region Idukki – Kooperative Mass)', 'Öko-Kontrollstelle': 'DE-ÖKO-037', 'Inhalt': '500 g', 'Bio': 'Ja', 'Eigenschaften': 'Laktosefrei|vegetarisch gemaeß Rezeptur|vegan laut Zutaten|Vegan|Glutenfrei', 'Zutaten': 'Röstkaffee ganze Bohne – 100 % Arabica.', 'Produkttyp': 'Kaffee gemahlen & ganze Bohnen'}"||||||||||||||0|0|2772078_1.png|https://static.mueller.de/7137431891-PV-0/pdzoom/kultbohne-bio-kaffee-bohnen-espresso-hirschbach.webp|2772078_2.png|https://static.mueller.de/7137431891-VR-1/pdzoom/kultbohne-bio-kaffee-bohnen-espresso-hirschbach.webp||||||||||||||||||||Kultbohne Coffee Roastery||||||||||500 g|||True||2772078P|||||||||10
2890776|mueller||||||||2024-10-28|TRIX 25290 H0 Zweikraftlokomotive Baureihe 249|TRIX||1|Stk.|Home|Spielwaren|Modellbau & Modelleisenbahn|Modelleisenbahn|Lokomotiven|Elektrolokomotiven|TRIX 25290 H0 Zweikraftlokomotive Baureihe 249|379,00 €|379,00 €||||||||||||||EUR|Home> Spielwaren> Modellbau & Modelleisenbahn> Modelleisenbahn> Lokomotiven> Elektrolokomotiven> TRIX 25290 H0 Zweikraftlokomotive Baureihe 249|https://www.mueller.at/p/trix-25290-h0-zweikraftlokomotive-baureihe-249-IPN2890776/|1 Stk.|"Vorbild: Zweikraftlokomotive BR 249 (Vectron Dual Mode light) der DB Cargo AG. Aus der Vectron-Produktfamilie von Siemens. Betriebsnummer 249 002. Werkszustand Mai 2022.
HighlightsKomplette Neukonstruktion.Pufferhöhe nach NEM.Fahrgestell und Aufbau weitgehend aus Metall.Zahlreiche angesetzte Details.Führerstandbeleuchtung digital schaltbar.Maschinenraumbeleuchtung digital schaltbar.Mit Digital-Decoder DCC/mfx und umfangreichen Geräuschfunktionen.
Modell: Mit Digital-Decoder und umfangreichen Geräuschfunktionen. Geregelter Hochleistungsantrieb. 4 Achsen angetrieben. Haftreifen. Fahrtrichtungsabhängig wechselndes Dreilicht-Spitzensignal und 2 rote Schlusslichter konventionell in Betrieb, digital schaltbar.Spitzenlicht an Lokseite 2 und 1 jeweils separat digital abschaltbar. Wenn Spitzensignal an beiden Lokseiten abgeschaltet ist, dann beidseitige Funktion des Doppel-A-Lichts. Führerstandbeleuchtung mit der Fahrtrichtung wechselnd digital schaltbar. Fernscheinwerfer separat digital schaltbar. Beleuchtung mit wartungsfreien warmweißen und roten Leuchtdioden (LED). ­Ansteckbare Bremsschläuche und Rangierkupplung liegen separat bei.Länge über Puffer ca. 23,6 cm.
Spur / Bauart    Trix H0 /Epoche    VI"||||||||15 Jahre||||||||||||||Non-Organic||||"{'target_group': 'Jugendliche|Erwachsene', 'Artikelnummer des Herstellers': '25290', 'Altersempfehlung ab': '15 Jahre', 'Inhalt': '1 Stk.', 'Produkttyp': 'Elektrolokomotive'}"||||||||||||||0|0|2890776_1.png|https://static.mueller.de/pdzoom/4028106252907.webp|2890776_2.png|https://static.mueller.de/pdzoom/4028106252907_2.webp|2890776_3.png|https://static.mueller.de/pdzoom/4028106252907_3.webp||||||||||||||||||25290||||||||||1 Stk.|||True||2890776P|||||||||3
2890777|mueller||||||||2024-10-28|TRIX 25291 H0 Zweikraftlokomotive Baureihe 248|TRIX||1|Stk.|Home|Spielwaren|Modellbau & Modelleisenbahn|Modelleisenbahn|Lokomotiven|Elektrolokomotiven|TRIX 25291 H0 Zweikraftlokomotive Baureihe 248|379,00 €|379,00 €||||||||||||||EUR|Home> Spielwaren> Modellbau & Modelleisenbahn> Modelleisenbahn> Lokomotiven> Elektrolokomotiven> TRIX 25291 H0 Zweikraftlokomotive Baureihe 248|https://www.mueller.at/p/trix-25291-h0-zweikraftlokomotive-baureihe-248-IPN2890777/|1 Stk.|"Vorbild: Zweikraftlokomotive BR 248 (Vectron Dual Mode) der Railssytems RP GmbH. Aus der Vectron-Produktfamilie von Siemens. Betriebsnummer 248 002. Betriebszustand 2021.
Highlights:
Komplette Neukonstruktion.
Pufferhöhe nach NEM.
Fahrgestell und Aufbau weitgehend aus Metall.
Zahlreiche angesetzte Details.
Führerstandbeleuchtung digital schaltbar.
Maschinenraumbeleuchtung digital schaltbar.
Mit Digital-Decoder DCC/mfx und umfangreichen Geräuschfunktionen.
Modell: Mit Digital-Decoder und umfangreichen Geräuschfunktionen. Geregelter Hochleistungsantrieb. 4 Achsen angetrieben. Haftreifen. Fahrtrichtungsabhängig wechselndes Dreilicht-Spitzensignal und 2 rote Schlusslichter konventionell in Betrieb, digital schaltbar.
Spitzenlicht an Lokseite 2 und 1 jeweils separat digital abschaltbar. Wenn Spitzensignal an beiden Lokseiten abgeschaltet ist, dann beidseitige Funktion des Doppel-A-Lichts. Führerstandbeleuchtung mit der Fahrtrichtung wechselnd digital schaltbar. Fernscheinwerfer separat digital schaltbar. Beleuchtung mit wartungsfreien warmweißen und roten Leuchtdioden (LED). Ansteckbare Bremsschläuche liegen separat bei. Länge über Puffer ca. 23 cm.
Spur / Bauart: Trix H0 /
Epoche: VI"||||||||15 Jahre||||||||||||||Non-Organic||||"{'target_group': 'Jugendliche|Erwachsene', 'Artikelnummer des Herstellers': 'T25291', 'Altersempfehlung ab': '15 Jahre', 'Inhalt': '1 Stk.', 'Produkttyp': 'Elektrolokomotive'}"||||||||||||||0|0|2890777_1.png|https://static.mueller.de/pdzoom/4028106252914.webp|2890777_2.png|https://static.mueller.de/pdzoom/4028106252914_2.webp|2890777_3.png|https://static.mueller.de/pdzoom/4028106252914_3.webp||||||||||||||||||T25291||||||||||1 Stk.|||True||2890777P|||||||||2
2890778|mueller||||||||2024-10-28|TRIX 25300 H0 Diesellokomotive Class 77|TRIX||1|Stk.|Home|Spielwaren|Modellbau & Modelleisenbahn|Modelleisenbahn|Lokomotiven|Diesellokomotiven|TRIX 25300 H0 Diesellokomotive Class 77|465,00 €|465,00 €||||||||||||||EUR|Home> Spielwaren> Modellbau & Modelleisenbahn> Modelleisenbahn> Lokomotiven> Diesellokomotiven> TRIX 25300 H0 Diesellokomotive Class 77|https://www.mueller.at/p/trix-25300-h0-diesellokomotive-class-77-IPN2890778/|1 Stk.|Vorbild: Dieselelektrische Güterzuglokomotive JT42CWRM, besser bekannt als Class 77. Diesellokomotive der DB Cargo AG. Betriebszustand 2021.Highlights:Führerstandbeleuchtung digital schaltbar.Steuerpultbeleuchtung digital schaltbar.Serienmäßig eingebauter Dampfgenerator mit dynamischem Dampfausstoß.Digital-Decoder DCC/mfx.Modell: Mit Digital-Decoder und umfangreichen Geräusch- und Lichtfunktionen. Geregelter Hochleistungsantrieb mit Schwungmasse zentral eingebaut. 4 Achsen über Kardan angetrieben. Haftreifen. Fahrtrichtungsabhängig wechselndes Dreilicht-Spitzensignal und 2 rote Schlusslichter konventionell in Betrieb, digital schaltbar. Spitzensignal an Lokseite 2 und 1 jeweils separat digital abschaltbar. Wenn Spitzensignal an beiden Lokseiten abgeschaltet ist, dann beidseitige Funktion des Doppel-A-Lichtes. Führerstandbeleuchtung digital schaltbar. Steuerpultbeleuchtung digital schaltbar. Beleuchtung mit wartungsfreien warmweißen und roten Leuchtdioden (LED). Serienmäßig eingebauter Rauchgenerator. Viele separat angesetzte Details. Detaillierte Pufferbohle. Ansteckbare Bremsschläuche liegen bei. Länge über Puffer ca. 24,7 cm.Spur / Bauart    Trix H0 /Epoche    VI||||||||15 Jahre||||||||||||||Non-Organic||||"{'target_group': 'Jugendliche|Erwachsene', 'Artikelnummer des Herstellers': 'T25300', 'Altersempfehlung ab': '15 Jahre', 'Inhalt': '1 Stk.', 'Produkttyp': 'Diesellokomotive'}"||||||||||||||0|0|2890778_1.png|https://static.mueller.de/pdzoom/4028106253003.webp||||||||||||||||||||||T25300||||||||||1 Stk.|||False||2890778P|||||||||1
2890779|mueller||||||||2024-10-28|TRIX 25322 - Diesellokomotive Baureihe 232|TRIX||1|Stk.|Home|Spielwaren|Modellbau & Modelleisenbahn|Modelleisenbahn|Lokomotiven|Diesellokomotiven|TRIX 25322 - Diesellokomotive Baureihe 232|475,00 €|475,00 €||||||||||||||EUR|Home> Spielwaren> Modellbau & Modelleisenbahn> Modelleisenbahn> Lokomotiven> Diesellokomotiven> TRIX 25322 - Diesellokomotive Baureihe 232|https://www.mueller.at/p/trix-25322-diesellokomotive-baureihe-232-IPN2890779/|1 Stk.|"Vorbild: Schwere Diesellokomotive Baureihe 232 der Deutschen Bundesbahn (DB). TEE-Farbgebung purpurrot/elfenbein. Zum Einsatz im hochwertigen TEE-Reisezugverkehr. Lok-Betriebsnummer 232 001-8. Betriebszustand Anfang der 1970er Jahre.
Highlights:
Größte und stärkste Diesellokomotive der Deutschen Bundesbahn.
Fahrgestell und Aufbau der Lokomotive weitgehend aus Metall.
Bewegliche Lüfterräder paarweise digital schaltbar.
Führerstandbeleuchtung und Maschinenraum-Beleuchtung digital schaltbar.
Mit RailCom-fähigem DCC/mfx-Digital-Decoder.
Modell: Mit Digital-Decoder und umfangreichen Geräusch- und Lichtfunktionen. 2 Lautsprecher für eine optimale Loksound-Wiedergabe. Geregelter Hochleistungsantrieb mit Schwungmasse zentral eingebaut. Jeweils zwei Achsen in jedem Drehgestell über Kardan angetrieben. Haftreifen. Fahrtrichtungsabhängig wechselndes Dreilicht-Spitzensignal und zwei rote Schlusslichter konventionell in Betrieb, digital schaltbar. Spitzensignal an Lokseite 2 und 1 jeweils separat digital abschaltbar. Doppel-A-Licht-Funktion. Führerstandbeleuchtung und Maschinenraum-Beleuchtung jeweils separat digital schaltbar. Beleuchtung mit wartungsfreien warmweißen und roten Leuchtdioden (LED). 4 bewegliche Lüfterräder mit je einem Motor angetrieben und paarweise separat digital schalbar. Unterschiedliche Geschwindigkeiten der Lüfterräder möglich. Angesetzte Griffstangen seitlich und frontal aus Metall. Detaillierte Pufferbohle. Ansteckbare Hauptluftleitungen, Heizleitungen und Kupplungsschläuche liegen bei.
Länge über Puffer 26,4 cm.

Passende TEE-Reisezugwagen finden Sie im aktuellen Märklin H0-Sortiment mit Angabe der benötigten Gleichstromradsätze.

Dieses Modell finden Sie in Wechselstromausführung im Märklin H0-Sortiment unter der Artikelnummer 39322.
Spur / Bauart:	Trix H0 /
Epoche:	IV"||||||||15 Jahre||||||||||||||Non-Organic||||"{'target_group': 'Jugendliche|Erwachsene', 'Artikelnummer des Herstellers': '25322', 'Altersempfehlung ab': '15 Jahre', 'Inhalt': '1 Stk.', 'Produkttyp': 'Diesellokomotive'}"||||||||||||||0|0|2890779_1.png|https://static.mueller.de/pdzoom/4028106253225.webp||||||||||||||||||||||25322||||||||||1 Stk.|||False||2890779P|||||||||1
232044|mueller||||||||2024-10-28|Herbaria Sizilianisches Steinsalz Mühle|HERBARIA||100|g|Home|Naturshop|Lebensmittel|Nahrung|Gewürze|Herbaria Sizilianisches Steinsalz Mühle||4,99 €|4,99 €|||||||||||49,90 € / 1 kg|||EUR|Home> Naturshop> Lebensmittel> Nahrung> Gewürze> Herbaria Sizilianisches Steinsalz Mühle|https://www.mueller.at/p/herbaria-sizilianisches-steinsalz-muehle-232044/|100 g|Grobes sizilianisches Steinsalz, dass seit über 100 Millionen Jahren geschützt vor Umwelteinflüssen unter den Bergen Siziliens lagert und im Einklang mit der Natur gewonnen wird.|||||keine Angabe|||||||||||||||||Non-Organic||||{'manufacturer': 'Herbaria Kräuterparadies GmbH', 'Herstelleradresse': 'Hagnbergstraße 12, 83730 Fischbachau', 'Herkunftsland': 'keine Angabe', 'Inhalt': '100 g', 'Zutaten': 'Steinsalz', 'Produkttyp': 'Gewürze'}||||||||||||||0|0|232044_1.png|https://static.mueller.de/pdzoom/4021269041678.webp||||||||||||||||||||||Herbaria Kräuterparadies GmbH||||||||||100 g|||True||232044P|||||||||10
2629711|mueller||||||||2024-10-28|Mein bunter Vorschulblock mit Schwungübungen - Vorübungen fürs Buchstaben-Schreiben ab 5 Jahren|-||1|Stk.|Home|Spielwaren|Buch & Schulbedarf|Kinder- & Jugendbücher|Mein bunter Vorschulblock mit Schwungübungen - Vorübungen fürs Buchstaben-Schreiben ab 5 Jahren|||6,20 €|6,20 €||||||||||||||EUR|Home> Spielwaren> Buch & Schulbedarf> Kinder- & Jugendbücher> Mein bunter Vorschulblock mit Schwungübungen - Vorübungen fürs Buchstaben-Schreiben ab 5 Jahren|https://www.mueller.at/p/mein-bunter-vorschulblock-mit-schwunguebungen-voruebungen-fuers-buchstaben-schreiben-ab-5-jahren-2629711/|1 Stk.|"Dieser Block enthält erste Buchstaben und spielerische Schwungübungen für eine lockere Schreibhand. Mit vielen Schreibtipps und Infos für Kinder und Eltern.
Für Vorschulkinder und SchulanfängerInnen ab 5 Jahren: die optimale Vorbereitung auf das Schreibenlernen in der 1. Klasse!
Pädagogisch geprüft!"||||||||||||||||||||||Non-Organic||||{'genre': 'Lernen', 'publisher': 'Carlsen Verlag', 'Einband': 'Softcover', 'publishing_year': '2020', 'Inhalt': '1 Stk.', 'ISBN Ausgangsbuch': '9783551189622', 'Produkttyp': 'Kinder- & Jugendbücher', 'page_number': '96'}||||||||||||||0|0|2629711_1.png|https://static.mueller.de/6769472723-PV-0/pdzoom/mein-bunter-vorschulblock-mit-schwunguebungen-voruebungen-fuers-buchstaben-schreiben-ab-5-jahren.webp||||||||||||||||||||||||||||||||1 Stk.|||True||2629711P|||||||||10
2772072|mueller||||||||2024-10-28|The Suicide Squad|||1|Stk.|Home|Multi-Media|Filme & TV|Action & Abenteuer|The Suicide Squad|||7,99 €|7,99 €||||||||||||||EUR|Home> Multi-Media> Filme & TV> Action & Abenteuer> The Suicide Squad|https://www.mueller.at/p/the-suicide-squad-2772072/|1 Stk.|"Eine Bande Sträflinge, darunter Bloodsport, Peacemaker, Captain Boomerang, Ratcatcher 2, Savant, King Shark, Blackguard, Javelin und Harley Quinn, wird bis an die Zähne bewaffnet auf der entlegenen Insel Corto Maltese abgesetzt, wo es von Feinden nur so wimmelt.Hier muss sich das Squad einen Weg durch den Dschungel voller Militärs und Guerillakämpfer bahnen, um eine Zielperson auszuschalten.""'The Suicide Sqaud' ist der ultimative WTF-Film und ein riesiger abgefuckter Anti-Helden-Spaß!"""||||||||||||||||||||||Non-Organic||||"{'medium': 'DVD', 'Untertitel': 'Englisch,Deutsch,Holländisch,Französisch', 'manufacturer': 'Warner Bros (Universal Pictures)', 'Bildformat': 'Widescreen', 'Zusatzinfos / Bonusmaterial beim Film dabei': 'Gunn-Style: Wie James Gunn THE SUICIDE SQUAD zum Leben erweckte;', 'Inhalt': '1 Stk.', 'Hörfilmfassung': 'Deutsch', 'Laufzeit in min (gesamt)': '130', 'Produktionsjahr': '2021', 'Produktionsland': 'USA', 'Regisseur': 'James Gunn', 'Schauspieler': 'Margot Robbie,Idris Elba,Joel Kinnaman,John Cena,Michael Rooker,Sylvester Stallone,Peter Capaldi,Viola Davis,Jai Courtney', 'Special Edition': 'Nein', 'Tonformat-Sprache': 'Deutsch,Englisch,Französisch,Deutsch', 'Untertitel für Gehörlose': 'Deutsch,Englisch', 'packaging_type': 'Softbox', 'Hauptgenre': 'Action|Science Fiction'}"||||||||||||||0|0|2772072_1.png|https://static.mueller.de/videojakob_5051890327864_pv_618659/pdzoom/the-suicide-squad.webp|2772072_2.png|https://static.mueller.de/pdzoom/videojakob_5051890327864_pr_618659-back.webp|2772072_3.png|https://static.mueller.de/videojakob_5051890327864_pd_66677334/pdzoom/the-suicide-squad.webp|2772072_4.png|https://static.mueller.de/videojakob_5051890327864_pd_66677740/pdzoom/the-suicide-squad.webp|2772072_5.png|https://static.mueller.de/videojakob_5051890327864_pd_66678127/pdzoom/the-suicide-squad.webp|2772072_6.png|https://static.mueller.de/videojakob_5051890327864_pd_66678480/pdzoom/the-suicide-squad.webp||||||||||||Warner Bros (Universal Pictures)||||||||||1 Stk.|||True||2772072P|||||||||5
2772073|mueller||||||||2024-10-28|The Suicide Squad|||1|Stk.|Home|Multi-Media|Filme & TV|Action & Abenteuer|The Suicide Squad|||9,99 €|9,99 €||||||||||||||EUR|Home> Multi-Media> Filme & TV> Action & Abenteuer> The Suicide Squad|https://www.mueller.at/p/the-suicide-squad-2772073/|1 Stk.|"Eine Bande Sträflinge, darunter Bloodsport, Peacemaker, Captain Boomerang, Ratcatcher 2, Savant, King Shark, Blackguard, Javelin und Harley Quinn, wird bis an die Zähne bewaffnet auf der entlegenen Insel Corto Maltese abgesetzt, wo es von Feinden nur so wimmelt.Hier muss sich das Squad einen Weg durch den Dschungel voller Militärs und Guerillakämpfer bahnen, um eine Zielperson auszuschalten.""'The Suicide Sqaud' ist der ultimative WTF-Film und ein riesiger abgefuckter Anti-Helden-Spaß!"""|||||||||||||||Europa, Vorderasien, Afrika, Australien|||||||Non-Organic||||"{'medium': 'Blu-ray Disc', 'Untertitel': 'Deutsch,Englisch', 'manufacturer': 'Warner Bros (Universal Pictures)', 'Bildformat': '16:9|HD', 'Zusatzinfos / Bonusmaterial beim Film dabei': 'Verpatzte Szenen;\nNicht verwendete und erweiterte Szenen;\nSzenenaufbau;\nRetro-Trailer;\nAudiokommentar;', 'Inhalt': '1 Stk.', 'Hörfilmfassung': 'Deutsch', 'Laufzeit in min (gesamt)': '135', 'Produktionsjahr': '2021', 'Produktionsland': 'USA', 'Regionalcode': 'Europa, Vorderasien, Afrika, Australien', 'Regisseur': 'James Gunn', 'Schauspieler': 'Margot Robbie,Idris Elba,Joel Kinnaman,John Cena,Michael Rooker,Sylvester Stallone,Peter Capaldi,Viola Davis,Jai Courtney', 'Special Edition': 'Nein', 'Tonformat-Sprache': 'Englisch,Deutsch,Deutsch,Englisch,Deutsch', 'Untertitel für Gehörlose': 'Deutsch,Englisch', 'packaging_type': 'Softbox', 'Hauptgenre': 'Action|Science Fiction'}"||||||||||||||4.5|2|2772073_1.png|https://static.mueller.de/videojakob_5051890327840_pv_618660/pdzoom/the-suicide-squad.webp|2772073_2.png|https://static.mueller.de/pdzoom/videojakob_5051890327840_pr_618660-back.webp|2772073_3.png|https://static.mueller.de/videojakob_5051890327840_pd_66677334/pdzoom/the-suicide-squad.webp|2772073_4.png|https://static.mueller.de/videojakob_5051890327840_pd_66677740/pdzoom/the-suicide-squad.webp|2772073_5.png|https://static.mueller.de/videojakob_5051890327840_pd_66678127/pdzoom/the-suicide-squad.webp|2772073_6.png|https://static.mueller.de/videojakob_5051890327840_pd_66678480/pdzoom/the-suicide-squad.webp||||||||||||Warner Bros (Universal Pictures)||||||||||1 Stk.|||True||2772073P|||||||||5
2890770|mueller||||||||2024-10-28|TRIX 23201 Personenwagen-Set InterRegio|TRIX||1|Stk.|Home|Spielwaren|Modellbau & Modelleisenbahn|Modelleisenbahn|Wagen|Personenwagen|TRIX 23201 Personenwagen-Set InterRegio|189,00 €|189,00 €||||||||||||||EUR|Home> Spielwaren> Modellbau & Modelleisenbahn> Modelleisenbahn> Wagen> Personenwagen> TRIX 23201 Personenwagen-Set InterRegio|https://www.mueller.at/p/trix-23201-personenwagen-set-interregio-IPN2890770/|1 Stk.|"Vorbild: Zwei Personenwagen unterschiedlicher Bauarten des InterRegio der Deutschen Bundesbahn (DB). Ein Personenwagen Bauart Bimz 264.7, 2. Klasse und ein Personenwagen mit Fahrradabteil Bauart Bimdz 268.2, 2. Klasse. Lichtgraue/Fernblaue Grundfarbgebung mit pastellblauem Zierstreifen. Zuglauf: IR 2670 von Konstanz nach Kassel. Wagen-Ordnungsnummern 44 und 45. Betriebszustand 1993.
HighlightsKomplette Neukonstruktion der InterRegio Wagenfamilie.Mehrfarbige Inneneinrichtungen.Serienmäßig eingebaute LED-Innenbeleuchtung mit Pufferkondensatoren.Serienmäßig eingebaute Zugschlussbeleuchtung.Nachbildung des Fahrradständers im Fahrradabteil.Pufferhöhe nach NEM.Viele separat angesetzte Details.
Modell: Komplette Neukonstruktion der InterRegio-Wagenfamilie. Mehrfarbige Inneneinrichtungen mit Nachbildung des Fahrradständers im Fahrradabteil. Alle Wagen mit serienmäßig eingebauter LED-Innenbeleuchtung. In jedem Wagen ist ein Pufferkondensator zur Überbrückung von kurzfristigen stromlosen Stellen eingebaut. Stirnseitig rot transparente Schlusslicht-Einsätze an den Wagenenden. Ein Wagen verfügt über eine serienmäßig eingebaute Zugschlussbeleuchtung. Typspezifisch gestaltete Unterböden mit vielen angesetzten Details. Pufferhöhe nach NEM. Mit Drehgestellen MD 366 ohne Generator. Separat angesetzte Lüfter an den Wagenkästen. Aufgedruckte Wagenlaufschilder. Wagen einzeln verpackt in zusätzlicher Umverpackung. Befahrbarer Mindestradius 360 mm. Länge über Puffer ca. 56,4 cm.
Weitere ergänzende InterRegio-Wagen finden Sie im Trix H0-Sortiment unter den Artikelnummern 23200 und 23202. Eine passende Elektrolokomotive finden Sie im Trix H0-Sortiment unter der Artikelnummer 22929. Dieses Modell finden Sie in Wechselstromausführung im Märklin H0-Sortiment unter der Artikelnummer 43901.
Spur / Bauart    Trix H0 /Epoche    V"||||||||15 Jahre||||||||||||||Non-Organic||||"{'target_group': 'Jugendliche|Erwachsene', 'Artikelnummer des Herstellers': 'T23201', 'Altersempfehlung ab': '15 Jahre', 'Inhalt': '1 Stk.', 'Produkttyp': 'Personenwagen'}"||||||||||||||0|0|2890770_1.png|https://static.mueller.de/pdzoom/4028106232015.webp|2890770_2.png|https://static.mueller.de/pdzoom/4028106232015_2.webp|2890770_3.png|https://static.mueller.de/pdzoom/4028106232015_3.webp||||||||||||||||||T23201||||||||||1 Stk.|||True||2890770P|||||||||5
2772074|mueller||||||||2024-10-28|rayher Abdruck Set keeping memories|RAYHER||1|Stk.|Home|Schreibwaren|Bastelbedarf|Bastelsets|rayher Abdruck Set keeping memories|||9,99 €|9,99 €||||||||||||||EUR|Home> Schreibwaren> Bastelbedarf> Bastelsets> rayher Abdruck Set keeping memories|https://www.mueller.at/p/rayher-abdruck-set-keeping-memories-2772074/|1 Stk.|"Keeping memories – einzigartige Baby-Erinnerungen für die Ewigkeit festhalten! Selbst gemachte Abdrücke von Babyhänden und -füßen sind eine schöne Erinnerung und eine tolle Dekoration.
Die lieben Kleinen werden viel zu schnell groß… halte die Erinnerung an die Babyzeit mit einem zauberhaften Hand- und Fußabdruck deines Babys für immer fest!"||||||||||||||||||||||Non-Organic||||{'scope_of_delivery': 'Zum Anfertigen von 2 kreativen Abdruck-Anhängern in einer Größe von ca. 11 cm :\n- 500 g Modelliermasse Porzella, 1 Ausroll-Holz, 2 Kanthölzer, 1 m Satinband, rosa, 1 m Satinband, hellblau und 1 detaillierte Anleitung', 'manufacturer': 'Rayher Hobby GmbH', 'Herstelleradresse': 'Fockestr. 15 ,88471 Laupheim', 'Inhalt': '1 Stk.', 'Produkttyp': 'Bastelsets'}||||||||||||||0|0|2772074_1.png|https://static.mueller.de/7019683907-PV-0/pdzoom/rayher-abdruck-set-keeping-memories.webp|2772074_2.png|https://static.mueller.de/7019683907-PB-1/pdzoom/rayher-abdruck-set-keeping-memories.webp|2772074_3.png|https://static.mueller.de/7019683907-PB-2/pdzoom/rayher-abdruck-set-keeping-memories.webp|2772074_4.png|https://static.mueller.de/7019683907-PB-3/pdzoom/rayher-abdruck-set-keeping-memories.webp||||||||||||||||Rayher Hobby GmbH||||||||||1 Stk.|||True||2772074P|||||||||10
2890763|mueller||||||||2024-10-28|Märklin 48820 H0 Gedeckter Güterwagen G 10|MÄRKLIN||1|Stk.|Home|Spielwaren|Modellbau & Modelleisenbahn|Modelleisenbahn|Wagen|Güter- & Funktionswagen|Märklin 48820 H0 Gedeckter Güterwagen G 10|39,99 €|39,99 €|39,99 €|35,99 €||||10%|Sie sparen 10%|||||||EUR|Home> Spielwaren> Modellbau & Modelleisenbahn> Modelleisenbahn> Wagen> Güter- & Funktionswagen> Märklin 48820 H0 Gedeckter Güterwagen G 10|https://www.mueller.at/p/maerklin-48820-h0-gedeckter-gueterwagen-g-10-IPN2890763/|1 Stk.|"Vorbild: Zweiachsiger gedeckter Güterwagen der Verbandsbauart G 10, mit kurzem Bremserhaus (Sparbremserhaus) und Endfeldverstärkung. Deutschen Bundesbahn (DB). Betriebszustand um 1958.
Highlights
Erstmals G 10 mit Sparbremserhaus als Einzelwagen.
Schiebetüren zum Öffnen.
Modell: Schiebetüren zum Öffnen. Länge über Puffer 11 cm.
Gleichstromradsatz E700270.
Spur / Bauart	H0 / 1:87
Epoche	III"||||||||15 Jahre||||||||||||||Non-Organic||||"{'target_group': 'Jugendliche|Erwachsene', 'Artikelnummer des Herstellers': '48820', 'Altersempfehlung ab': '15 Jahre', 'Inhalt': '1 Stk.', 'Produkttyp': 'Güterwagen'}"||||||||||||||5.0|1|2890763_1.png|https://static.mueller.de/pdzoom/4001883488202.webp|2890763_2.png|https://static.mueller.de/pdzoom/4001883488202_2.webp||||||||||||||||||||48820||||||||||1 Stk.|||False||2890763P|||||||||1
2772067|mueller||||||||2024-10-28|Paw Patrol: Der Kinofilm|||1|Stk.|Home|Multi-Media|Filme & TV|Kinderfilme|Paw Patrol: Der Kinofilm|||9,99 €|9,99 €||||||||||||||EUR|Home> Multi-Media> Filme & TV> Kinderfilme> Paw Patrol: Der Kinofilm|https://www.mueller.at/p/paw-patrol-der-kinofilm-2772067/|1 Stk.|"Unser Schicksal liegt in ihren Pfoten! Auf die Pfoten, fertig, los! Die beliebte PAW-Patrol-Gang ist wieder in Aktion! 
Als ihr größter Rivale, Bürgermeister Besserwisser, das Amt des Bürgermeisters in der nahe gelegenen Abenteuerstadt übernimmt und anfängt, ordentlich Chaos zu stiften, schalten der junge Ryder und seine vierpfotigen Fellfreunde einen Gang höher. Denn: Kein Einsatz ist zu groß, keine Pfote zu klein! Während sich einer der jungen Super-Hunde in der Abenteuerstadt seiner Vergangenheit stellen muss, findet das Team Hilfe bei einer neuen Verbündeten, dem smarten Dackelmädchen Liberty. Gemeinsam - und bestens ausgestattet mit aufregenden neuen Gadgets und einer Megaausrüstung - scheut das PAW-Patrol-Team keine Herausforderung, um die Bürger der Abenteuerstadt zu retten!    

Presse:
- ""Knuffiger Animationsspaß"" (TV Spielfilm)"|||||||||||||||Europa, Vorderasien, Afrika, Australien|||||||Non-Organic||||"{'medium': 'Blu-ray Disc', 'Untertitel': 'Deutsch,Englisch,Holländisch,Französisch,Italienisch,Japanisch,Spanisch', 'manufacturer': 'Paramount Pictures (Universal Pictures)', 'Bildformat': 'HD|Widescreen', 'Zusatzinfos / Bonusmaterial beim Film dabei': 'Ein ganz tolles Team;\nACN: Adventure City News Bericht mit Marty Schmierfink;\n""Paw Patrol - Der Kinofilm"" - Video mit Songtext (nur auf Englisch);\nWendecover;', 'Inhalt': '1 Stk.', 'Laufzeit in min (gesamt)': '86', 'Produktionsjahr': '2021', 'Produktionsland': 'USA', 'Regionalcode': 'Europa, Vorderasien, Afrika, Australien', 'Regisseur': 'Callan Brunker', 'Schauspieler': 'Lea van Acken', 'Special Edition': 'Nein', 'Tonformat-Sprache': 'Deutsch,Französisch,Italienisch,Japanisch,Spanisch,Englisch,Holländisch', 'packaging_type': 'Softbox', 'Hauptgenre': 'Animationsfilm|Kinder'}"||||||||||||||0|0|2772067_1.png|https://static.mueller.de/videojakob_5053083238759_pv_619614/pdzoom/paw-patrol-der-kinofilm.webp|2772067_2.png|https://static.mueller.de/pdzoom/videojakob_5053083238759_pr_619614-back.webp|2772067_3.png|https://static.mueller.de/videojakob_5053083238759_pd_66752141/pdzoom/paw-patrol-der-kinofilm.webp|2772067_4.png|https://static.mueller.de/videojakob_5053083238759_pd_66752376/pdzoom/paw-patrol-der-kinofilm.webp|2772067_5.png|https://static.mueller.de/videojakob_5053083238759_pd_66752626/pdzoom/paw-patrol-der-kinofilm.webp|2772067_6.png|https://static.mueller.de/videojakob_5053083238759_pd_66752860/pdzoom/paw-patrol-der-kinofilm.webp||||||||||||Paramount Pictures (Universal Pictures)||||||||||1 Stk.|||True||2772067P|||||||||5
2890764|mueller||||||||2024-10-28|Märklin 60117 Empfängerbox WLAN|MÄRKLIN||1|Stk.|Home|Spielwaren|Modellbau & Modelleisenbahn|Modelleisenbahn|Zubehör|Märklin 60117 Empfängerbox WLAN||135,00 €|135,00 €||||||||||||||EUR|Home> Spielwaren> Modellbau & Modelleisenbahn> Modelleisenbahn> Zubehör> Märklin 60117 Empfängerbox WLAN|https://www.mueller.at/p/maerklin-60117-empfaengerbox-wlan-IPN2890764/|1 Stk.|"WLAN- und Infrarot-Adapter zum Betrieb an der Digital-Anschlussbox (60114, 60116) oder an einer Central Station (60216, 60226 sowie 60213-60215).

Ermöglicht, die MS WLAN (60667) oder die Start-Up Infrarot-Steuergeräte zu koppeln.
Gleichzeitiger Betrieb von bis zu vier MS WLAN (Artikel 60667) an einer Empfängerbox WLAN 60117.

Einfache Konfiguration über WEB-Anwendung oder Central Station (60216, 60226).

Abmessungen 96 x 85 x 40 mm"||||||||15 Jahre||||||||||||||Non-Organic||||"{'target_group': 'Jugendliche|Erwachsene', 'Artikelnummer des Herstellers': '60117', 'Altersempfehlung ab': '15 Jahre', 'Inhalt': '1 Stk.', 'Produkttyp': 'Elektro-Installationsmaterial'}"||||||||||||||5.0|1|2890764_1.png|https://static.mueller.de/pdzoom/4001883601175.webp|2890764_2.png|https://static.mueller.de/pdzoom/4001883601175_2.webp||||||||||||||||||||60117||||||||||1 Stk.|||False||2890764P|||||||||1
2890765|mueller||||||||2024-10-28|Märklin 60667 Mobile Station WLAN|MÄRKLIN||1|Stk.|Home|Spielwaren|Modellbau & Modelleisenbahn|Modelleisenbahn|Zubehör|Märklin 60667 Mobile Station WLAN||229,00 €|229,00 €|229,00 €|205,00 €||||10%|Sie sparen 10%|||||||EUR|Home> Spielwaren> Modellbau & Modelleisenbahn> Modelleisenbahn> Zubehör> Märklin 60667 Mobile Station WLAN|https://www.mueller.at/p/maerklin-60667-mobile-station-wlan-IPN2890765/|1 Stk.|"Grenzenloses Fahrvergnügen
Die MS WLAN mit interaktivem Display und neu konzipierten Drehregler

Hinweis: Als Empfänger für die Mobile Station WLAN ist eine CS2 oder CS3 mit WLAN-Anbindung oder die Empfängerbox WLAN 60117 erforderlich.
Highlights:
Einfache und von der MS2 vertraute Bedienung auch ohne hinzusehen.
Einhändige Bedienung mit mitgeliefertem Griff (Pop Socket) auf der Rückseite.
Neuer haptischer Drehregler für noch komfortableres Handling.
Hintergrundbeleuchtetes Grafikdisplay mit selbsterklärenden Piktogrammen.
Displayinhalt dreht sich passend zur Stellung des Geräts.
Einfache Anbindung an die Empfängerbox WLAN oder an eine Central Station 2, 3 oder 3 plus.
Bis zu 32 schaltbare Zusatzfunktionen.
320 Magnetartikel schaltbar.
Integrierte Märklin-Digital-Lokdatenbank.
… und natürlich alle tollen Features der MS2.
Digitale Handregler-Steuereinheit.
40 Lokomotiven im Direktzugriff steuerbar.
Automatische Anmeldung von mfx-Loks.
Integrierte Lokdatenbank zur Auswahl von älteren Märklin-/Trix-/LGB-Loks.
Manuelle Anmeldung von MM- und DCC-Loks über Digitaladressen möglich.
Bis zu 32 Lokfunktionen schaltbar, Anzeige der Funktionszustände.
Selbsterklärende Funktions-Piktogramme bei mfx- und Datenbank-Loks.
Bis zu 320 Magnetartikel schaltbar.
Mit einer Hand bedienbar mit mitgeliefertem Griff (Pop Socket) auf der Rückseite.
Dispay-Inhalt dreht sich passend zur Stellung des Geräts.


Beleuchtete Stop-Taste zur Signalisierung des Stop-Zustands.
Hintergrundbeleuchtetes s/w Vollgrafikdisplay.
Abmessung 160 x 100 x 42 mm.

Drahtlose Kopplung mit einer Empfängerbox WLAN (60117) oder mit einer Central Station (60216, 60226 sowie 60213–60215), wenn diese Teil eines WLAN-fähigen Netzwerks ist.
Die Mobile Station WLAN kann bei Kopplung mit einer Central Station auf deren vollständige Lokliste und auf die Magnetartikel mit den Adressen 1 bis 320 zugreifen.

Es können bis zu vier MS WLAN an eine Empfängerbox WLAN (Artikel 60117) angekoppelt werden.

Zum Betrieb des Geräts sind 4 Batterien AAA erforderlich, diese sind im Lieferumfang nicht enthalten.

Ausschließlich erhältlich in den Ländern der Europäischen Union, USA, Kanada, CH, UK, Japan, Australien und Neuseeland.

Mit der Mobile Station WLAN die Anlage mit einer Hand kabellos bedienen!"||||||||15 Jahre||||||||||||||Non-Organic||||"{'target_group': 'Jugendliche|Erwachsene', 'Artikelnummer des Herstellers': '60667', 'Altersempfehlung ab': '15 Jahre', 'Inhalt': '1 Stk.', 'Produkttyp': 'Elektro-Installationsmaterial'}"||||||||||||||0|0|2890765_1.png|https://static.mueller.de/pdzoom/4001883606675.webp|2890765_2.png|https://static.mueller.de/pdzoom/4001883606675_10.webp|2890765_3.png|https://static.mueller.de/pdzoom/4001883606675_9.webp|2890765_4.png|https://static.mueller.de/pdzoom/4001883606675_12.webp|2890765_5.png|https://static.mueller.de/pdzoom/4001883606675_7.webp|2890765_6.png|https://static.mueller.de/pdzoom/4001883606675_11.webp||||||||||||60667||||||||||1 Stk.|||False||2890765P|||||||||1
2890766|mueller||||||||2024-10-28|Märklin 72025 H0 Stromführende Kurzkupplungsköpfe für Norm-Kupplungsaufnahme|MÄRKLIN||1|Stk.|Home|Spielwaren|Modellbau & Modelleisenbahn|Modelleisenbahn|Zubehör|Märklin 72025 H0 Stromführende Kurzkupplungsköpfe für Norm-Kupplungsaufnahme||19,99 €|19,99 €||||||||||||||EUR|Home> Spielwaren> Modellbau & Modelleisenbahn> Modelleisenbahn> Zubehör> Märklin 72025 H0 Stromführende Kurzkupplungsköpfe für Norm-Kupplungsaufnahme|https://www.mueller.at/p/maerklin-72025-h0-stromfuehrende-kurzkupplungskoepfe-fuer-norm-kupplungsaufnahme-IPN2890766/|1 Stk.|"Der neue stromführende Kurzkupplungskopf ist speziell für neukonstruierte Fahrzeuge mit vorbildgerecht niedrigerer Pufferbohle und damit geringerer Pufferhöhe ab Schienenoberkante vorgesehen (nach NEM 303), um ein notwendiges Ausschwenken des Kurzkupplungssystems unterhalb der Pufferteller zu gewährleisten.
Highlights.
Packung mit 10 stromführenden Kurzkupplungsköpfen für Fahrzeuge mit niedrigerer Pufferhöhe.
Inhalt: 10 stromführende Kurzkupplungsköpfe. Zum Einsetzen in Fahrzeuge mit Norm-Kupplungsaufnahme (NEM 362) und Kulissenführung, sowie bei Fahrzeugen mit niedrigerer Pufferhöhe nach NEM 303."||||||||15 Jahre||||||||||||||Non-Organic||||"{'target_group': 'Jugendliche|Erwachsene', 'Artikelnummer des Herstellers': '72025', 'Altersempfehlung ab': '15 Jahre', 'Inhalt': '1 Stk.', 'Produkttyp': 'Sonstiges Zubehör'}"||||||||||||||0|0|2890766_1.png|https://static.mueller.de/pdzoom/4001883720258.webp||||||||||||||||||||||72025||||||||||1 Stk.|||False||2890766P|||||||||1
2890767|mueller||||||||2024-10-28|Märklin 72178 H0 Bausatz Kleinlokschuppen.|MÄRKLIN||1|Stk.|Home|Spielwaren|Modellbau & Modelleisenbahn|Modelleisenbahn|Häuser & Bahnhöfe|Märklin 72178 H0 Bausatz Kleinlokschuppen.||29,99 €|29,99 €||||||||||||||EUR|Home> Spielwaren> Modellbau & Modelleisenbahn> Modelleisenbahn> Häuser & Bahnhöfe> Märklin 72178 H0 Bausatz Kleinlokschuppen.|https://www.mueller.at/p/maerklin-72178-h0-bausatz-kleinlokschuppen-IPN2890767/|1 Stk.|Vorbild: Einständiger Lokschuppen für Kleinlokomotiven, verwendbar in der Epoche II bis VI.HighlightsSpeziell für Kleinlokomotiven.Hochwertiger Architekturkarton.Realistische Farbgebung.Tor manuell zum Öffnen.Für viele Epochen geeignet.Modell: Lokomotivschuppen speziell für Kleinlokomotiven wie Köf II, Köf III etc. Alle Bauteile aus speziellem hochwertigem Architektur-Hartkarton präzise mit dem Laser geschnitten. Tor in Stahlblechoptik, manuell zum Öffnen. Nachbildung der Fenstersprossen on Stahloptik. Alle Teile bereits in vorbildgerechter Grundfarbgebung, sie können jedoch zusätzlich problemlos weiter gealtert und bemalt werden. Maße des fertigen Modells ca.: Länge ca. 130 mm, Breite 55 mm, Höhe 70 mm. Maße der Toreinfahrt Breite 42 mm x Höhe 50 mmSpur / Bauart    H0 / 1:87Epoche    I-V||||||||15 Jahre||||||||||||||Non-Organic||||"{'target_group': 'Jugendliche|Erwachsene', 'Artikelnummer des Herstellers': '72178', 'Altersempfehlung ab': '15 Jahre', 'Inhalt': '1 Stk.', 'Produkttyp': 'Bahnsteig, Halle, Lockschuppen'}"||||||||||||||0|0|2890767_1.png|https://static.mueller.de/pdzoom/4001883721781.webp|2890767_2.png|https://static.mueller.de/pdzoom/4001883721781_2.webp||||||||||||||||||||72178||||||||||1 Stk.|||False||2890767P|||||||||1
2890769|mueller||||||||2024-10-28|TRIX 23200 Personenwagen-Set InterRegio|TRIX||1|Stk.|Home|Spielwaren|Modellbau & Modelleisenbahn|Modelleisenbahn|Wagen|Personenwagen|TRIX 23200 Personenwagen-Set InterRegio|285,00 €|285,00 €||||||||||||||EUR|Home> Spielwaren> Modellbau & Modelleisenbahn> Modelleisenbahn> Wagen> Personenwagen> TRIX 23200 Personenwagen-Set InterRegio|https://www.mueller.at/p/trix-23200-personenwagen-set-interregio-IPN2890769/|1 Stk.|"Vorbild: Drei Personenwagen unterschiedlicher Bauarten des InterRegio der Deutschen Bundesbahn (DB). Ein Personenwagen Bauart Aim 260.5, 1. Klasse, ein Personenwagen Bauart Bimz 264.2, 2. Klasse und ein Halbspeisewagen Bauart ARkimbz 262.2 ""Bistro Café"". Lichtgraue/Fernblaue Grundfarbgebung mit pastellblauem Zierstreifen. Zuglauf: IR 2670 von Konstanz nach Kassel. Wagen-Ordnungsnummern 49, 50 und 51. Betriebszustand 1993. HighlightsKomplette Neukonstruktion der InterRegio Wagenfamilie.Mehrfarbige Inneneinrichtungen.Serienmäßig eingebaute LED-Innenbeleuchtung mit Pufferkondensatoren.Pufferhöhe nach NEM.Viele separat angesetzte Details.
Modell: Komplette Neukonstruktion der InterRegio-Wagenfamilie. Mehrfarbige Inneneinrichtungen. Alle Wagen mit serienmäßig eingebauter LED-Innenbeleuchtung. In jedem Wagen ist ein Pufferkondensator zur Überbrückung von kurzfristigen stromlosen Stellen eingebaut. Stirnseitig rot transparente Schlusslicht-Einsätze an den Wagenenden. Typspezifisch gestaltete Unterböden mit vielen angesetzten Details. Pufferhöhe nach NEM. Mit Drehgestellen MD 366/367 mit und ohne angesetztem Generator. Separat angesetzte Lüfter an den Wagenkästen. Aufgedruckte Wagenlaufschilder. Wagen einzeln verpackt in zusätzlicher Umverpackung. Befahrbarer Mindestradius 360 mm. Länge über Puffer ca. 84,6 cm.
Weitere ergänzende InterRegio-Wagen finden Sie im Trix H0-Sortiment unter den Artikelnummern 23201 und 23202. Eine passende Elektrolokomotive finden Sie im Trix H0-Sortiment unter der Artikelnummer 22929. Dieses Modell finden Sie in Wechselstromausführung im Märklin H0-Sortiment unter der Artikelnummer 43900.
Spur / Bauart    Trix H0 /Epoche    V"||||||||15 Jahre||||||||||||||Non-Organic||||"{'target_group': 'Jugendliche|Erwachsene', 'Artikelnummer des Herstellers': 'T23200', 'Altersempfehlung ab': '15 Jahre', 'Inhalt': '1 Stk.', 'Produkttyp': 'Personenwagen'}"||||||||||||||0|0|2890769_1.png|https://static.mueller.de/pdzoom/4028106232008.webp|2890769_2.png|https://static.mueller.de/pdzoom/4028106232008_2.webp|2890769_3.png|https://static.mueller.de/pdzoom/4028106232008_3.webp||||||||||||||||||T23200||||||||||1 Stk.|||True||2890769P|||||||||2
207099|mueller||||||||2024-10-28|J.G. Schrödel - Gürtel Wild Earp 1 Holster|JG SCHROEDEL||1|Stk.|Home|Spielwaren|Kostüme & Partyartikel|Kostüme & Schminke|J.G. Schrödel - Gürtel Wild Earp 1 Holster|||10,99 €|10,99 €||||||||||||||EUR|Home> Spielwaren> Kostüme & Partyartikel> Kostüme & Schminke> J.G. Schrödel - Gürtel Wild Earp 1 Holster|https://www.mueller.at/p/j-g-schroedel-guertel-wild-earp-1-holster-207099/|1 Stk.|"Gürtel „Wild Earp"": Pistolengürtel aus Kunststoff mit Holster für Spielzeugpistole, 50-90 cm, schwarz/ silber (730 0144)
Bei dem Pistolengürtel „Wild Earp“ schlagen Cowboy- und Sheriff-Herzen höher. Durch die farbliche Abhebung der Gürtelschnalle und den Verzierungen ist diese Gürteltasche ein echter Hingucker und wertet jedes Western-Faschingsoutfit auf. Der 50 - 90 cm lange Gürtel mit Holster kann durch den simplen Gürtelverschluss einfach an- und abgelegt werden. Nicht geeignet für Kinder unter 3 Jahren."||||||||3 Jahre||||||||||||||Non-Organic||||"{'target_group': 'Jugendliche|Grundschüler|Kindergartenkinder', 'manufacturer': 'J.G.Schrödel Vertriebsgesellschaft m.b.H', 'Herstelleradresse': 'Hans-Bunte-Straße 2 90431 Nürnberg', 'Kontaktmöglichkeit': 'https://www.bauer-spielwaren.de/', 'Artikelnummer des Herstellers': '730 0144', 'license': 'JG Schroedel Zubehör Karneval', 'Altersempfehlung ab': '3 Jahre', 'Altersempfehlung bis': '99 Jahre', 'Inhalt': '1 Stk.', 'Produkttyp': 'Spielzeugwaffenzubehör'}"||||||||||||||0|0|207099_1.png|https://static.mueller.de/204930281-PB-0/pdzoom/j-g-schroedel-guertel-wild-earp-1-holster.webp|207099_2.png|https://static.mueller.de/204930281-PB-1/pdzoom/j-g-schroedel-guertel-wild-earp-1-holster.webp||||||||||||||||||||J.G.Schrödel Vertriebsgesellschaft m.b.H||||||||||1 Stk.|||True||207099P|||||||||10
2890760|mueller||||||||2024-10-28|Märklin 47316 H0 Güterwagen-Set „Frico“|MÄRKLIN||1|Stk.|Home|Spielwaren|Modellbau & Modelleisenbahn|Modelleisenbahn|Wagen|Güter- & Funktionswagen|Märklin 47316 H0 Güterwagen-Set „Frico“|125,00 €|125,00 €||||||||||||||EUR|Home> Spielwaren> Modellbau & Modelleisenbahn> Modelleisenbahn> Wagen> Güter- & Funktionswagen> Märklin 47316 H0 Güterwagen-Set „Frico“|https://www.mueller.at/p/maerklin-47316-h0-gueterwagen-set-frico-IPN2890760/|1 Stk.|"Modell: Alle Wagen mit unterschiedlichen Betriebsnummern. Jeder Wagen einzeln verpackt. Zusätzliche Umverpackung. Gesamtlänge über Puffer ca. 48,8 cm.
Gleichstromradsatz E700580.
Spur / Bauart	H0 / 1:87
Epoche	IV"||||||||15 Jahre||||||||||||||Non-Organic||||"{'target_group': 'Jugendliche|Erwachsene', 'Artikelnummer des Herstellers': '47316', 'Altersempfehlung ab': '15 Jahre', 'Inhalt': '1 Stk.', 'Produkttyp': 'Güterwagen'}"||||||||||||||0|0|2890760_1.png|https://static.mueller.de/pdzoom/4001883473161.webp|2890760_2.png|https://static.mueller.de/pdzoom/4001883473161_2.webp||||||||||||||||||||47316||||||||||1 Stk.|||False||2890760P|||||||||1
2772064|mueller||||||||2024-10-28|Paw Patrol: Der Kinofilm|||1|Stk.|Home|Multi-Media|Filme & TV|Kinderfilme|Paw Patrol: Der Kinofilm|||7,99 €|7,99 €||||||||||||||EUR|Home> Multi-Media> Filme & TV> Kinderfilme> Paw Patrol: Der Kinofilm|https://www.mueller.at/p/paw-patrol-der-kinofilm-2772064/|1 Stk.|"Unser Schicksal liegt in ihren Pfoten! Auf die Pfoten, fertig, los! Die beliebte PAW-Patrol-Gang ist wieder in Aktion! 
Als ihr größter Rivale, Bürgermeister Besserwisser, das Amt des Bürgermeisters in der nahe gelegenen Abenteuerstadt übernimmt und anfängt, ordentlich Chaos zu stiften, schalten der junge Ryder und seine vierpfotigen Fellfreunde einen Gang höher. Denn: Kein Einsatz ist zu groß, keine Pfote zu klein! Während sich einer der jungen Super-Hunde in der Abenteuerstadt seiner Vergangenheit stellen muss, findet das Team Hilfe bei einer neuen Verbündeten, dem smarten Dackelmädchen Liberty. Gemeinsam - und bestens ausgestattet mit aufregenden neuen Gadgets und einer Megaausrüstung - scheut das PAW-Patrol-Team keine Herausforderung, um die Bürger der Abenteuerstadt zu retten!    

Presse:
- ""Knuffiger Animationsspaß"" (TV Spielfilm)"||||||||||||||||||||||Non-Organic||||"{'medium': 'DVD', 'Untertitel': 'Deutsch,Englisch,Italienisch,Spanisch', 'manufacturer': 'Paramount Pictures (Universal Pictures)', 'Bildformat': '16:9', 'Zusatzinfos / Bonusmaterial beim Film dabei': 'Ein ganz tolles Team;\nACN: Adventure City News Bericht mit Marty Schmierfink;\n""Paw Patrol - Der Kinofilm"" - Video mit Songtext (nur auf Englisch);\nWendecover;', 'Inhalt': '1 Stk.', 'Laufzeit in min (gesamt)': '82', 'Produktionsjahr': '2021', 'Produktionsland': 'USA', 'Regisseur': 'Callan Brunker', 'Schauspieler': 'Lea van Acken', 'Special Edition': 'Nein', 'Tonformat-Sprache': 'Spanisch,Italienisch,Englisch,Deutsch', 'packaging_type': 'Softbox', 'Hauptgenre': 'Animationsfilm|Kinder'}"||||||||||||||5.0|1|2772064_1.png|https://static.mueller.de/videojakob_5053083238742_pv_619613/pdzoom/paw-patrol-der-kinofilm.webp|2772064_2.png|https://static.mueller.de/pdzoom/videojakob_5053083238742_pr_619613-back.webp|2772064_3.png|https://static.mueller.de/videojakob_5053083238742_pd_66752141/pdzoom/paw-patrol-der-kinofilm.webp|2772064_4.png|https://static.mueller.de/videojakob_5053083238742_pd_66752376/pdzoom/paw-patrol-der-kinofilm.webp|2772064_5.png|https://static.mueller.de/videojakob_5053083238742_pd_66752626/pdzoom/paw-patrol-der-kinofilm.webp|2772064_6.png|https://static.mueller.de/videojakob_5053083238742_pd_66752860/pdzoom/paw-patrol-der-kinofilm.webp||||||||||||Paramount Pictures (Universal Pictures)||||||||||1 Stk.|||True||2772064P|||||||||5
2890761|mueller||||||||2024-10-28|Märklin 47460 H0 Containertragwagen-Set Bauart Sgns|MÄRKLIN||1|Stk.|Home|Spielwaren|Modellbau & Modelleisenbahn|Modelleisenbahn|Wagen|Güter- & Funktionswagen|Märklin 47460 H0 Containertragwagen-Set Bauart Sgns|159,00 €|159,00 €||||||||||||||EUR|Home> Spielwaren> Modellbau & Modelleisenbahn> Modelleisenbahn> Wagen> Güter- & Funktionswagen> Märklin 47460 H0 Containertragwagen-Set Bauart Sgns|https://www.mueller.at/p/maerklin-47460-h0-containertragwagen-set-bauart-sgns-IPN2890761/|1 Stk.|"Vorbild: Zwei vierachsige Containertragwagen Bauart Sgns 19 der AAE, vermietet an Cemat S.p.A. Beladen mit einem 40 ft Lloyd Triestino Container und zwei 20 ft Italia Containern. Betriebszustand um 2015.
Modell: Drehgestelle Typ Y 25 . Vorbildgerecht durchbrochener Tragwagenboden aus Metall mit markanten fischbauchartigen Außenlangträgern. Beladen mit einem 40 ft Lloyd Triestino Container und zwei 20 ft Italia Containern. Wagen mit verschiedenen Betriebsnummern und jeweils einzeln verpackt. Zusätzliche Umverpackung.
Gesamtlänge über Puffer ca. 46 cm.
Gleichstromradsatz E700580.
Spur / Bauart	H0 / 1:87
Epoche	VI"||||||||15 Jahre||||||||||||||Non-Organic||||"{'target_group': 'Jugendliche|Erwachsene', 'Artikelnummer des Herstellers': '47460', 'Altersempfehlung ab': '15 Jahre', 'Inhalt': '1 Stk.', 'Produkttyp': 'Güterwagen'}"||||||||||||||0|0|2890761_1.png|https://static.mueller.de/pdzoom/4001883474601_2.webp|2890761_2.png|https://static.mueller.de/pdzoom/4001883474601.webp||||||||||||||||||||47460||||||||||1 Stk.|||False||2890761P|||||||||1
2997512|mueller||||||||2024-10-28|nip® Kinderteller Eat Green 2er Pack|NIP||2|Stk.|Home|Drogerie|Kind & Mama|Ausstattung & Zubehör|Essen & Trinken|nip® Kinderteller Eat Green 2er Pack||7,25 €|7,25 €|7,25 €|6,00 €||||17%|Sie sparen 17%||||30,00 € / 10 Stk.|||EUR|Home> Drogerie> Kind & Mama> Ausstattung & Zubehör> Essen & Trinken> nip® Kinderteller Eat Green 2er Pack|https://www.mueller.at/p/nip-kinderteller-eat-green-2er-pack-IPN2997510/|2 Stk.|"Der Eat Green Teller von nip® besteht aus über bio-basiertem Kunststoff mit >90% nachwachsenden Rohstoffen (Kohlenhydrate & Pflanzenöle (kein Palmöl))*. Die Green Verpackung ist nachhaltig und unbedenklich für die Umwelt, das Papier besteht aus über 90% recyceltem Karton. Das 2er Teller Set von Eat Green ist besonders leicht und einfach zu halten. Der Kinderteller ist für Babys ab 4 Monaten geeignet und daher ideal für die ersten eigenen Essversuche. Die flache Form ermöglicht ein einfaches und leichtes Halten. Das kindliche Design in zarten Farben ist besonders beliebt und liegt aktuell im Trend. Außerdem kommt keinerlei Melamin zum Einsatz. Somit kann bedenkenlos in der Spülmaschine gereinigt oder für die Erwärmung in der Mikrowelle verwendet werden. Die Teller sind bruchsicher und können unsanfte Landungen leicht verkraften. Besonders praktisch: Wie auch die Eat Green Becher und Schalen, sind die Teller ineinander stapelbar und somit besonders schnell und einfach verräumt. Qualität ""Made in Germany“.

Teller aus Kunststoff mit > 90% nachwachsenden Rohstoffen
Bio-basierte Kohlenhydrate (u.a. Zucker, Stärke oder Zellulose) sowie Pflanzenöle (kein Palmöl)*
Verpackung aus > 90% recyceltem Papier
Flache Form ist leicht und einfach zu halten
Bruchsicheres Material
Für Spülmaschine und Mikrowelle geeignet
Stapelbare Tellerform mit abgerundeten Kanten
Kindliches Design in zarten Farben
Ab 4 Monaten geeignet
Garantiert OHNE Melamin

*Biobasierter Kohlenstoffanteil nach ASTM D6866"||||||||4 Monate||||||||||||||Non-Organic||||"{'Geeignet für': 'Mikrowellen|Spuelmaschinen', 'target_group': 'Baby & Kleinkind', 'manufacturer': 'Nürnberg Gummi Babyartikel GmbH & Co. KG', 'Herstelleradresse': 'Breitenloher Weg 6, DE- 91166 Georgensgmünd', 'Kontaktmöglichkeit': 'info@nip-babyartikel.de', 'Altersempfehlung ab': '4 Monate', 'Materialdetails': 'Kunststoff', 'Material': 'Kunststoff', 'Farbe': 'rot', 'product_property': 'stapelbar', 'Inhalt': '2 Stk.'}"||||||rot||Kunststoff||||||0|0|2997512_1.png|https://static.mueller.de/pdzoom/4000821419599.webp|2997512_2.png|https://static.mueller.de/pdzoom/4000821419599_1.webp||||||||||||||||||||Nürnberg Gummi Babyartikel GmbH & Co. KG||||||||||2 Stk.|||True||2997512P|||||"Mikrowellen|Spuelmaschinen"||||10
2640298|mueller||||||||2024-10-28|herlitz my.pen Kugelschreiber-Gelschreiber schwarz/weiss|HERLITZ||1|Stk.|Home|Schreibwaren|Schreibgeräte|Kugelschreiber|herlitz my.pen Kugelschreiber-Gelschreiber  schwarz/weiss|||4,29 €|4,29 €||||||||||||||EUR|Home> Schreibwaren> Schreibgeräte> Kugelschreiber> herlitz my.pen Kugelschreiber-Gelschreiber  schwarz/weiss|https://www.mueller.at/p/herlitz-my-pen-kugelschreiber-gelschreiber-schwarz-weiss-2640298/|1 Stk.|Kugelschreiber mit Kunststoff-Schaft mit ergonomischer Gummigriffzone. Formschöner Metallclip. Besonders weiche und langlebige Mine in Schreibfarbe blau.||||||||||||||||||||||Non-Organic||||{'Inhalt': '1 Stk.', 'Produkttyp': 'Kugelschreiber'}||||||||||||||0|0|2640298_1.png|https://static.mueller.de/6796290152-PV-0/pdzoom/herlitz-my-pen-kugelschreiber-gelschreiber-schwarz-weiss.webp||||||||||||||||||||||||||||||||1 Stk.|||True||2640298P|||||||||10
2772058|mueller||||||||2024-10-28|Ostwind - Der große Orkan|||1|Stk.|Home|Multi-Media|Filme & TV|Familienfilme|Ostwind - Der große Orkan|||9,99 €|9,99 €||||||||||||||EUR|Home> Multi-Media> Filme & TV> Familienfilme> Ostwind - Der große Orkan|https://www.mueller.at/p/ostwind-der-grosse-orkan-2772058/|1 Stk.|"Das große Finale der Ostwind-Reihe! Ein heftiger Sommersturm treibt eine reisende Pferde-Zirkus-Show nach Kaltenbach. Ari, die sich mittlerweile gut auf dem Gestüt eingelebt hat, wird von der faszinierenden Welt des Kunstreitens magisch angezogen und will mit dem Zirkusjungen Carlo und Ostwinds Hilfe einem alten Showpferd helfen. Doch als der fanatische Zirkusdirektor Yiri ihren waghalsigen Plan enttarnt, gerät Ostwind in Gefahr. Im letzten Moment kehrt Mika aus Kanada zurück, denn nur mit vereinten Kräften kann es Mika und Ari gelingen, ihren geliebten Ostwind zu retten …

In ""Ostwind - Der große Orkan"" übernimmt Bestseller-Autorin Lea Schmidbauer neben dem Drehbuch zusätzlich die Regie. Auch diesmal ist der populäre Cast um Luna Paiano, Hanna Binke, Amber Bongard, Marvin Linke, Tilo Prückner und Cornelia Froboess vor der Kamera zu sehen.Neu dabei sind u.a. Gedeon Burkhard als Zirkusdirektor Yiri (""Inglourious Basterds""), Matteo Miska (""Die Saat"") als Zirkusjunge und Nils Brunkhorst (""Tatort"") als dessen Vater."|||||||||||||||Europa, Vorderasien, Afrika, Australien|||||||Non-Organic||||"{'medium': 'Blu-ray Disc', 'Untertitel': 'Englisch', 'manufacturer': 'Constantin Film (Universal)', 'Bildformat': 'HD|Widescreen', 'Zusatzinfos / Bonusmaterial beim Film dabei': 'Zwei Takte Halbe Mühle;\nOstwinds Doppelgänger;\nDurch Dick und Dünn;\nDas ""Ostwind""-Universum;\nWendecover;', 'Inhalt': '1 Stk.', 'Hörfilmfassung': 'Deutsch', 'Laufzeit in min (gesamt)': '102', 'Produktionsjahr': '2020', 'Produktionsland': 'Deutschland', 'Regionalcode': 'Europa, Vorderasien, Afrika, Australien', 'Regisseur': 'Lea Schmidbauer', 'Schauspieler': 'Luna Paiano,Hanna Binke,Amber Bongard,Marvin Linke,Gedeon Burkhard,Tilo Prückner,Cornelia Froboess,Jule Ronstedt', 'Special Edition': 'Nein', 'Tonformat-Sprache': 'Deutsch,Deutsch', 'packaging_type': 'Softbox', 'Hauptgenre': 'Unterhaltung|Kinder|Deutscher Film|Tierfilm (Spielfilm)'}"||||||||||||||0|0|2772058_1.png|https://static.mueller.de/videojakob_4011976347286_pv_618154/pdzoom/ostwind-der-grosse-orkan.webp|2772058_2.png|https://static.mueller.de/pdzoom/videojakob_4011976347286_pr_618154-back.webp|2772058_3.png|https://static.mueller.de/videojakob_4011976347286_pd_66602668/pdzoom/ostwind-der-grosse-orkan.webp|2772058_4.png|https://static.mueller.de/videojakob_4011976347286_pd_66603117/pdzoom/ostwind-der-grosse-orkan.webp|2772058_5.png|https://static.mueller.de/videojakob_4011976347286_pd_66603753/pdzoom/ostwind-der-grosse-orkan.webp|2772058_6.png|https://static.mueller.de/videojakob_4011976347286_pd_66604417/pdzoom/ostwind-der-grosse-orkan.webp||||||||||||Constantin Film (Universal)||||||||||1 Stk.|||True||2772058P|||||||||5
706520|mueller||||||||2024-10-28|OMEGA Kassaein-/-ausgang 926 OK A6 quer 1x100 Blatt SD|OMEGA||1|Stk.|Home|Schreibwaren|Büro|Bürobedarf|Sonstiges|OMEGA Kassaein-/-ausgang 926 OK A6 quer 1x100 Blatt SD||13,49 €|13,49 €||||||||||||||EUR|Home> Schreibwaren> Büro> Bürobedarf> Sonstiges> OMEGA Kassaein-/-ausgang 926 OK A6 quer 1x100 Blatt SD|https://www.mueller.at/p/omega-kassaein-ausgang-926-ok-a6-quer-1x100-blatt-sd-706520/|1 Stk.|Kassaein und -ausgangsbuch im Format DIN A6 quer mit 100 Blatt, selbstdurchschreibend, inklusive integrierter Schreibunterlage. Aktuell und rechtssicher, mit allen erforderlichen Angaben. Alle Blätter mit Ablagelochung und Qualitätsperforation für ein schnelles und sauberes Heraustrennen. Eine Sicherheitsbindung mit Leinenfälzl macht das Formularbuch besonders stabil und haltbar. CO2 neutral produziert und mit Austria Qualitätsgütesiegel ausgezeichnet.||||||||||||||||||||||Non-Organic||||{'Inhalt': '1 Stk.', 'Produkttyp': 'Sonstiges'}||||||||||||||0|0|706520_1.png|https://static.mueller.de/6666630736-PV-0/pdzoom/omega-kassaein-ausgang-926-ok-a6-quer-1x100-blatt-sd.webp|706520_2.png|https://static.mueller.de/6666630736-PB-1/pdzoom/omega-kassaein-ausgang-926-ok-a6-quer-1x100-blatt-sd.webp|706520_3.png|https://static.mueller.de/6666630736-PB-2/pdzoom/omega-kassaein-ausgang-926-ok-a6-quer-1x100-blatt-sd.webp|706520_4.png|https://static.mueller.de/6666630736-PB-3/pdzoom/omega-kassaein-ausgang-926-ok-a6-quer-1x100-blatt-sd.webp|706520_5.png|https://static.mueller.de/6666630736-PB-4/pdzoom/omega-kassaein-ausgang-926-ok-a6-quer-1x100-blatt-sd.webp||||||||||||||||||||||||1 Stk.|||True||706520P|||||||||10
