{"breadcrumb": "Főoldal/Kutya/Eledelek/Jutalomfalatok&rágcsák/8in1 Delight Denta kutya rágócsont L 1db", "product_name": "8in1 Delight Denta kutya rágócsont L 1db8in1 Delight Denta kutya rágócsont L 1db", "brand": "8in1DelightsFelnőttszárnyasfogápolás", "regular_price": "2499", "selling_price": "", "price_per_unit": "1 DB=2499 Ft", "product_url": "https://webshop.fressnapf.hu/termekek/8in1-delight-denta-kutya-ragocsont-l-1db/", "product_description": "Tisztító ásványi anyagok hozzáadásával készült Segít eltávolítani a lepedéket és gátolja a fogkőképződést Frissebb leheletet biztosít Alacsony zsírtartalom Fehérjében gazdag Nem tartalmaz ízfokozót vagy színezéket Csirkemell töltelék Hosszan tartó rágási élmény! A rágócsont a tartós rágási élmény és a fogápolás ideális kombinációját kínálja a nagy méterű kutyáknak! A finom csirkemellet kemény marhabőrbe csomagolják, továbbá lepedékeltávolító formulát és fogtisztító ásványi anyagokat adnak hozzá. Ez az ízletes rágófalat segít csökkenteni a lepedék mennyiségét és gátolja a fogkőképződést a rágás természetes koptató hatása révén, továbbá frissebb leheletet is biztosít. Ez a termék természetes rágási élményt nyújt ízfokozók vagy színezékek nélkül. Tökéletes kombinációját kínálja a rágási élménynek és a jutalomfalatoknak, nyugodtan adható az étkezések között, és ideális unaloműző is egyben. A rágócsont boldog elfoglaltságot biztosít kutyája számára, intenzív rágási élményt nyújt, és az utolsó harapásig ápolja a fogakat. Összetétel: marhabőr (70%), csirkemell (25%), rizs, glicerin, tápióka-keményítő, szorbit, nátrium-klorid, petrezselyemmag-olaj (0.1%), nátrium-hexametafoszfát (0.01%). Analitikai alkotóelemek: fehérje: 78%, zsírtartalom: 2.5%, nyersrost: 1%, nyershamu: 2.7%. Tovább olvasok"}
{"breadcrumb": "Főoldal/Kutya/Eledelek/Jutalomfalatok&rágcsák/8in1 Delight Denta kutya rágócsont M 1db", "product_name": "8in1 Delight Denta kutya rágócsont M 1db8in1 Delight Denta kutya rágócsont M 1db", "brand": "8in1DelightsFelnőttvegyesfogápolás", "regular_price": "1999", "selling_price": "", "price_per_unit": "1 DB=1999 Ft", "product_url": "https://webshop.fressnapf.hu/termekek/8in1-delight-denta-kutya-ragocsont-m-1db/", "product_description": "A 8in1 Dental Bone  rágócsont a hosszan tartó rágási élmény és a fogápolás ideális kombinációját kínálja kisméretű kutyáknak! A finom csirkemellet kemény marhabőrbe göngyöljük, továbbá lepedékeltávolító formulát és fogtisztító ásványi anyagokat adunk hozzá. Ez az ízletes rágófalat segít csökkenteni a lepedék mennyiségét és gátolja a fogkőképződést a rágás természetes súroló hatása révén, továbbá frissebb leheletet is biztosít. Ez a termék természetes rágási élményt nyújt ízfokozók vagy színezékek nélkül. Tökéletes kombinációját kínálja a rágási élménynek és a jutalomfalatoknak, nyugodtan adható étkezések között, és ideális unaloműző is egyben. A 8in1 Dental Bone rágócsont boldog elfoglaltságot biztosít kutyája számára, intenzív rágási élményt nyújt, és az utolsó harapásig ápolja a fogakat. Összetétel: marhabőr (70%), csirkemell (25%), rizs, glicerin, tápióka-keményítő, szorbit, nátrium-klorid, petrezselyemmag-olaj (0.1%), nátrium-hexametafoszfát (0.01%). Analitikai alkotóelemek: fehérje: 78%, zsírtartalom: 2.5%, nyersrost: 1%, nyershamu: 2.7%. Tovább olvasok"}
{"breadcrumb": "Főoldal/Kutya/Eledelek/Jutalomfalatok&rágcsák/8in1 Delight Denta kutya rágócsont S 1db", "product_name": "8in1 Delight Denta kutya rágócsont S 1db8in1 Delight Denta kutya rágócsont S 1db", "brand": "8in1DelightsFelnőttvegyesfogápolás", "regular_price": "1499", "selling_price": "", "price_per_unit": "1 DB=1499 Ft", "product_url": "https://webshop.fressnapf.hu/termekek/8in1-delight-denta-kutya-ragocsont-s-1db/", "product_description": "A 8in1 Dental Bone  rágócsont a hosszan tartó rágási élmény és a fogápolás ideális kombinációját kínálja kisméretű kutyáknak! A finom csirkemellet kemény marhabőrbe göngyöljük, továbbá lepedékeltávolító formulát és fogtisztító ásványi anyagokat adunk hozzá. Ez az ízletes rágófalat segít csökkenteni a lepedék mennyiségét és gátolja a fogkőképződést a rágás természetes súroló hatása révén, továbbá frissebb leheletet is biztosít. Ez a termék természetes rágási élményt nyújt ízfokozók vagy színezékek nélkül. Tökéletes kombinációját kínálja a rágási élménynek és a jutalomfalatoknak, nyugodtan adható étkezések között, és ideális unaloműző is egyben. A 8in1 Dental Bone rágócsont boldog elfoglaltságot biztosít kutyája számára, intenzív rágási élményt nyújt, és az utolsó harapásig ápolja a fogakat. Összetétel: marhabőr (70%), csirkemell (25%), rizs, glicerin, tápióka-keményítő, szorbit, nátrium-klorid, petrezselyemmag-olaj (0.1%), nátrium-hexametafoszfát (0.01%). Analitikai alkotóelemek: fehérje: 78%, zsírtartalom: 2.5%, nyersrost: 1%, nyershamu: 2.7%. Tovább olvasok"}
{"breadcrumb": "Főoldal/Kutya/Eledelek/Jutalomfalatok&rágcsák/8in1 Delight Denta kutya rágórúd csirke 10db", "product_name": "8in1 Delight Denta kutya rágórúd csirke 10db8in1 Delight Denta kutya rágórúd csirke 10db", "brand": "8in1DelightsFelnőttvegyesfogápolás", "regular_price": "2199", "selling_price": "", "price_per_unit": "1 DB=220 Ft", "product_url": "https://webshop.fressnapf.hu/termekek/8in1-delight-denta-kutya-ragorud-csirke-10db/", "product_description": "A 8in1 Dental csavart rágórudak a hosszan tartó rágási élmény és a fogápolás ideális kombinációját kínálják! A finom csirkemellet kemény marhabőrbe göngyöljük, továbbá lepedékeltávolító formulát és fogtisztító ásványi anyagokat adunk hozzá. Ezek az ízletes rágófalatok segítenek csökkenteni a lepedék mennyiségét és gátolják a fogkőképződést a rágás természetes súroló hatása révén, továbbá frissebb leheletet is biztosítanak. Ezek a termékek természetes rágási élményt nyújtanak ízfokozók vagy színezékek nélkül. Tökéletes kombinációját kínálják a rágási élménynek és a jutalomfalatoknak, nyugodtan adhatók az étkezések között, és ideális unaloműzők is egyben. A 8in1 Dental Sticks termékek boldog elfoglaltságot biztosítanak kutyája számára, intenzív rágási élményt nyújtanak, és az utolsó harapásig ápolják a fogakat. Összetétel: marhabőr (68%), csirkemell (24%), tápióka-keményítő, frukto-oligoszacharidok, glicerin, nátrium-klorid, petrezselyemmag-olaj (0.1%), nátrium-hexametafoszfát (0.01%). Analitikai alkotóelemek: fehérje: 84%, zsírtartalom: 0.8%, nyersrost: 1%, nyershamu: 2.3%. Tovább olvasok"}
{"breadcrumb": "Főoldal/Kutya/Eledelek/Jutalomfalatok&rágcsák/8in1 Delights Denta kutya rágócsont XS 7db", "product_name": "8in1 Delights Denta kutya rágócsont XS 7db8in1 Delights Denta kutya rágócsont XS 7db", "brand": "8in1Felnőttszárnyasfogápolásfogápolás&gabonamenteskistestű 10kg-igDelights", "regular_price": "2499", "selling_price": "", "price_per_unit": "1 db=357 Ft", "product_url": "https://webshop.fressnapf.hu/termekek/8in1-delights-denta-kutya-ragocsont-xs-7db/", "product_description": "Préselt (marha)nyersbőr falatka melynek valódi csirkehús van a közepén. Ápolja a fogakat. Ajánlott felnőtt kistestű kutyák (1-12kg) részére. -Nagyszerű fogtisztító hatás speciális ásványianyagokkal, a frissebb leheletért. -Csökkenti a fogkövet, és megakadályozza a lepedék képződést. -Mindössze 2% zsírtartalom. Összetétel: hús és állati eredetű származékok: (csirkehús: 9%), ásványi anyagok. Analitikai összetevők: nyersfehérje 82,0%, nyersolajok és -zsírok 2%, nyersrost 1,0%, nyershamu 2,0%, nedvesség tartalom 14,0% Adalékanyagok: Tartósítószerek Tovább olvasok"}
{"breadcrumb": "Főoldal/Kutya/Eledelek/Jutalomfalatok&rágcsák/8in1 Delights kutya csavart rágórúd marha 10db", "product_name": "8in1 Delights kutya csavart rágórúd marha 10db8in1 Delights kutya csavart rágórúd marha 10db", "brand": "8in1Felnőttmarha&borjúrágócsontok&rágórudakkistestű 10kg-igDelights", "regular_price": "2199", "selling_price": "", "price_per_unit": "1 db=220 Ft", "product_url": "https://webshop.fressnapf.hu/termekek/8in1-delights-kutya-csavart-ragorud-marha-10db/", "product_description": "Csavart rágórúd ízletes marhahússal. Ajánlott felnőtt kistestű kutyák (1-12kg) -Nagyszerű rágási élmény, hatékony védelem a kutya fogai számára. -Kielégíti a kutyák természetes rágóösztönét. -Csökkenti a fogkövet, és megakadályozza a lepedék lerakódását. -Prebiotikum tartalma segíti az emésztést. -Speciális alakja miatt kisebb termetű kutyáknak is adható, mert könnyebben szétrágható. -Optimális fogápolást biztosít kisebb fajtáknak, mint pl. csivava, havannai pincsi, máltai terrier, mini uszkár, yorkshire terrier, stb. – Mindössze 3,5% zsírtartalom. – Nem tartalmaz mesterséges színezéket vagy aromát. GMO mentes. Összetétel: nyersbőr, marhahús: 9%, rizs keményítő, frukto-oligoszacharid, só. Analitikai összetevők: nyersfehérje 80,0%, nyersolajok és -zsírok 3,5%, nyersrost 1,0%, nyershamu 3,0%, nedvesség tartalom 10,0% Tovább olvasok"}
{"breadcrumb": "Főoldal/Kutya/Eledelek/Jutalomfalatok&rágcsák/8in1 Delights kutya rágócsont marha L 1db", "product_name": "8in1 Delights kutya rágócsont marha L 1db8in1 Delights kutya rágócsont marha L 1db", "brand": "8in1Felnőttmarha&borjúrágócsontok&rágórudaknagytestű 26kg-tólDelights", "regular_price": "2699", "selling_price": "", "price_per_unit": "1 db=2699 Ft", "product_url": "https://webshop.fressnapf.hu/termekek/8in1-delights-beef-kutya-ragocsont-l-1db/", "product_description": "Nagyméretű préselt (marha)nyersbőr rágócsont melynek valódi marhahús van a közepén. Ajánlott felnőtt nagytestű kutyák (20+kg) részére. -Ápolja a fogakat. -Ízletes marhahús kemény, prémium minőségű nyersbőrbe hajtogatva. -A rágócsont és a jutalomfalat egyedülálló kombinációja. -Csökkenti a fogkövet, és megakadályozza a lepedék lerakódását. -Mindössze 3,5% zsírtartalom. -Nem tartalmaz hozzáadott cukrot, ízfokozót, mesterséges tartósítószereket. GMO mentes. Összetétel: hús és állati eredetű származékok: (marhahús: 10%), ásványi anyagok. Analitikai összetevők: nyersfehérje 82,0%, nyersolajok és -zsírok 3,5%, nyersrost 1,0%, nyershamu 2,0%, nedvesség tartalom 14,0% Tovább olvasok"}
{"breadcrumb": "Főoldal/Kutya/Eledelek/Jutalomfalatok&rágcsák/8in1 Delights kutya rágócsont marha XS 7db", "product_name": "8in1 Delights kutya rágócsont marha XS 7db8in1 Delights kutya rágócsont marha XS 7db", "brand": "8in1Felnőttmarha&borjúrágócsontok&rágórudakkistestű 10kg-igDelights", "regular_price": "2599", "selling_price": "", "price_per_unit": "1 db=371 Ft", "product_url": "https://webshop.fressnapf.hu/termekek/8in1-delights-beef-kutya-ragocsont-xs-7db/", "product_description": "Préselt (marha)nyersbőr rágócsont melynek valódi marhahús van a közepén. Ajánlott felnőtt kistestű kutyák (1-12kg) részére. -Ápolja a fogakat. -Ízletes marhahús kemény, prémium minőségű nyersbőrbe hajtogatva. -A rágócsont és a jutalomfalat egyedülálló kombinációja. -Csökkenti a fogkövet, és megakadályozza a lepedék lerakódását. -Mindössze 3,5% zsírtartalom. -Nem tartalmaz hozzáadott cukrot, ízfokozót, mesterséges tartósítószereket. GMO mentes. Összetétel: hús és állati eredetű származékok (marhahús: 10%), ásványi anyagok Analitikai összetevők: nyersfehérje 82,0%, nyersolajok és -zsírok 3,5%, nyersrost 1,0%, nyershamu 2,0%, nedvesség tartalom 14,0% Tovább olvasok"}
{"breadcrumb": "Főoldal/Kutya/Eledelek/Jutalomfalatok&rágcsák/8in1 Delights Spirals kutya jutalomfalat marha 6db", "product_name": "8in1 Delights Spirals kutya jutalomfalat marha 6db8in1 Delights Spirals kutya jutalomfalat marha 6db", "brand": "8in1DelightsFelnőttmarha&borjúgluténmentes", "regular_price": "2999", "selling_price": "", "price_per_unit": "1 db=500 Ft", "product_url": "https://webshop.fressnapf.hu/termekek/8in1-delights-spirals-kutya-jutalomfalat-marha-6db/", "product_description": "8in1 Delights Beef Spirals ízletes nyersbőrből és finom marhahúsból készül. Spirál formájában hosszan tartó rágási élményt biztosítanak minden méretű kutyának. És ez még nem minden: a spirálok nemcsak lefoglalják kutyáját, hanem a fogápolást is elősegítik. A rágás során fellépő természetes kopás eltávolítja a fogkövet a kutya fogairól. Az alacsony zsírtartalmú kemencében sült rágófalattal kényeztetheti kutyáját, amely magas fehérjetartalmú, mesterséges színezékektől és ízfokozóktól mentes. Cukor-, GMO- és gluténmentesek is. Összetétel: marhabőr (35%), marhahús (23%), glicerin, rizs, szárított borsófehérje, kukorica-keményítő, marhamáj (7.5%), nátrium-klorid, fokhagyma Analitikai alkotóelemek: fehérje 58%, zsírtartalom 2.1%, nyersrost 0.6%, nyershamu 2.7%, nedvességtartalom 18%. Tovább olvasok"}
{"breadcrumb": "Főoldal/Kutya/Eledelek/Jutalomfalatok&rágcsák/8in1 Flavours Crunchy Rolls kutya jutalomfalat 85g", "product_name": "8in1 Flavours Crunchy Rolls kutya jutalomfalat 85g8in1 Flavours Crunchy Rolls kutya jutalomfalat 85g", "brand": "8in10g – 100gFelnőttvegyesropogós falatokgabonamentesFlavours", "regular_price": "1899", "selling_price": "", "price_per_unit": "1 kg=22341 Ft", "product_url": "https://webshop.fressnapf.hu/termekek/8in1-flavours-crunchy-rolls-kutya-jutalomfalat-85g/", "product_description": "Jutalomfalat csirkemellel, kacsamellel vagy ízletes marhahússal Egyedi kombináció: kívül puha, belül ropogós Alacsony zsírtartalom Sem gabonát, sem glutén nem tartalmaz Kemencében sült Fehérjében gazdag Nincsenek ízfokozók, GMO-k vagy mesterséges tartósítószerek Csirkemellben, kacsamellben vagy marhahúsban gazdagok. Kutyája imádni fogja ezeket a kiváló jutalomfalatokat, amelyek kívül puhák és porhanyósak, belül pedig elképesztően ropogósak. A különböző állagok és ízek izgalmassá teszik az 8in1 Crunchy Rolls ropogós tekercseket a kutyák számára. A Crunchy Rolls ropogós tekercsek fehérjében gazdagok, zsírból pedig keveset tartalmaznak. Nem tartalmaznak ízfokozókat, GMO-kat, sem mesterséges tartósítószereket, így ideális rágcsálnivalók bármilyen méretű kutya jutalmazásához. Sem gabonát, sem glutén nem tartalmaznak – ráadásul kemencében sültek. Összetétel: Csirke: csirkemell (80%), rizsliszt, glicerin, tápióka keményítő, szorbit, élesztő, nátrium-klorid. Kacsa: kacsamell (79%), rizsliszt, glicerin, tápióka keményítő, szorbit, élesztő, nátrium-klorid. Marhahús: marhahús (71%), rizsliszt, kacsamell (8%), glicerin, tápióka keményítő, szorbit, nátrium-klorid. Analitikai összetevők: fehérje 37%, zsírtartalom 5,2%, nyersrost 1,4%, nyershamu 4%, nedvességtartalom 18,2%. Tovább olvasok"}
{"breadcrumb": "Főoldal/Kutya/Eledelek/Jutalomfalatok&rágcsák/8in1 Flavours Skewer Bites kutya jutalomfalat 100g", "product_name": "8in1 Flavours Skewer Bites kutya jutalomfalat 100g8in1 Flavours Skewer Bites kutya jutalomfalat 100g", "brand": "8in10g – 100gFelnőttszárnyasropogós falatokFlavours", "regular_price": "1899", "selling_price": "", "price_per_unit": "1 kg=18990 Ft", "product_url": "https://webshop.fressnapf.hu/termekek/8in1-flavours-skewer-bites-kutya-jutalomfalat-100g/", "product_description": "Jutalomfalat kacsamellel, csirkemellel vagy csirkemájjal Fehérjében gazdag Alacsony zsírtartalom Nem tartalmaz hozzáadott cukrot Nincsenek ízfokozók, GMO-k vagy mesterséges tartósítószerek Kemencében sült Az 8in1 Flavours Skewer Bites nyárs falatok ízletes jutalomfalatok. Falatok három különböző ízben: csirkemell, kacsamell vagy csirkemáj. Ideálisan használhatók, hogy kutyájának azonnali örömöt nyújtson velük jutalomfalatként. A Skewer Bites nyárs falatok fehérjében gazdagok, zsírból pedig keveset tartalmaznak. Ezek az ízletes rágcsálnivalók nem tartalmaznak ízfokozókat, GMO-kat, sem mesterséges tartósítószereket, és bármilyen méretű kutyának adhatók. Ráadásul kemencében sültek. Összetétel Csirkemell: csirkemell (83%), búzaliszt, glicerin, fokhagyma. Kacsa: kacsamell (68%), csirkemell (17%), búzaliszt, glicerin, fokhagyma. Csirkemáj: csirkemáj (63%), kacsamell (20%), búzaliszt, glicerin, fokhagyma. Analitikai összetevők: fehérje 42%, zsírtartalom 1,5%, nyersrost 0,5%, nyershamu 5%, nedvességtartalom 15,5%. Tovább olvasok"}
{"breadcrumb": "Főoldal/Kutya/Eledelek/Jutalomfalatok&rágcsák/8in1 Triple Flavour kutya csavart rágórudak 70g 10db", "product_name": "8in1 Triple Flavour kutya csavart rágórudak 70g 10db8in1 Triple Flavour kutya csavart rágórudak 70g 10db", "brand": "8in1Felnőttvegyesrágócsontok&rágórudakkistestű 10kg-igTriple flavour", "regular_price": "2199", "selling_price": "", "price_per_unit": "1 db=220 Ft", "product_url": "https://webshop.fressnapf.hu/termekek/8in1-triple-flavour-kutya-csavart-ragorudak-70g-10db/", "product_description": "Kényeztesse legjobb barátját a 8in1 ellenállhatatlan, háromízű csavart rágórúddal. Kutyája egyszerűen imádni fogja ezeket az ízletes háromízű rágórudakat. A 8in1 Twisted Sticks háromízű csavart rágórudak disznó- és marhabőrbe csomagolt ízletes csirkemellf Tovább olvasok"}
{"breadcrumb": "Főoldal/Kutya/Eledelek/Jutalomfalatok&rágcsák/8in1 Triple Flavour kutya jutalomfalat rágócsont M 1db", "product_name": "8in1 Triple Flavour kutya jutalomfalat rágócsont M 1db8in1 Triple Flavour kutya jutalomfalat rágócsont M 1db", "brand": "8in1Kölyökvegyesrágócsontok&rágórudakfogápolásközepes testű 11-25kgTriple flavour", "regular_price": "2099", "selling_price": "", "price_per_unit": "1 db=2099 Ft", "product_url": "https://webshop.fressnapf.hu/termekek/8in1-triple-flavour-kutya-jutalomfalat-ragocsont-m-1db/", "product_description": "Az 8in1 Triple Flavour ízletes rágócsontok sertés- és szarvasmarhabőrből, csirkefilével töltve készülnek, kellemes elfoglaltságot nyújtva kutyájának. Hosszan tartó rágási élményt biztosítanak a lepedék és a fogkő megelőzése érdekében. Legfontosabb előnyök: -Ízletes húsos rágócsontok felnőtt kutyáknak. -A hosszan tartó rágcsálás élvezetes elfoglaltságot biztosít kutyája számára. -A rágócsont elősegíti a lepedék- és fogkőképződés megelőzését. -Fehérjében gazdag -Nem tartalmaz hozzáadott cukrot, ízfokozót, mesterséges tartósítószereket. GMO mentes. Összetétel: Hús és állati eredetű származékok (52% szarvasmarhabőr, 25% sertésbőr, 8% csirkemell), növényi származékok, ásványi anyagok. Tovább olvasok"}
{"breadcrumb": "Főoldal/Kutya/Eledelek/Jutalomfalatok&rágcsák/8in1 Triple Flavour kutya jutalomfalat rágótekercs 3db", "product_name": "8in1 Triple Flavour kutya jutalomfalat rágótekercs 3db8in1 Triple Flavour kutya jutalomfalat rágótekercs 3db", "brand": "8in1Felnőttvegyesrágócsontok&rágórudakfogápolásTriple flavour", "regular_price": "2199", "selling_price": "", "price_per_unit": "1 db=733 Ft", "product_url": "https://webshop.fressnapf.hu/termekek/8in1-triple-flavour-kutya-jutalomfalat-ragotekercs-3db/", "product_description": "Az ízletes rágcsálnivalókat mindenki szereti, ezért egy finom alternatívát alkottunk, amelyet négylábú barátja biztosan élvezni fog! Ízletes, csábító rágcsálnivaló sertés- és marhabőrből, ínycsiklandó csirkehús-filével töltve. 2 – 35 kg közötti testsúlyú kutyáknak ajánlott. Legfontosabb előnyök: -Ízletes rágcsálnivaló tekercsek sertés- és marhabőrből, csirkefilével töltve. -Hosszan tartó rágási élményt biztosítanak a lepedék és a fogkő megelőzése érdekében. -Fehérjében gazdag. -Nem tartalmaz hozzáadott cukrot, ízfokozót, mesterséges tartósítószereket. GMO mentes. Összetevők: Hús és állati származékok (70% marhabőr, 17% sertésbőr, 10% csirkemell), növényi eredetű származékok, ásványi anyagok. Analitikai összetétel: Fehérje 80%, zsírtartalom 5%, nyershamu 3.5%, nyersrost 1%. Tovább olvasok"}
{"breadcrumb": "Főoldal/Kutya/Eledelek/Jutalomfalatok&rágcsák/8in1 Triple Flavour kutya rágócsont L 85g 1db", "product_name": "8in1 Triple Flavour kutya rágócsont L 85g 1db8in1 Triple Flavour kutya rágócsont L 85g 1db", "brand": "8in1Felnőttvegyesrágócsontok&rágórudaknagytestű 26kg-tólTriple flavour", "regular_price": "2699", "selling_price": "", "price_per_unit": "1 db=2699 Ft", "product_url": "https://webshop.fressnapf.hu/termekek/8in1-triple-flavour-kutya-ragocsont-l-85g-1db/", "product_description": "Kényeztesse legjobb barátját a 8in1 Triple Flavour Bones L ellenállhatatlan, háromízű rágócsonttal. Kutyája egyszerűen imádni fogja ezeket az ízletes, ínycsiklandozó rágcsálható csontokat. Gondosan készült, disznóbőr és marhabőr felhasználásával, finom cs Tovább olvasok"}
{"breadcrumb": "Főoldal/Kutya/Eledelek/Jutalomfalatok&rágcsák/8in1 Triple Flavour kutya rágócsont S 35g 1db", "product_name": "8in1 Triple Flavour kutya rágócsont S 35g 1db8in1 Triple Flavour kutya rágócsont S 35g 1db", "brand": "8in1Felnőttvegyesrágócsontok&rágórudakközepes testű 11-25kgTriple flavour", "regular_price": "1599", "selling_price": "", "price_per_unit": "1 db=1599 Ft", "product_url": "https://webshop.fressnapf.hu/termekek/8in1-triple-flavour-kutya-ragocsont-s-35g-1db/", "product_description": "Kényeztesse legjobb barátját a 8in1 Triple Flavour Bones S ellenállhatatlan, háromízű rágócsonttal. Kutyája egyszerűen imádni fogja ezeket az ízletes, ínycsiklandozó rágcsálható csontokat. Gondosan készült, disznóbőr és marhabőr felhasználásával, finom cs Tovább olvasok"}
{"breadcrumb": "Főoldal/Kutya/Eledelek/Nedves eledelek/FitActive kutya konzerv marha&máj&bárány 12x1240g", "product_name": "FitActive kutya konzerv marha&máj&bárány 12x1240gFitActive kutya konzerv marha&máj&bárány 12x1240g", "brand": "FitActive1,1kg – 4kgFelnőttmarha&borjúnagytestű 26kg-tólkonzerv", "regular_price": "8 994", "selling_price": "8 394", "price_per_unit": "1 199 Ft", "product_url": "https://webshop.fressnapf.hu/termekek/fitactive-kutya-konzerv-marhamajbarany-1240g/", "product_description": "Az ízek varázsa kedvenceink örömére. A változatos fehérjeforrás minden szempontból fontos és hasznos kutyáink számára. Ezt a FitActive terméket úgy alakították ki, hogy a könnyen emészthető „testes” húsok ideális kombinációja (MARHA, BÁRÁNY) mellett a kutyák által igen kedvelt könnyen emészthető magas vastartalmú MARHAMÁJ is belekerült. A termék minimum 32%-os hústartalma garantálja kedvence laktató ízletes vacsoráját. A megfelelő vitaminszintekkel ellátott eledel. A kiváló minőségű természetes alapanyagoknak köszönhetően, a termék tartalmaz minden olyan összetevőt, mely kedvenceink egészséges mindennapjaihoz szükségesek. A gyümölcs, mint természetes forrású vitaminforrás igen hasznos kutyáink mindennapi táplálása során. FitActive – BURSTIN’ OUT – Kirobbanó formába hoz! Összetétel: Hús és állati alapanyagok (vegyeshús 20%, marhahús 4%, marhamáj 4 %, bárány 4%), teljes kiőrlésű gabona, alma 4%, ásványi anyagok. Analitikai összetevők: nyersfehérje 7,5 %, nyers olajok és zsírok 4,5 %, nyershamu 2,5 %, nyersrost 0,3% nedvességtartalom 80 %. Vitaminok és nyomelemek: A-vitamin (retinyl-acetát) 1900 NE/kg, D3-vitamin (cholecalciferol) 190 NE/kg, E-vitamin (RRR-alfa-tocopheryl-acetát) 10mg/kg, réz (réz (II) szulfát pentahidrát) 1,4 mg/kg, cink(cinkszulfát monohidrát) 10mg/kg, mangán (mangán(II) oxid) 2 mg/kg. Tovább olvasok"}
{"breadcrumb": "Főoldal/Kutya/Eledelek/Száraz eledelek/Panzi Regular száraz kutyaeledel adult bárány&rizs 10kg", "product_name": "Panzi Regular száraz kutyaeledel adult bárány&rizs 10kgPanzi Regular száraz kutyaeledel adult bárány&rizs 10kg", "brand": "PANZI4,1kg – 10kgjuh&bárány&kecskeFelnőttnagytestű 26kg-tól", "regular_price": "3 499", "selling_price": "2 999", "price_per_unit": "1 kg=530 Ft", "product_url": "https://webshop.fressnapf.hu/termekek/panzi-regular-szaraz-kutyaeledel-adult-baranyrizs-10kg/", "product_description": "A Panzi Dog Adult kutyaeledel az átlagos aktivitású házőrző és hobbikutyák rendszeres táplálására kifejlesztett, extrudált kutyaeledel. Élettanilag optimálisan beállított arányban tartalmazza az összes olyan tápanyagot, ásványi elemet és vitamint, amely a kutyák harmonikus fejlődéséhez szükséges. Ha a Panzi Dog Adult kutyaeledelt választja, biztos lehet abban, hogy kedvence táplálékával mindenhez hozzájut, amire jó kondíciójához, egészsége megőrzéséhez szüksége van. Az eledel magas biológiai értéke miatt könnyen, tökéletesen emészthető. Összetétel: gabonafélék, hús- és állati származékok, olajok és zsírok, ásványi anyagok, tartósítószer és adalékanyagok. Analitikai összetevők: Szárazanyag 90 %, Nyersfehérje 20 %, Nyerszsír 10,8 %, Nyersrost 3%, Nyershamu 7,5 %, A vitamin (E672), 2 736 NE/kg, D3 vitamin (E671)240 NE/kg, E vitamin (alfa-tokoferol, E307) 14 mg/kg Felhasználási javaslat: Minden fajta eledelváltásnál fontos a fokozatos áttérés! A Panzi kutyaeledelt többféle formában is adhatja kutyájának. Szárazon, de vízzel nedvesítve, illetve egyéb táplálékkal kiegészítve (pl.: húslé). Nagyon fontos, hogy kedvence mindig hozzájusson elegendő mennyiségű friss vízhez! Tovább olvasok"}
{"breadcrumb": "Főoldal/Macska/Eledelek/Nedves eledelek/Felix Fantastic Duo macska tasak MP házias válogatás 12x85g", "product_name": "Felix Fantastic Duo macska tasak MP házias válogatás 12x85gFelix Fantastic Duo macska tasak MP házias válogatás 12x85g", "brand": "FelixFantastic DuomultipackFelnőttvegyeszseléstasak", "regular_price": "1 469", "selling_price": "1 175", "price_per_unit": "1 kg=2450 Ft", "product_url": "https://webshop.fressnapf.hu/termekek/felix-fantastic-duo-macska-tasak-mp-hazias-valogatas-12x85g/", "product_description": "Teljes értékű állateledel felnőtt macskák számára. Ivartalanított macskáknak is adható. A Felix® Duo ellenállhatatlan eledelek választékát kínálja olyan étvágygerjesztő látvánnyal, illattal és ízzel, mintha te magad készítetted volna! Minden receptúra minőségi összetevőkkel készül és kétféle, finom ízű, puha falatkákat tartalmaz aszpikban, így cicád egyszerre élvezheti két kedvenc ízét egyetlen ízletes eledelben! A Felix® Duo receptúrák Omega-6 zsírsavak forrásai, és megfelelő arányban tartalmaznak vitaminokat, hogy 100%-osan kielégítsék cicád napi tápanyagszükségletét, amennyiben követed a csomagoláson lévő etetési útmutatót. Ez még nem minden! A Felix® Duo eledelek széles ízválasztékban és zamatos aszpikban kaphatók, hogy kielégítsék cicád változatos igényeit. Összetétel: Marha és szárnyas ízletes keverékével aszpikban: hús és állati származékok* (14%, melyből marha 2% és szárnyas 2%), növényi fehérjekivonatok, hal és halszármazékok, ásványi anyagok, különféle cukrok Csirke és vese ízletes keverékével aszpikban: hús és állati származékok* (14%, melyből csirke 2%, vese 2%), növényi fehérjekivonatok, hal és halszármazékok, ásványi anyagok, különféle cukrok Bárány és borjú ízletes keverékével aszpikban: hús és állati származékok* (14%, melyből bárány 2%, borjú 2%), növényi fehérjekivonatok, hal és halszármazékok, ásványi anyagok, különféle cukrok Pulyka és máj ízletes keverékével aszpikban: hús és állati származékok* (14%, melyből pulyka 2% és máj 2%), növényi fehérjekivonatok, hal és halszármazékok, ásványi anyagok, különféle cukrok *falatok: 44% hús és állati származék Analitikai összetevők: Nedvességtartalom: 82%, Fehérje: 11,5%, Zsírtartalom: 2,5%, Nyershamu: 2,5%, Nyersrost: 0,05%, Omega-6 zsírsavak: 0,4% Adalékanyagok: Tápértékkel rendelkező adalékanyagok: NE/kg: Vit A: 655, Vit D3: 100, Vit E: 15 mg/kg: Vas(II)-szulfát monohidrát (Fe): 7,6, Vízmentes kalcium-jodát (I): 0,19, Réz(II)-szulfát pentahidrát (Cu): 0,66, Mangán-szulfát monohidrát (Mn): 1,5, Cink-szulfát monohidrát (Zn): 13, Taurin: 413, Aromák Tovább olvasok"}
{"breadcrumb": "Főoldal/Macska/Eledelek/Nedves eledelek/Felix Fantastic macska tasak MP házias válogatás aszpik 12x85g", "product_name": "Felix Fantastic macska tasak MP házias válogatás aszpik 12x85gFelix Fantastic macska tasak MP házias válogatás aszpik 12x85g", "brand": "FelixFantasticmultipackFelnőttvegyeszseléstasak", "regular_price": "1 469", "selling_price": "1 175", "price_per_unit": "1 kg=2450 Ft", "product_url": "https://webshop.fressnapf.hu/termekek/felix-fantastic-macska-tasak-mp-hazias-valogatas-aszpik-12x85g/", "product_description": "Teljes értékű állateledel felnőtt macskák számára. A Felix® Fantastic® ellenállhatatlan eledelek választékát kínálja olyan étvágygerjesztő látvánnyal, illattal és ízzel, mintha te magad készítetted volna! Minden receptúra puha falatkákat tartalmaz zamatos aszpikban, melynek cicád nem tud majd ellenállni. Minden Felix® Fantastic® receptúra esszenciális Omega-6 zsírsavak forrása, és megfelelő arányban tartalmaznak vitaminokat, hogy 100%-osan kielégítsék cicád napi tápanyagszükségletét, amennyiben követed a csomagoláson lévő etetési útmutatót. Az ízük valóban olyan ínycsiklandó, mint a látványuk! Felix® – Egyszerűen ellenállhatatlan! Összetétel: Marhával aszpikban: hús és állati származékok* (14%, melyből marha 4%), növényi fehérjekivonatok, hal és halszármazékok, ásványi anyagok, különféle cukrok Nyúllal aszpikban: hús és állati származékok* (14%, melyből nyúl 4%), növényi fehérjekivonatok, hal és halszármazékok, ásványi anyagok, különféle cukrok Báránnyal aszpikban: hús és állati származékok* (14%, melyből bárány 4%), növényi fehérjekivonatok, hal és halszármazékok, ásványi anyagok, különféle cukrok Csirkével aszpikban: hús és állati származékok* (14%, melyből csirke 8%), növényi fehérjekivonatok, hal és halszármazékok, ásványi anyagok, különféle cukrok *falatok: 44% hús és állati származék Analitikai összetevők: Nedvességtartalom: 82%, Fehérje: 11,5%, Zsírtartalom: 2,5%, Nyershamu: 2,5%, Nyersrost: 0,05%, Omega-6 zsírsavak: 0,4% Adalékanyagok: Tápértékkel rendelkező adalékanyagok: NE/kg: Vit A: 655, Vit D3: 100, Vit E: 15 mg/kg: Vas(II)-szulfát monohidrát (Fe): 7,6, Vízmentes kalcium-jodát (I): 0,19, Réz(II)-szulfát pentahidrát (Cu): 0,66, Mangán-szulfát monohidrát (Mn): 1,5, Cink-szulfát monohidrát (Zn): 13, Taurin: 413, Aromák Tovább olvasok"}
{"breadcrumb": "Főoldal/Kisemlős/Alom/fit+fun kisemlős alom forgács 60l", "product_name": "fit+fun kisemlős alom forgács 60lfit+fun kisemlős alom forgács 60l", "brand": "FIT+FUN40,1l – 80l", "regular_price": "2 999", "selling_price": "2 799", "price_per_unit": "1 l=53 Ft", "product_url": "https://webshop.fressnapf.hu/termekek/fitfun-kisemlos-alom-forgacs-60l/", "product_description": "Nedvszívó szalmaalom Természetes puhafa szálakból készült Lóistállók számára is alkalmas Nedvszívó alom minden kisállat otthonába. Ez a nedvszívó alom kezeletlen természetes szálakból készül, és alkalmas a padló lefedéséhez minden rágcsáló és nyúl lakhelyén, valamint lóistállóban. Kérjük, ne használja madarak számára. Felhasználási javaslat: Az állatfajtól függően javasolt alsó alommal és felső alommal kombinálni Az optimális higiénia érdekében rendszeresen – legalább hetente egyszer – teljesen takarítsa ki a kisállatok lakhelyét. Hulladékkezelés: kommunális vagy zöldhulladékkal (figyelembe kell venni a regionális hulladékkezelési előírásokat), komposztálható. Száraz helyen tárolandó. TIPP: A kisemlősök számára optimális élőhely kialakításához javasolt több különböző alomréteget kombinálni az állat fajától függően. Tovább olvasok"}
{"breadcrumb": "Főoldal/Kisemlős/Eledelek/Eleség/Versele-Laga Complete eledel tengerimalacnak 1,75kg", "product_name": "Versele-Laga Complete eledel tengerimalacnak 1,75kgVersele-Laga Complete eledel tengerimalacnak 1,75kg", "brand": "Versele-LagaComplete1,1kg – 4kg", "regular_price": "5899", "selling_price": "", "price_per_unit": "1 kg=3371 Ft", "product_url": "https://webshop.fressnapf.hu/termekek/cavia-complete-eledel-tengerimalacoknak-175-kg/", "product_description": "Rostokban gazdag minden az egyben extrudált táp tengerimalacoknak. A Versele-Laga Complete Cavia problémamentes táplálkozást jelent. A különösen ízletes, minden az egyben pelletek megelőzik a válogatási reflexet. Ily módon tengerimalaca megkap minden létfontosságú tápanyagot és tökéletesen egészséges marad. A hosszú rostokat és stabilizált C vitamint tartalmazó eleség kifejezetten a tengerimalacok táplálkozási igényei szerint készült. A Versele-Laga Cavia Complete-et részletes tudományos ismeretek alapján állatorvosok fejlesztették ki. Minden az egyben pelletek megelőzik a válogatási reflexet. Extra C vitaminnal, hosszú rostokkal, mint például a mezei komócsin széna, az egészséges fogakért. Feketebodzával és gyógynövényekkel dúsított a jobb táplálékfelszívódásért és a jó kondícióért. VITAMIN C PLUS Hozzáadott 1000mg / kg stabilizált C vitaminnal. Létfontosságú a tengerimalacoknak. DENTAL CARE Megfelelően természetes fogkopás. Segíti a fogproblémák megelőzését LONG FIBRES Hosszú rostok a megfelelő emésztésért. Természetes táplálkozás gazdag textúrákkal. ÖSSZETÉTEL növényi eredetű származékok (réti komócsin, füvek és gyógynövények 7%), gyümölcsök (bodza 5%), ásványi anyagok, magvak (lenmag 2%), frukto-oligoszacharidok (0, 3%), körömvirág, jukka ANALITIKAI ALKOTÓELEMEK fehérje 14,0%, zsírtartalom 3,0%, nyersrost 20,0%, nyershamu 8,0%, kalcium 0,8%, foszfor 0,6% ADALÉKANYAGOK/KG TÁPÉRTÉKKEL RENDELKEZŐ ADALÉKANYAGOK A-vitamin 10000 NE, D3-vitamin 1200 NE, E-vitamin 80 mg, C-vitamin 1000 mg, 3b103 (vas) 100 mg, 3b202 (jód) 2 mg, E4 (réz) 10 mg, 3b502 (mangán) 75 mg, 3b603 (cink) 70 mg, E8 (szelén) 0,2 mg TECHNOLÓGIAI ADALÉKANYAGOK antioxidánsok ÉRZÉKSZERVI TULAJDONSÁGOKAT JAVÍTÓ ADALÉKANYAGOK színezékek Etetési javaslat: A tengerimalac méretétől, fajtájától és korától függően az ajánlott átlagos napi adag 35-50g. Tovább olvasok"}
{"breadcrumb": "Főoldal/Madár/Homok/MultiFit madárhomok 25kg", "product_name": "MultiFit madárhomok 25kgMultiFit madárhomok 25kg", "brand": "MultiFit15,1kg felett", "regular_price": "1 199", "selling_price": "999", "price_per_unit": "1 kg=128 Ft", "product_url": "https://webshop.fressnapf.hu/termekek/multifit-madarhomok-25kg/", "product_description": "Ideális alap az egészséges madárélethez. Alkalmas kisebb madaraknak, mint a hullámos papagáj, kanáriknak és egzotikus madaraknak. A multifit madárhomok csillagánizs olaj kellemes illatot biztosít és gátolja a csíraképződést. PH semleges, rendkívül nedvszívó, a homokfürdőben gyengéden ápolja a bőrt és a tollakat. 3-szor mosott kémiai adalékanyagok nélkül, szárítva és átszitálva. A Multifit homok segíti az emésztést és az anyagcserét. A benne lévő nyomelemeknek és ásványi anyagoknak köszönhetően a homokban lévő kagylódara gondoskodik az erős csontok kifejlődéséről és a megfelelő tollképződésről. Ajánlott tisztítás: tisztítsuk meg a kalitkát heti 2-3 alkalommal, és oszlassuk el benne egyenletesen a homokot. Tovább olvasok"}
{"breadcrumb": "Főoldal/Madár/Eledelek/Eleség/Panzi madár eleség Fürtösköles 70g", "product_name": "Panzi madár eleség Fürtösköles 70gPanzi madár eleség Fürtösköles 70g", "brand": "0g – 100gPANZI", "regular_price": "2 999", "selling_price": "2 799", "price_per_unit": "1 kg=11414 Ft", "product_url": "https://webshop.fressnapf.hu/termekek/furtoskoles-70g/", "product_description": "Díszmadár csemege. A fürtös kölest a madár ketrecében fellógatva nem csak kiváló, tápanyagokban gazdag élelemmel jutalmazhatjuk, de remek szórakozást nyújt számára, hogy természetes módon dolgozhat meg a finom falatokért. Remek kiegészítő élelem, remek játék, egészséges és szórakoztató. Tovább olvasok"}
{"breadcrumb": "Főoldal/Halak, Hüllők/Eledelek/Tavi halak/Fit+Fun tavihal eledel pálcikás 20L", "product_name": "Fit+Fun tavihal eledel pálcikás 20LFit+Fun tavihal eledel pálcikás 20L", "brand": "10,1l – 20lFIT+FUN", "regular_price": "3999", "selling_price": "", "price_per_unit": "1 l=200 Ft", "product_url": "https://webshop.fressnapf.hu/termekek/fitfun-palcikas-tavihal-eledel-20l/", "product_description": "Márka: fit+fun Teljes értékű eledel tavihalak számára. A pálcikás tavihal eledel nem tartalmaz színezéket és tartósítószert. Megjegyzés: 9 °C alatti és 25 °C feletti vízhőmérséklet esetén hagyja abba az etetést. Teljes értékű eledel hidegvízi és nagy melegvízi halak számára, bővebb információk a következő címen kérhetők: webshop@fressnapf.hu. Analitikai összetevők 28% fehérje, 3,5% zsírtartalom, 8,5% nyershamu, 3,5% nyersrost Összetétel Gabonafélék, hús és állati eredetű melléktermékek, növényi eredetű melléktermékek, hal és hal eredetű melléktermékek Adalékanyag/kg Táplálkozásfiziológiai adalékanyagok/kg: Vitaminok: 12000 NE A-vitamin, 800 NE D3-vitamin, 75 mg E-vitamin, 25 mg C-vitamin (aszkorbil-monofoszfát, kalcium-nátriumsó); Technológiai adalékanyagok: antioxidánsok. Táplálási javaslat Naponta többször, kis mennyiségben; csak annyit etessünk, amennyit az állat néhány percen belül megeszik. Megjegyzés: 9 °C alatti és 25 °C feletti vízhőmérséklet esetén hagyja abba az etetést Tovább olvasok"}
{"breadcrumb": "Főoldal/Halak, Hüllők/Eledelek/Hüllőknek/Panzi eledel hüllőknek szárított hal 10g", "product_name": "Panzi eledel hüllőknek szárított hal 10gPanzi eledel hüllőknek szárított hal 10g", "brand": "0g – 100gPANZI", "regular_price": "1399", "selling_price": "", "price_per_unit": "1 db=1399 Ft", "product_url": "https://webshop.fressnapf.hu/termekek/szaritott-hal-10g-panzi/", "product_description": "Szárított fehér hal, akváriumi teknősök és macskák kedvelt csemegéje, magas fehérjetartalommal. A Panzi szárított fehér hal a macskák és az akváriumi teknősök kedvelt csemegéje. Magas fehérjetartalma és készítése során elnyert füstölt íze teszi ellenálhatatlanná. Az eleség fagyasztva szárított eljárással készül, melynek során beltartalmi értékei megmaradnak, apró édesvízi halakat egészben tartalmaz. A halak kalcium és foszfor tartalma támogatja az állat csontozatának fejlődését és egészségét. Tovább olvasok"}
{"breadcrumb": "Főoldal/Kutya/Eledelek/Jutalomfalatok&rágcsák/8in1 Triple Flavour kutya rágócsont XS 7db", "product_name": "8in1 Triple Flavour kutya rágócsont XS 7db8in1 Triple Flavour kutya rágócsont XS 7db", "brand": "8in1Felnőttvegyesrágócsontok&rágórudakkistestű 10kg-igTriple flavour", "regular_price": "2599", "selling_price": "", "price_per_unit": "1 db=371 Ft", "product_url": "https://webshop.fressnapf.hu/termekek/8in1-triple-flavour-kutya-ragocsont-xs-98g-7db/", "product_description": "Az 8in1 Triple Flavour ízletes rágócsontok sertés- és szarvasmarhabőrből, csirkefilével töltve készülnek, kellemes elfoglaltságot nyújtva kutyájának. Ajánlott felnőtt kistestű kutyák (1-12kg) részére. -Hosszan tartó rágási élményt biztosítanak a lepedék és a fogkő megelőzése érdekében. -Fehérjében gazdag. -Nem tartalmaz hozzáadott cukrot, ízfokozót, mesterséges tartósítószereket. GMO mentes. Összetétel: hús és állati eredetű származékok (52% szarvasmarhabőr, 25% sertésbőr, 8% csirkemell), növényi származékok, ásványi anyagok. Analitikai összetevők: nyersfehérje 82,0%, nyersolajok és -zsírok 3,5%, nyersrost 1,0%, nyershamu 2,0%, nedvesség tartalom 14,0% Tovább olvasok"}
{"breadcrumb": "Főoldal/Kutya/Eledelek/Jutalomfalatok&rágcsák/8in1 Triple Flavour Skewers kutya rágórúd 113g", "product_name": "8in1 Triple Flavour Skewers kutya rágórúd 113g8in1 Triple Flavour Skewers kutya rágórúd 113g", "brand": "8in1FelnőttvegyesrágócsíkokTriple flavour", "regular_price": "2199", "selling_price": "", "price_per_unit": "1 kg=19460 Ft", "product_url": "https://webshop.fressnapf.hu/termekek/8in1-triple-flavour-skewers-kutya-ragorud-113g/", "product_description": "Kedvenc ízeit most kutyája is kipróbálhatja! 8in1 háromízű nyársak valódi ínycsiklandozó csirkemellel, kacsamellel és csirkemájjal, disznó- és marhabőr egyedülálló párosításának hozzáadásával, hogy kutyájának különleges ízélményben lehessen része. Az extr Tovább olvasok"}
{"breadcrumb": "Főoldal/Kutya/Eledelek/Száraz eledelek/ACANA Classic Red száraz kutyaeledel marha 11,4kg", "product_name": "ACANA Classic Red száraz kutyaeledel marha 11,4kgACANA Classic Red száraz kutyaeledel marha 11,4kg", "brand": "ACANAClassic Red10,1 – 12kgFelnőttmarha&borjúérzékeny emésztésű", "regular_price": "9 999", "selling_price": "8 999", "price_per_unit": "1 kg=3070 Ft", "product_url": "https://webshop.fressnapf.hu/termekek/acana-classic-red-szaraz-kutyaeledel-marha-114kg/", "product_description": "A kutyáknak szükségük van őseik táplálékára a kiváló egészségi állapot fenntartásához. Ezért készül az ACANA Classic Red fűvel táplált bárányból, Angus marhából és Yorkshire sertésből. Nem használnak magas glikémiás gabonákat, ACANA alacsony glikémiás hasított zabot tartalmaz, ezért a vércukorszint stabil marad, csökkentve az elhízás kockázatát. Összetétel: Dehidratált bárányhús (23 %), hasított zab (22 %), friss angus marha (5 %), friss yorkshire sertés (5 %), bárányzsír (5 %), egész vöröslencse, egész zöldborsó, egész zöldlencse, fűvel táplált nyers bárány (4 %), egész zab, friss marhamáj (2 %), dehidratált sertéshús (2 %), heringolaj (2 %), friss sertésmáj (2 %), egész garbanzó bab, egész sárgaborsó, napon szárított lucerna, lencserost, friss marhabendő (1 %), szárított barnamoszat, friss úritök, friss pézsmatök, friss paszternák, friss fodorkel, friss spenót, friss sárgarépa, friss alma (red delicious fajta), friss bartlett körte, fagyasztva szárított marhamáj (0,1 %), friss tőzegáfonya, friss kék áfonya, cikóriagyökér, kurkumagyökér, máriatövis, bojtorjángyökér, levendula, orvosi ziliz gyökér, csipkebogyó. ADALÉKANYAGOK (per kg): Technológiai adalékok: természetes eredetű tokoferolokban gazdag kivonat. Tápanyagadalékok: D3-vitamin: 500 NE, E-vitamin: 100 NE, kolin-klorid: 500 mg, aminosavak cink-kelátjának hidrátja: 100 mg, B5-vitamin: 12,5 mg, taurin: 500 mg. Zootechnikai adalékok: Enterococcus faecium NCIMB10415: 600×10^6 CFU. Analitikai összetevők: Nyersfehérje (min.) 29 %, Nyerszsír (min.) 17 %, Szénhidrát (NFE.) 29,5 %, Nyersrost (max.) 5 %, Nedvesség (max.) 12 %, Nyershamu (max.) 7,5 %, Kalcium (min.) 1,5 %, Foszfor (min.) 1,1 %, Omega 6 (min.) 2,5 %, Linolsav (min.) 2,3 %, Omega 3 (min.) 0,8 %, DHS (dokozahexaénsav) (min.) 0,15%, EPS (eikozapentaénsav) (min.) 0,15 %, Glükózamin (min.) 600 mg/kg, Kondroitin-szulfát (min.) 800 mg/kg Adalékanyagok: Vitaminok: A-vitamin 20 000NE/ kg, D3-vitamin, 1 500 NE /kg, E- vitamin 159 NE /kg, B1-vitamin (tiamin) 3 mg/kg, B2-vitamin (riboflavin) 5,5 mg/kg, B3-vitamin (niacin) 50 mg/kg, B5-vitamin (pantoténsav) 44 mg/kg, B6-vitamin (piridoxin) 89,9 mg/kg, B12-vitamin 0,10 mg/kg, Folsav 1,0 mg/kg, Kolin 2 100 mg/kg. Ásványi anyagok és nyomelemek: Nátrium 0,42 %, Klorid 0,48 %, Kálium 0,65 %, Magnézium 0,12 %, Vas 300 mg/kg, Cink 150 mg/kg, Réz 22,0 mg/kg, Mangán 30,0 mg/kg, Jód 2,43 mg/kg, Szelén 0,40 mg/kg. Aminosavak: Arginin 1,67 %, Hisztidin 0,50 %, Izoleucin 0,74 %, Leucin 1,20 %, Lizin 1,16 %, Metionin 0,40 %, Fenil-alanin 1,07 %, Treonin 0,93 %, Triptofán 0,28 %, Valin 1,12 %, Cisztin 0,35 % Tovább olvasok"}
{"breadcrumb": "Főoldal/Kutya/Eledelek/Száraz eledelek/ACANA Regionals Grasslands száraz kutyaeledel bárány 11,4kg", "product_name": "ACANA Regionals Grasslands száraz kutyaeledel bárány 11,4kgACANA Regionals Grasslands száraz kutyaeledel bárány 11,4kg", "brand": "ACANARegionals10,1 – 12kgFelnőttjuh&bárány&kecskeérzékeny emésztésű", "regular_price": "3 799", "selling_price": "3 299", "price_per_unit": "1 kg=3246 Ft", "product_url": "https://webshop.fressnapf.hu/termekek/acana-regionals-grasslands-szaraz-kutyaeledel-barany-114kg/", "product_description": "Kiváló minőségű és kiegyensúlyozott eledel felnőtt kutyák számára. Az ACANA Grasslands rengeteg friss húst biztosít legelőn nevelt bárányból, szabadon tartott kacsákból és pulykákból, friss egész tojást a kanadai Albertában található termelőüzem körüli farmokról. Ezen kívül vadon fogott halat ( friss északi csuka és hering ) Kanada érintetlen tavaiból, valamint gyümölcsöket és zöldségeket adnak hozzá Brit Columbia napfényes Okanagan-völgyéből. Az ACANA kizárólag saját kanadai NorthStar® konyháiban készül, friss, fenntartható módon beszerzett alapanyagokból. Analitikai összetevők: Nyersfehérje (min.) 35 %, nyerszsír (min.) 17 %, nyershamu (max.) 8 %, nyersrost (max.) 6 %, nedvesség (max.) 12 %, kalcium (min.) 1,7 %, foszfor (min.) 1. 2 %, Omega-6 zsírsavak (min.) 2,3 %, Omega-3 zsírsavak (min.) 1 %, DHA (min.) 0,2 %, EPA (min.) 0,2 %, Glükozamin (min.) 600 mg/kg, Kondroitin-szulfát (min.) 800 mg/kg. Összetétel: Nyers bárányhús (8%), friss kacsahús (8%), friss egész tojás (8%), szárított bárányhús (8%), szárított hering (7%), szárított pulykahús (7%), egész zöldborsó, vörös lencse, csicseriborsó, friss északi csuka (4%), nyers báránymáj (4%), friss kacsa belsőségek (máj, szív, vese) (4%), friss pulykahús (4%), bárányzsír (4%), zöld lencse, pettyes bab, egész sárgaborsó, napérlelte lucerna, lazacolaj (2%), lencse rost, szárított bárányporc (1%), nyers bárány bendő (1%), barna hínár, friss sütőtök, friss butternut tök, friss paszternák, friss zöldségkáposzta, friss spenót, friss barna mustár, friss fehérrépa, friss sárgarépa, friss “Red Delicious” alma, friss “Bartlett” körte, fagyasztva szárított máj (csirke és kacsa) (0,1%), friss áfonya, friss áfonya, cikóriagyökér, kurkuma, tejcsípőgyökér, nagy bojtorjángyökér, levendula, valódi mályvacukorgyökér, csipkebogyó. Adalékanyagok kg-onként: E-vitamin 185 NE/kg, cink 190 mg/kg, réz 19 mg/kg Tovább olvasok"}
{"breadcrumb": "Főoldal/Kutya/Eledelek/Száraz eledelek/ACANA Regionals Pacifica száraz kutyaeledel lazac 11,4kg", "product_name": "ACANA Regionals Pacifica száraz kutyaeledel lazac 11,4kgACANA Regionals Pacifica száraz kutyaeledel lazac 11,4kg", "brand": "ACANARegionals10,1 – 12kgFelnőtthal&tenger gyümölcseiérzékeny emésztésű", "regular_price": "3 699", "selling_price": "3 299", "price_per_unit": "1 kg=3509 Ft", "product_url": "https://webshop.fressnapf.hu/termekek/acana-regionals-pacifica-szaraz-kutyaeledel-lazac-114kg/", "product_description": "A halakat vadon és fenntartható módon fogják. Sokféle és nagy mennyiségű halból készül: hering, szardínia, lepényhal, tőkehal és vöröscsíkos sziklahal. A halak egy részét egészben használják fel, ezért a tápanyagok jelentős része természetes forrásból származik. Összetétel: Friss egész csendes-óceáni hering (14 %), friss egész csendes-óceáni szardínia (12 %), friss egész nyílfogú lepényhal (8 %), dehidratált egész hering (8 %), dehidratált csendes-óceáni tőkehal (7 %), dehidratált csendes-óceáni sárga tőkehal (7 %), egész zöldborsó, egész vöröslencse, egész csicseriborsó, egész zöldlencse, sávos tőkehal olaj (6 %), friss egész ezüst tőkehal (4 %), friss egész vöröscsíkos sziklahal (4 %), egész tarkabab, egész sárgaborsó, napon szárított lucerna, hidegen sajtolt napraforgóolaj, lencserost, szárított barnamoszat, friss spárgatök, friss pézsmatök, friss paszternák, friss fodorkel, friss spenót, friss mustárlevél, friss tarlórépalevél, friss sárgarépa, friss alma (red delicious fajta), friss bartlett körte, fagyasztva szárított tőkehalmáj (0,1 %), friss tőzegáfonya, friss kék áfonya, cikóriagyökér, kurkumagyökér, őszbogáncs, bojtorjángyökér, levendula, orvosi ziliz gyökér, csipkebogyó. ADALÉKANYAGOK (per kg): Technológiai adalékok: természetes eredetű tokoferolokban gazdag kivonat. Tápanyagadalékok: E-vitamin: 200 NE, aminosavak cink-kelátjának hidrátja: 100 mg, aminosavak réz-kelátjának hidrátja: 10 mg. Zootechnikai adalékok: Enterococcus faecium NCIMB10415: 600×10^6 CFU. Analitikai összetevők: Nyersfehérje (min.) 35 %, Nyerszsír (min.) 17 %, Szénhidrát (NFE.) 23 %, Nyersrost (max.) 6 %, Nedvesség (max.) 12 %, Nyershamu (max.) 7 %, Kalcium (min.) 1,5 %, Foszfor (min.) 1,1 %, Omega 6 (min.) 2,0 %, Omega 3 (min.) 2,3 %, DHS (dokozahexaénsav) (min.) 0,9 %, EPS (eikozapentaénsav) (min.) 0,7 %, Glükózamin (min.) 700 mg/kg, Kondroitin-szulfát (min.) 900 mg/kg Adalékanyagok: Vitaminok: A-vitamin 64 000 NE/kg, D3-vitamin, 1 260 NE /kg, E- vitamin 213 NE /kg, B1-vitamin (tiamin) 9,86 mg/kg, B2-vitamin (riboflavin) 5,50 mg/kg, B3-vitamin (niacin) 62,3 mg/kg, B5-vitamin (pantoténsav) 12,5 mg/kg, B6-vitamin (piridoxin) 8,30 mg/kg, B12-vitamin 0,06 mg/kg, Folsav 0,30 mg/kg, Kolin 2 170 mg/kg. Ásványi anyagok és nyomelemek: Kálium 0,95 %, Nátrium 0,58 %, Klorid 0,60 %, Vas 141 mg/kg, Réz 18,9 mg/kg, Mangán14,5 mg/kg, Magnézium 0,16 %, Cink 190 mg/kg, Jód 3,00 mg/kg, Szelén 1,00 mg/kg. Aminosavak: Arginin 2,27 %, Hisztidin 0,75 %, Izoleucin 1,45 %, Leucin 2,40 %, Lizin 2,28 %, Metionin 0,35 %, Fenil-alanin 1,52 %, Treonin 1,41 %, Triptofán 0,42 %, Valin 1,70 %, Cisztin 0,78 %. Tovább olvasok"}
{"breadcrumb": "Főoldal/Kutya/Eledelek/Száraz eledelek/ACANA Regionals Pacifica száraz kutyaeledel lazac 2kg", "product_name": "ACANA Regionals Pacifica száraz kutyaeledel lazac 2kgACANA Regionals Pacifica száraz kutyaeledel lazac 2kg", "brand": "ACANARegionals1,1kg – 4kgFelnőtthal&tenger gyümölcseiérzékeny emésztésű", "regular_price": "3 699", "selling_price": "3 299", "price_per_unit": "1 kg=4850 Ft", "product_url": "https://webshop.fressnapf.hu/termekek/acana-regionals-pacifica-szaraz-kutyaeledel-lazac-2kg/", "product_description": "A halakat vadon és fenntartható módon fogják. Sokféle és nagy mennyiségű halból készül: hering, szardínia, lepényhal, tőkehal és vöröscsíkos sziklahal. A halak egy részét egészben használják fel, ezért a tápanyagok jelentős része természetes forrásból származik. Összetétel: Friss egész csendes-óceáni hering (14 %), friss egész csendes-óceáni szardínia (12 %), friss egész nyílfogú lepényhal (8 %), dehidratált egész hering (8 %), dehidratált csendes-óceáni tőkehal (7 %), dehidratált csendes-óceáni sárga tőkehal (7 %), egész zöldborsó, egész vöröslencse, egész csicseriborsó, egész zöldlencse, sávos tőkehal olaj (6 %), friss egész ezüst tőkehal (4 %), friss egész vöröscsíkos sziklahal (4 %), egész tarkabab, egész sárgaborsó, napon szárított lucerna, hidegen sajtolt napraforgóolaj, lencserost, szárított barnamoszat, friss spárgatök, friss pézsmatök, friss paszternák, friss fodorkel, friss spenót, friss mustárlevél, friss tarlórépalevél, friss sárgarépa, friss alma (red delicious fajta), friss bartlett körte, fagyasztva szárított tőkehalmáj (0,1 %), friss tőzegáfonya, friss kék áfonya, cikóriagyökér, kurkumagyökér, őszbogáncs, bojtorjángyökér, levendula, orvosi ziliz gyökér, csipkebogyó. ADALÉKANYAGOK (per kg): Technológiai adalékok: természetes eredetű tokoferolokban gazdag kivonat. Tápanyagadalékok: E-vitamin: 200 NE, aminosavak cink-kelátjának hidrátja: 100 mg, aminosavak réz-kelátjának hidrátja: 10 mg. Zootechnikai adalékok: Enterococcus faecium NCIMB10415: 600×10^6 CFU. Analitikai összetevők: Nyersfehérje (min.) 35 %, Nyerszsír (min.) 17 %, Szénhidrát (NFE.) 23 %, Nyersrost (max.) 6 %, Nedvesség (max.) 12 %, Nyershamu (max.) 7 %, Kalcium (min.) 1,5 %, Foszfor (min.) 1,1 %, Omega 6 (min.) 2,0 %, Omega 3 (min.) 2,3 %, DHS (dokozahexaénsav) (min.) 0,9 %, EPS (eikozapentaénsav) (min.) 0,7 %, Glükózamin (min.) 700 mg/kg, Kondroitin-szulfát (min.) 900 mg/kg Adalékanyagok: Vitaminok: A-vitamin 64 000 NE/kg, D3-vitamin, 1 260 NE /kg, E- vitamin 213 NE /kg, B1-vitamin (tiamin) 9,86 mg/kg, B2-vitamin (riboflavin) 5,50 mg/kg, B3-vitamin (niacin) 62,3 mg/kg, B5-vitamin (pantoténsav) 12,5 mg/kg, B6-vitamin (piridoxin) 8,30 mg/kg, B12-vitamin 0,06 mg/kg, Folsav 0,30 mg/kg, Kolin 2 170 mg/kg. Ásványi anyagok és nyomelemek: Kálium 0,95 %, Nátrium 0,58 %, Klorid 0,60 %, Vas 141 mg/kg, Réz 18,9 mg/kg, Mangán14,5 mg/kg, Magnézium 0,16 %, Cink 190 mg/kg, Jód 3,00 mg/kg, Szelén 1,00 mg/kg. Aminosavak: Arginin 2,27 %, Hisztidin 0,75 %, Izoleucin 1,45 %, Leucin 2,40 %, Lizin 2,28 %, Metionin 0,35 %, Fenil-alanin 1,52 %, Treonin 1,41 %, Triptofán 0,42 %, Valin 1,70 %, Cisztin 0,78 %. Tovább olvasok"}
{"breadcrumb": "Főoldal/Kutya/Eledelek/Száraz eledelek/ACANA Singles Grass-Fed Lamb száraz kutyaeledel bárány 11,4kg", "product_name": "ACANA Singles Grass-Fed Lamb száraz kutyaeledel bárány 11,4kgACANA Singles Grass-Fed Lamb száraz kutyaeledel bárány 11,4kg", "brand": "ACANASingles10,1 – 12kgFelnőttjuh&bárány&kecskegabonamentes&monoprotein", "regular_price": "9 999", "selling_price": "8 999", "price_per_unit": "1 kg=3772 Ft", "product_url": "https://webshop.fressnapf.hu/termekek/acana-singles-grass-fed-lamb-szaraz-kutyaeledel-barany-114kg/", "product_description": "A korlátozott összetételű ACANA Grass-Fed Lamb 50 % bárányból készült. Az ízletes vörös hús a kizárólagos állati fehérjeforrás, ezért allergiagyanú esetén is tökéletes választás, például egy eliminációs diétához. A bárány nyersen érkezik, a WholePrey™ arányainak megfelelően a hús mellett belsőségeket és porcokat is tartalmaz. A friss alma, spárgatök és pézsmatök bőségesek vízben oldható étrendi rostokban, melyek még az érzékeny emésztőrendszer működését is kedvezően befolyásolják. Összetétel: Fűvel táplált nyers bárány (18 %), dehidratált bárányhús (18 %), egész zöldborsó, egész vöröslencse, nyers báránymáj (4 %), bárányzsír (4 %), friss alma (red delicious fajta) (4 %), egész garbanzó bab, egész zöldlencse, egész sárgaborsó, nyers báránybendő (2 %), nyers bárányvese (2 %), szárított bárányporc (2 %), lencserost, tengeri alga (1.2 %) (DHS és EPS zsírsavak fenntartható és tiszta forrása), friss egész pézsmatök, friss egész spárgatök, szárított barnamoszat, fagyasztva szárított báránymáj (0.1 %), só, friss tőzegáfonya, friss kék áfonya, cikóriagyökér, kurkumagyökér, őszbogáncs, bojtorjángyökér, levendula, orvosi ziliz gyökér, csipkebogyó. ADALÉKANYAGOK (per kg): Technológiai adalékok: természetes eredetű tokoferolokban gazdag kivonat. Tápanyagadalékok: D-vitamin: 500 NE, E-vitamin: 100 NE, aminosavak cink-kelátjának hidrátja: 160 mg, kalcium-pantotenát: 12,5 mg, aminosavak réz-kelátjának hidrátja: 11 mg, taurin: 500 mg. Zootechnikai adalékok: Enterococcus faecium NCIMB10415 Analitikai összetevők: Nyersfehérje (min.) 31 % Nyerszsír (min.) 15 % Nyershamu (max.) 7,5 % Nyersrost (max.) 5 % Nedvesség (max.) 12 % Kalcium (min.) 1,5 % Foszfor (min.) 1. 1 % Omega-6 zsírsavak (min.) 1,8 % Omega-3 zsírsavak (min.) 0,8 % DHA (min.) 0,15 % EPA (min.) 0,1 % Glükozamin (min.) 600 mg/kg Kondroitin-szulfát (min.) 800 mg/kg Összetétel: Nyers, legelőn nevelt bárányhús (18%), szárított bárányhús (18%), egész zöldborsó, nyers báránymáj (4%), bárányzsír (4%), friss “Red Delicious” alma (4%), egész “Garbanzo” bab, zöld lencse, egész sárgaborsó, nyers bárány bendő (2%), nyers bárányvese (2%), szárított bárányporc (2%), lencse rost, tengeri moszat (1, 2%) (tiszta és fenntartható DHA és EPA forrás), friss butternut tök, friss sütőtök, barna szárított tengeri alga, fagyasztva szárított báránymáj (0,1%), só, friss áfonya, friss áfonya, cikória gyökér, kurkuma, tejcsíra, nagy bojtorján gyökér, levendula, valódi mályvacukor gyökér, csipkebogyó. Adalékanyagok kg-onként: D3-vitamin 1 000 NE/kg, E 230 NE/kg, cink 230 mg/kg, réz 20 mg/kg Tovább olvasok"}
{"breadcrumb": "Főoldal/Kutya/Eledelek/Táplálékkiegészítők&vitaminok/Adaptil Chew nyugtató rágófalat kutyák számára 30db", "product_name": "Adaptil Chew nyugtató rágófalat kutyák számára 30dbAdaptil Chew nyugtató rágófalat kutyák számára 30db", "brand": "AdaptilFelnőttstresszhelyzet kezelése", "regular_price": "11999", "selling_price": "", "price_per_unit": "1 DB=400 Ft", "product_url": "https://webshop.fressnapf.hu/termekek/adaptil-chew-nyugtato-ragofalat-kutyak-szamara-30db/", "product_description": "Gyors hatású, ízletes rágófalat, amely segít megnyugodni kutyusodnak a kihívást jelentő helyzetekben (pl. tűzijáték, hangos zajok). Gyors hatás Ízletes, lágy rágófalat: Közvetlenül kézből adható a kutyának, akár egy jutalomfalat Egyszerű használat 30 perccel a várható stresszes esemény előtt etesd meg kedvenceddel Továbbfejlesztett formula, relaxáló hatású, természetes összetevőkkel, álmosító hatás nélkül Jó tudni! Természetes összetevőkből: Kiegészítő állateledel a természet erejével! Nem okoz függőséget, nincs álmosító hatása. Naponta vagy szükség szerint adható, a kutya napi elesége mellett kiegészítésként. Az adag szükség szerint megduplázható. Ízletes rágófalat, amit élvezettel fogyasztanak el a kutyák Kifejezetten kutyák számára kifejlesztett, puha, könnyen felezhető rágófalat. Kínáld kutyusodnak egyszerűen a kezedből, imádni fogja. Hogyan használjam? Egy doboz kb. 30 db rágófalatot tartalmaz. 0 – 15 kg: ½ rágófalat naponta >15 – 30kg: 1 rágófalat naponta >30 kg: 2 rágófalat naponta Egyetlen kiszerelés bármely méretű kutya számára. Mit tartalmaz az ADAPTIL Chew? Tiamin (B1 Vitamin), L-triptofán, Zöld tea kivonat (Camellia sinensis), Kolosztrum, rágófalat formájában, ínycsiklandó élesztő ízesítéssel Tovább olvasok"}
{"breadcrumb": "Főoldal/Kutya/Eledelek/Táplálékkiegészítők&vitaminok/Adaptil nyakörv junior", "product_name": "Adaptil nyakörv juniorAdaptil nyakörv junior", "brand": "Adaptil37cmstresszhelyzet kezelése", "regular_price": "16999", "selling_price": "", "price_per_unit": "1 db=16999 Ft", "product_url": "https://webshop.fressnapf.hu/termekek/adaptil-nyakorv-junior/", "product_description": "Az anyakutya a levegőbe bocsátott természetes üzenetek segítségével is kommunikál a kölykeivel. Ezek a “nyugtató üzenetek” feromonok, amelyeket kutya appezineknek is hívnak. Ezeket a szagtalan üzeneteket kizárólag a kutyák érzékelik, sem az ember, sem más fajhoz tartozó állat nem. Ezek a “nyugtató üzenetek” mindenféle korú kutya számára a biztonság és nyugalom erős üzenetét közvetítik. A “nyugtató üzenet” segítségével az ADAPTIL Junior Nyakörv segít a kölyöknek, hogy ugyanolyan biztonságban érezhesse magát az új családjánál, mint az anyakutyával. Az ADAPTIL Junior Nyakörv megkönnyíti a szocializációt és a tanulást, hogy kiskutyájából magabiztos, kiegyensúlyozott felnőtt válhasson. Egy nyakörv 4 hét folyamatos támogatást nyújt. A nyakörv legfeljebb 37,5 cm nyak körméretű kölyökkutyák számára alkalmas, kb. 15 kg tömegig. Csak helyezze fel a nyakörvet kiskutyája nyakára és rögzítse. Kiskutyája folyamatosan viselje a Nyakörvet (kivéve a samponos fürdetést). Tovább olvasok"}
{"breadcrumb": "Főoldal/Kutya/Eledelek/Táplálékkiegészítők&vitaminok/Adaptil nyakörv M-L 70cm", "product_name": "Adaptil nyakörv M-L 70cmAdaptil nyakörv M-L 70cm", "brand": "Adaptil70cmstresszhelyzet kezelése", "regular_price": "18999", "selling_price": "", "price_per_unit": "1 db=18999 Ft", "product_url": "https://webshop.fressnapf.hu/termekek/adaptil-nyakorv-m-l-70cm/", "product_description": "Az ADAPTIL Nyakörv még házon kívül is segít kutyájának megnyugodni és alkalmazkodni a kihívást jelentő helyzetekben, pl. ijesztő zajok, tréning, panzióztatás, félelmek esetén. Közelebb hozza egymáshoz Önt és kutyáját azáltal, hogy folyamatos megerősítést nyújt kutyája számára. Hatékonyságát klinikai kísérletek igazolják, alkalmazását állatorvosok ajánlják. Egy Nyakörv 4 hét folyamatos támogatást nyújt. A kisebb méretű, « S/M » Nyakörv legfeljebb 37,5 cm nyak körméretű kutyák számára alkalmas, kb. 15 kg tömegig. A nagyobb méretű, « M/L » Nyakörv legfeljebb 62,5 cm nyak körméretű kutyák számára alkalmas, kb. 50 kg tömegig. Csak helyezze fel a nyakörvet kutyája nyakára és rögzítse. Kutyája folyamatosan viselje a Nyakörvet (kivéve a samponos fürdetést). Tovább olvasok"}
{"breadcrumb": "Főoldal/Kutya/Eledelek/Táplálékkiegészítők&vitaminok/Adaptil nyakörv S-M 45cm", "product_name": "Adaptil nyakörv S-M 45cmAdaptil nyakörv S-M 45cm", "brand": "Adaptil45cmstresszhelyzet kezelése", "regular_price": "17499", "selling_price": "", "price_per_unit": "1 db=17499 Ft", "product_url": "https://webshop.fressnapf.hu/termekek/adaptil-nyakorv-s-m-45cm/", "product_description": "Az ADAPTIL Nyakörv még házon kívül is segít kutyájának megnyugodni és alkalmazkodni a kihívást jelentő helyzetekben, pl. ijesztő zajok, tréning, panzióztatás, félelmek esetén. Közelebb hozza egymáshoz Önt és kutyáját azáltal, hogy folyamatos megerősítést nyújt kutyája számára. Hatékonyságát klinikai kísérletek igazolják, alkalmazását állatorvosok ajánlják. Egy Nyakörv 4 hét folyamatos támogatást nyújt. A kisebb méretű, « S/M » Nyakörv legfeljebb 37,5 cm nyak körméretű kutyák számára alkalmas, kb. 15 kg tömegig. A nagyobb méretű, « M/L » Nyakörv legfeljebb 62,5 cm nyak körméretű kutyák számára alkalmas, kb. 50 kg tömegig. Csak helyezze fel a nyakörvet kutyája nyakára és rögzítse. Kutyája folyamatosan viselje a Nyakörvet (kivéve a samponos fürdetést). Tovább olvasok"}
{"breadcrumb": "Főoldal/Kutya/Eledelek/Táplálékkiegészítők&vitaminok/Adaptil párologtató készülék", "product_name": "Adaptil párologtató készülékAdaptil párologtató készülék", "brand": "Adaptilstresszhelyzet kezelése", "regular_price": "16999", "selling_price": "", "price_per_unit": "1 db=16999 Ft", "product_url": "https://webshop.fressnapf.hu/termekek/adaptil-parologtato-keszulek-folyadek/", "product_description": "Az ADAPTIL Párologtató segít kutyájának megnyugodni és alkalmazkodni a kihívást jelentő helyzetekben, pl. egyedüllét, ijesztő zajok, vendégek, félelmek esetén. Közelebb hozza egymáshoz Önt és kutyáját azáltal, hogy folyamatos megerősítést nyújt kutyája számára otthonában. Folyamatos hatás, folyamatos megnyugvás kutyája számára. Hatékonyságát klinikai kísérletek igazolják, alkalmazását állatorvosok ajánlják. Minden Párologtató Utántöltő legfeljebb 70 m2 területre elég. Ne tegye polc alá, ajtó vagy függöny mögé, mert úgy nem működik. Csavarja rá a Párologtatót a flakonra, majd csatlakoztassa egy konnektorhoz. Folyamatosan működtesse. Tovább olvasok"}
{"breadcrumb": "Főoldal/Kutya/Eledelek/Táplálékkiegészítők&vitaminok/Adaptil spray 60ml", "product_name": "Adaptil spray 60mlAdaptil spray 60ml", "brand": "Adaptil60mlstresszhelyzet kezelése", "regular_price": "16999", "selling_price": "", "price_per_unit": "1 l=283317 Ft", "product_url": "https://webshop.fressnapf.hu/termekek/adatpil-spray-60ml/", "product_description": "Az ADAPTIL Spray útközben segít kutyájának. Kevésbé stresszessé teszi az utazást és az állatorvosi vizitet. Csökkenti a lihegést, remegést, nyugtalanságot utazás közben. Utazáskor vagy ha az állatorvosi rendelőbe tartanak, fújja közvetlenül az autó légterébe vagy a szállítóketrecbe. Hosszabb utazás során 4-5 óránként fújjon újra. Mindig várjon 15 percet, mielőtt a kutyát visszaengedi a befújt helyre. Sose fújja közvetlenül a kutyára! Sose fújja úgy a szállítóketrecbe vagy az autó légterébe, hogy a kutya is bent van! Tovább olvasok"}
{"breadcrumb": "Főoldal/Kutya/Eledelek/Táplálékkiegészítők&vitaminok/Adaptil utántöltő párologtatóhoz", "product_name": "Adaptil utántöltő párologtatóhozAdaptil utántöltő párologtatóhoz", "brand": "Adaptil48mlstresszhelyzet kezelése", "regular_price": "12999", "selling_price": "", "price_per_unit": "1 db=12999 Ft", "product_url": "https://webshop.fressnapf.hu/termekek/adaptil-utantolto-folyadek-parologtatohoz/", "product_description": "Használja az ADAPTIL Utántöltőt havonta, hogy kutyája továbbra is nyugodtan élhessen otthonában, megfelelően alkalmazkodva a kihívást jelentő helyzetekben, pl. egyedüllét, ijesztő zajok, vendégek és félelmek esetén. Közelebb hozza egymáshoz Önt és kutyáját azáltal, hogy folyamatos megerősítést nyújt kutyája számára. Hatékonyságát klinikai kísérletek igazolják, alkalmazását állatorvosok ajánlják. Az ADAPTIL Utántöltőhöz ADAPTIL Párologtató készülék szükséges. Az Utántöltő legfeljebb 30 napig elég (48ml). Egy Utántöltő legfeljebb 70 m2 –re elég. Ne tegye polc alá, ajtó vagy függöny mögé, mert úgy nem működik. Csavarja rá a Párologtatót a flakonra, majd csatlakoztassa egy konnektorhoz. Folyamatosan működtesse. Tovább olvasok"}
{"breadcrumb": "Főoldal/Kutya/Eledelek/Jutalomfalatok&rágcsák/Adventuros Nuggets kutya jutalomfalat vaddisznó 90g", "product_name": "Adventuros Nuggets kutya jutalomfalat vaddisznó 90gAdventuros Nuggets kutya jutalomfalat vaddisznó 90g", "brand": "AdventurosNuggetsFelnőttvadropogós falatok", "regular_price": "779", "selling_price": "", "price_per_unit": "1 kg=8656 Ft", "product_url": "https://webshop.fressnapf.hu/termekek/adventuros-nuggets-kutya-jutalomfalat-vaddiszno-90g/", "product_description": "Jutalomfalat kutyáknak vaddisznó, vad ízű Nem tartalmaz hozzáadott mesterséges színezékeket Alacsony zsírtartalom Ízletes falatok Kalandokat megélni kutyáddal többet jelent ezekkel az ínycsiklandó Purina AdVENTuROS vaddisznó, vad ízű jutalomfalatokkal. Ízekkel teli falatok, melyek a vadon érzetét belecsempészik a közös élményekbe. Purina AdVENTuROS vaddisznó, vad ízű jutalomfalatok. Életre kelnek a vadon kalandjai. Összetétel: gabonafélék, glicerol, hús és állati származékok (8%)*, különféle cukrok, növényi fehérjekivonatok, növényi eredetű származékok, ásványi anyagok, olajok és zsírok, *24% rehidratált hús és állati származákkal egyenértékű, minimum 14% szárnyassal. Analitikai összetevők: fehérje: 13,4%, zsírtartalom: 2,3%, nyershamu: 4,6%, nyersrost: 0,6%, nedvességtartalom: 18,0%, adalékanyagok: tápértékkel rendelkező adalékanyagok: NE/kg: Vit. A: 13200, Vit. D₃: 890, Vit. E.: 95, mg/kg: vízmentes kalcium-jodát: 3,4, mangán-szulfát monohidrát: 19, cink-szulfát monohidrát: 430, nátrium-szelenit: 0,47, érzékszervi adalékanyagok: mg/kg: Vaddisznó ízanyag: 3000, antioxidánsok. Tovább olvasok"}
{"breadcrumb": "Főoldal/Kutya/Eledelek/Jutalomfalatok&rágcsák/Adventuros Sticks Mini kutya jutalomfalat bölény&vad 90g", "product_name": "Adventuros Sticks Mini kutya jutalomfalat bölény&vad 90gAdventuros Sticks Mini kutya jutalomfalat bölény&vad 90g", "brand": "AdventurosSticksvadropogós falatok", "regular_price": "779", "selling_price": "", "price_per_unit": "1 kg=8656 Ft", "product_url": "https://webshop.fressnapf.hu/termekek/adventuros-sticks-mini-kutya-jutalomfalat-bolenyvad-90g/", "product_description": "Hozd tűzbe kutyád képzeletét a PURINA Adventuros jutalomfalatokkal, és engedd, hogy új kalandok kezdődjenek! Próbáld ki a kifejezetten kistestű kutyák részére készült Adventuros Sticks Bölény, vad ízű jutalomfalatot, mely kívül kérges, belül lágy, tele ínycsiklandó bölény ízzel. A rudacskák tartalmazzák, amit kutyád a kötetlenségben és a szabadban szeret. Mert a kistestű kutyák nagyban gondolkodnak. Összetevők Gabonafélék Glicerin Hús és állati származékok Különféle cukrok Növényi fehérjekivonatok Ásványi anyagok Szorbit Élesztő Olajok és zsírok Tápanyagok Analitikai összetevők Fehérje 13% Zsírtartalom 3% Nyershamu 4,9% Nyersrost 0,8% Nedvességtartalom 21% Adalékanyagok: Tápértékkel rendelkező adalékanyagok: NE/kg: Vit A: 13400 Vit D3: 900 Vit E: 98 mg/kg: Vízmentes kalcium-jodát (I): 2,2 Mangán-szulfát monohidrát (Mn): 6,3 Cink-szulfát monohidrát (Zn): 160 Nátrium-szelenit (Se): 0,22 Technológiai adalékanyagok: Antioxidánsok Érzékszervi adalékanyagok: Aromák Tovább olvasok"}
{"breadcrumb": "Főoldal/Kutya/Eledelek/Jutalomfalatok&rágcsák/Adventuros Strips kutya jutalomfalat szarvas 90g", "product_name": "Adventuros Strips kutya jutalomfalat szarvas 90gAdventuros Strips kutya jutalomfalat szarvas 90g", "brand": "AdventurosStripsFelnőttvadropogós falatok", "regular_price": "779", "selling_price": "", "price_per_unit": "1 kg=8656 Ft", "product_url": "https://webshop.fressnapf.hu/termekek/adventuros-strips-kutya-jutalomfalat-szarvas-90g/", "product_description": "Jutalomfalat kutyáknak szarvas, vad ízű Nem tartalmaz hozzáadott mesterséges színezékeket Alacsony zsírtartalom Ízletes falatok Minden AdVENTuROS szarvas, vad ízű rágcsálnivaló egy új izgalmas kaland kezdetét jelenti kutyád számára. Tépjük apró ízletes falatokra, vagy adjuk egészben a kutyánknak a jutalomfalatot. Akármelyiket is választjuk, elragadják kutyád képzeletét korlátlanul, szabadon. Purina AdVENTuROS szarvas, vad ízű rágcsálnivaló. Hozd tűzbe kutyád képzeletét. Összetétel: gabonafélék, glicerol, hús és állati származékok (8%)*, különféle cukrok, ásványi anyagok, élesztők, szorbitol, olajok és zsírok, *24% rehidratált hús és állati származákkal egyenértékű, minimum 14% szárnyassal. Analitikai összetevők: fehérje: 13,4%, zsírtartalom: 2,7%, nyershamu: 4,9%, nyersrost: 0,7%, nedvességtartalom: 19,0%, adalékanyagok: tápértékkel rendelkező adalékanyagok: NE/kg: Vit. A: 13200, Vit. D₃: 890, Vit. E.: 95, mg/kg: vízmentes kalcium-jodát: 3,4, mangán-szulfát monohidrát: 19, cink-szulfát monohidrát: 430, nátrium-szelenit: 0,47, érzékszervi adalékanyagok: mg/kg: Szarvas ízanyag: 3000, antioxidánsok. Tovább olvasok"}
{"breadcrumb": "Főoldal/Kutya/Eledelek/Táplálékkiegészítők&vitaminok/AGROFERM Pet kutya vitamin&probiotikum 100g", "product_name": "AGROFERM Pet kutya vitamin&probiotikum 100gAGROFERM Pet kutya vitamin&probiotikum 100g", "brand": "AGROFERM0g – 100gFelnőttporgyomor&emésztés", "regular_price": "2299", "selling_price": "", "price_per_unit": "1 kg=22990 Ft", "product_url": "https://webshop.fressnapf.hu/termekek/agroferm-pet-kutya-vitaminprobiotikum-100g/", "product_description": "A kutyák emésztőrendszeri megbetegedéseinek megelőzésére, egészséges bélflóra kialakítására, emésztés, étvágy javítására szolgáló természetes probiotikum. Gátolja a Coli-félék túlszaporodását, a hasmenés kialakulását. Növeli a természetes immunitást és az ellenálló képességet. Csökkenti a stresszhatásokat, étrendváltozáskor javítja az étel toleranciát. A felszívódás javításával elősegíti az ásványi és mikroelemek hasznosulását Adagolás: Ivóvízhez, nedves vagy szilárd ételekhez keverhető:1-2×1 mokkáskanál naponta/10kg testsúly. Kúraszerűen 1-2 hétig, vagy folyamatosan napi 1 mokkáskanál javasolt. Szoptatós szukának: folyamatosan napi 1 mokkáskanál/10 testsúly kg. Kölykök tápszeréhez:1 mokkáskanál/táp kg. Macskák eledeléhez: 1/2g(csapott mokkáskanál)/nap. Tovább olvasok"}
{"breadcrumb": "Főoldal/Kutya/Eledelek/Táplálékkiegészítők&vitaminok/AK-68 integrált porcvédő 50db", "product_name": "AK-68 integrált porcvédő 50dbAK-68 integrált porcvédő 50db", "brand": "AK-68Felnőttízület védelem", "regular_price": "8499", "selling_price": "", "price_per_unit": "1 DB=170 Ft", "product_url": "https://webshop.fressnapf.hu/termekek/ak-68-integralt-porcvedo-50db/", "product_description": "FELHASZNÁLÁSI JAVASLATOK: Arthritis (ízületi gyulladás), ízületi elváltozások esetén adható kiegészítő állateledel. Nagytestű kölyökkutyák intenzív növekedési időszakában, hogy a porcfejlődés megfelelően kövesse a csontnövekedést. Porcsérülések kiegészítő kezelésének részeként, valamint az egészséges ízületi működés fenntartásához. Orthopéd beavatkozásokat megelőzően, és az azt követő lábadozási időszak támogatására. EGY TABLETTA TARTALMAZ: Glükózamin 360 mg, Kondroitin-4-szulfát 220 mg, MSM 110 mg, Kollagén (2-es típusú) 110 mg, Hialuronsav 50 mg, B5-vitamin 20 mg, Mangán-szulfát-1hidrát 6 mg, Ca tartalom 4,9 mg, P tartalom 3,3 mg, E-vitamin 3 mg, D3-vitamin 30 NE, K3-vitamin 0,25 mg, B-12 vitamin 4 μg Analitikai összetétel: Nedvességtartalom: 10,9%, Nyersfehérje: 23,7% Nyerzsír: 0,5% Nyersrost: max.0,5% Nyershamu: 16,2% ADAGOLÁS ÉS ALKALMAZÁS MÓDJA: Szájon át alkalmazandó. Adagolás: 1 ízesített tabletta / 18 testtömeg-kilogrammonként, naponta egyszer. ELLENJAVALLATOK ÉS MELLÉKHATÁSOK: Nincsen ismert mellékhatása. Bármilyen összetevőjével szembeni ismert érzékenység esetén, nem adható. Tovább olvasok"}
{"breadcrumb": "Főoldal/Kutya/Eledelek/Száraz eledelek/Alleva Equilibrium száraz kutyaeledel adult sertés 2kg", "product_name": "Alleva Equilibrium száraz kutyaeledel adult sertés 2kgAlleva Equilibrium száraz kutyaeledel adult sertés 2kg", "brand": "ALLEVAEquilibrium1,1kg – 4kgFelnőttmalacgluténmentes", "regular_price": "7 799", "selling_price": "6 629", "price_per_unit": "1 kg=3315 Ft", "product_url": "https://webshop.fressnapf.hu/termekek/alleva-equilibrium-szaraz-kutyaeledel-adult-sertes-2kg/", "product_description": "Sertéshúst tartalmazó gluténmentes táp érzékeny, felnőtt kutyák részére. Összetétel: Sertéshús (35%) (80% szárított és 20% friss), rizs (25%), borsókeményítő, állati zsírok, szárított céklagyökér, halolaj, cikóriagyökér (inulin- és frukto-oligoszacharid forrás), szárított inaktivált sörélesztő (mannán-oligoszacharid forrás), szárított gyümölcsök és zöldségek (fekete áfonya 0,40%, vörös áfonya 0,40%, alma 0,20%, sárgarépa 0,20%), kalcium-karbonát, glükózamin, kondroitin-szulfát, jukkalé. Beltartalmi összetevők: Nyersfehérje 27,00%; Nyerszsír 17,00%; Nyersrost 2,00%; Nyershamu 6,50%; Kálcium 1,50%; Foszfor 1,00%; Omega-6 1,10%; Omega-3 0,40%; Glükózamin 400 mg/kg; Kondroitin-szulfát: 350 mg/kg; Metabolizálható energia (CEN): 3927 kcal/kg; 16,5 MJ/kg. Tápértékkel rendelkező adalékanyagok/kg: A-vitamin NE 22800; D3-vitamin NE 1.000; E-vitamin 190 mg; B1-vitamin 18 mg; B2-vitamin 15 mg; B6-vitamin 7,50 mg; B12-vitamin 0,15 mg; Niacin 95 mg; Kálcium-D-pantotenát 40 mg; Folsav 2 mg; Biotin 0,20 mg; Kolin-klorid 1700 mg; Vas (vas(II)-karbonát (sziderit)) 160 mg; Cink (cink-oxid) 200 mg; Réz (réz(II)-szulfát-pentahidrát) 11 mg; Mangán (mangán-dioxid) 16 mg; Jód (bevont, granulált, vízmentes kalcium-jodát) 3,40 mg; Szelén (nátrium-szelenit) 0,40 mg; Taurin 600 mg. Organoleptikus adalékanyagok: rozmaring kivonat, zöld tea kivonat. Antioxidáns: természetes eredetű tokoferolban gazdag kivonat Tovább olvasok"}
{"breadcrumb": "Főoldal/Kutya/Eledelek/Száraz eledelek/Alleva Equilibrium száraz kutyaeledel medium&maxi hal 12kg", "product_name": "Alleva Equilibrium száraz kutyaeledel medium&maxi hal 12kgAlleva Equilibrium száraz kutyaeledel medium&maxi hal 12kg", "brand": "ALLEVAEquilibrium10,1 – 12kgFelnőtthal&tenger gyümölcseigluténmentes", "regular_price": "28 999", "selling_price": "24 649", "price_per_unit": "1 kg=2054 Ft", "product_url": "https://webshop.fressnapf.hu/termekek/alleva-equilibrium-szaraz-kutyaeledel-mediummaxi-hal-12kg/", "product_description": "Tengeri halat tartalmazó gluténmentes táp érzékeny, közepes és nagytestű felnőtt kutyák részére. Összetétel: Tengeri hal (38%) (80% szárított és 20% friss), rizs (25%), borsókeményítő, halolaj, növényi rost (borsóból), cikóriagyökér (inulin- és frukto-oligoszacharid forrás), szárított inaktivált sörélesztő (mannán-oligoszacharid forrás), szárított gyümölcsök és zöldségek (fekete áfonya 0,40%, vörös áfonya 0,40%, alma 0,20%, sárgarépa 0,20%), kálcium-karbonát, glükózamin, kondroitin-szulfát, jukkalé. Beltartalmi összetevők: Nyersfehérje 28,00%; Nyerszsír 13,00%; Nyersrost 2,50%; Nyershamu 6,50%; Kálcium 1,40%; Foszfor 0,90%; Omega-6 1,20%; Omega-3 0,90%; Glükózamin 400 mg/kg; Kondroitin-szulfát: 350 mg/kg; Metabolizálható energia (CEN): 3710 kcal/kg; 15,6 MJ/kg. Tápértékkel rendelkező adalékanyagok/kg: A-vitamin NE 22800; D3-vitamin NE 1.000; E-vitamin 190 mg; B1-vitamin 18 mg; B2-vitamin 15 mg; B6-vitamin 7,50 mg; B12-vitamin 0,15 mg; Niacin 95 mg; Kálcium-D-pantotenát 40 mg; Folsav 2 mg; Biotin 0,20 mg; Kolin-klorid 1700 mg; Vas (vas(II)-karbonát (sziderit)) 160 mg; Cink (cink-oxid) 200 mg; Réz (réz(II)-szulfát-pentahidrát) 11 mg; Mangán (mangán-dioxid) 16 mg; Jód (bevont, granulált, vízmentes kalcium-jodát) 3,40 mg; Szelén (nátrium-szelenit) 0,40 mg; Taurin 600 mg. Organoleptikus adalékanyagok: rozmaring kivonat, zöld tea kivonat. Antioxidáns: természetes eredetű tokoferolban gazdag kivonat. Tovább olvasok"}
{"breadcrumb": "Főoldal/Kutya/Eledelek/Száraz eledelek/Alleva Equilibrium száraz kutyaeledel medium&maxi sertés 12kg", "product_name": "Alleva Equilibrium száraz kutyaeledel medium&maxi sertés 12kgAlleva Equilibrium száraz kutyaeledel medium&maxi sertés 12kg", "brand": "ALLEVAEquilibrium10,1 – 12kgFelnőttmalacgluténmentes", "regular_price": "27 999", "selling_price": "23 799", "price_per_unit": "1 kg=1983 Ft", "product_url": "https://webshop.fressnapf.hu/termekek/alleva-equilibrium-szaraz-kutyaeledel-mediummaxi-sertes-12kg/", "product_description": "Sertéshúst tartalmazó gluténmentes táp érzékeny, közepes és nagytestű felnőtt kutyák részére. Összetétel: Sertéshús (35%) (80% szárított és 20% friss), rizs (25%), borsókeményítő, állati zsírok, szárított céklagyökér, halolaj, cikóriagyökér (inulin- és frukto-oligoszacharid forrás), szárított inaktivált sörélesztő (mannán-oligoszacharid forrás), szárított gyümölcsök és zöldségek (fekete áfonya 0,40%, vörös áfonya 0,40%, alma 0,20%, sárgarépa 0,20%), kalcium-karbonát, glükózamin, kondroitin-szulfát, jukkalé. Beltartalmi összetevők: nyersfehérje 27,00%; nyerszsír 17,00%; nyersrost 2,00%; nyershamu 6,50%; kálcium 1,50%; foszfor 1,10%; omega-6 1,10%; omega-3 0,40%; glükózamin 400 mg/kg; kondroitin-szulfát: 350 mg/kg; metabolizálható energia (cen): 3927 kcal/kg; 16,5 mj/kg. Tápértékkel rendelkező adalékanyagok/kg: A-vitamin NE 22800; D3-vitamin NE 1.000; E-vitamin 190 mg; B1-vitamin 18 mg; B2-vitamin 15 mg; B6-vitamin 7,50 mg; B12-vitamin 0,15 mg; Niacin 95 mg; Kálcium-D-pantotenát 40 mg; Folsav 2 mg; Biotin 0,20 mg; Kolin-klorid 1700 mg; Vas (vas(II)-karbonát (sziderit)) 160 mg; Cink (cink-oxid) 200 mg; Réz (réz(II)-szulfát-pentahidrát) 11 mg; Mangán (mangán-dioxid) 16 mg; Jód (bevont, granulált, vízmentes kálcium-jodát) 3,40 mg; Szelén (nátrium-szelenit) 0,40 mg; Taurin 600 mg. Organoleptikus adalékanyagok: rozmaring kivonat, zöld tea kivonat. Antioxidáns: természetes eredetű tokoferolban gazdag kivonat. Tovább olvasok"}
{"breadcrumb": "Főoldal/Kutya/Eledelek/Száraz eledelek/Alleva Equilibrium száraz kutyaeledel mini&medium bárány&hal 2kg", "product_name": "Alleva Equilibrium száraz kutyaeledel mini&medium bárány&hal 2kgAlleva Equilibrium száraz kutyaeledel mini&medium bárány&hal 2kg", "brand": "ALLEVAEquilibrium1,1kg – 4kgFelnőttvegyesgluténmentes", "regular_price": "7 799", "selling_price": "6 629", "price_per_unit": "1 kg=3315 Ft", "product_url": "https://webshop.fressnapf.hu/termekek/alleva-equilibrium-szaraz-kutyaeledel-minimedium-baranyhal-2kg/", "product_description": "Bárányhúst és tengeri halat tartalmazó gluténmentes táp érzékeny, közepes és nagytestű felnőtt kutyák részére. Összetétel: Bárányhús (30%) (80% szárított és 20% friss), rizs (25%), kukorica, csirkezsír, szárított tengeri hal (5%), növényi rost (borsóból), csirkemáj, cikóriagyökér (inulin- és frukto-oligoszacharid forrás), szárított inaktivált sörélesztő (mannán-oligoszacharid forrás), szárított gyümölcsök és zöldségek (fekete áfonya 0,40%, vörös áfonya 0,40%, alma 0,20%, sárgarépa 0,20%), kálcium-karbonát, glükózamin, kondroitin-szulfát, jukkalé. Beltartalmi összetevők: Nyersfehérje 26,00%; Nyerszsír 16,00%; Nyersrost 3,00%; Nyershamu 7,20%; Kálcium 1,50%; Foszfor 1,00%; Omega-6 1,75%; Omega-3 0,27%; Glükózamin 400 mg/kg; Kondroitin-szulfát: 350 mg/kg; Metabolizálható energia (CEN): 3780 kcal/kg; 15,9 MJ/kg. Tápértékkel rendelkező adalékanyagok/kg: A-vitamin NE 22800; D3-vitamin NE 1.000; E-vitamin 190 mg; B1-vitamin 18 mg; B2-vitamin 15 mg; B6-vitamin 7,50 mg; B12-vitamin 0,15 mg; Niacin 95 mg; Kálcium-D-pantotenát 40 mg; Folsav 2 mg; Biotin 0,20 mg; Kolin-klorid 1700 mg; Vas (vas(II)-karbonát (sziderit)) 160 mg; Cink (cink-oxid) 200 mg; Réz (réz(II)-szulfát-pentahidrát) 11 mg; Mangán (mangán-dioxid) 16 mg; Jód (bevont, granulált, vízmentes kalcium-jodát) 3,40 mg; Szelén (nátrium-szelenit) 0,40 mg; Taurin 600 mg. Organoleptikus adalékanyagok: rozmaring kivonat, zöld tea kivonat. Antioxidáns: természetes eredetű tokoferolban gazdag kivonat. Tovább olvasok"}
{"breadcrumb": "Főoldal/Kutya/Eledelek/Száraz eledelek/Alleva Equilibrium száraz kutyaeledel mini&medium csirke&hal 2kg", "product_name": "Alleva Equilibrium száraz kutyaeledel mini&medium csirke&hal 2kgAlleva Equilibrium száraz kutyaeledel mini&medium csirke&hal 2kg", "brand": "ALLEVAEquilibrium1,1kg – 4kgFelnőttvegyesgluténmentes, hízásra hajlamos", "regular_price": "7 799", "selling_price": "6 629", "price_per_unit": "1 kg=3315 Ft", "product_url": "https://webshop.fressnapf.hu/termekek/alleva-equilibrium-szaraz-kutyaeledel-minimedium-csirkehal-2kg/", "product_description": "Gluténmentes súlykontroll táp kis- és közepes testű felnőtt kutyák számára. Összetétel: Csirkehús (30%) (80% szárított és 20% friss), barna rizs (30%), szárított tengeri hal (8%), növényi rost (borsóból), borsókeményítő (8%), csirkezsír, csirkemáj, cikóriagyökér (inulin- és frukto-oligoszacharid forrás), szárított inaktivált sörélesztő (mannán-oligoszacharid forrás), szárított gyümölcsök és zöldségek (fekete áfonya 0,40%, vörös áfonya 0,40%, alma 0,20%, sárgarépa 0,20%), kÁlcium-karbonát, glükózamin, kondroitin-szulfát, jukkalé. Beltartalmi összetevők: Nyersfehérje 28,00%; Nyerszsír 9,00%; Nyersrost 6,00%; Nyershamu 7,00%; Kálcium 1,40%; Foszfor 0,90%; Omega-6 1,60%; Omega-3 0,25%; Glükózamin 500 mg/kg; Kondroitin-szulfát: 400 mg/kg; Tápértékkel rendelkező adalékanyagok/kg: A-vitamin NE 22800; D3-vitamin NE 1.000; E-vitamin 190 mg; B1-vitamin 18 mg; B2-vitamin 15 mg; B6-vitamin 7,50 mg; B12-vitamin 0,15 mg; Niacin 95 mg; Kálcium-D-pantotenát 40 mg; Folsav 2 mg; Biotin 0,20 mg; Kolin-klorid 1700 mg; Vas (vas(II)-karbonát (sziderit)) 160 mg; Cink (cink-oxid) 200 mg; Réz (réz(II)-szulfát-pentahidrát) 11 mg; Mangán (mangán-dioxid) 16 mg; Jód (bevont, granulált, vízmentes kálcium-jodát) 3,40 mg; Szelén (nátrium-szelenit) 0,40 mg; Taurin 1000 mg; L-karnitin 500 mg. Organoleptikus adalékanyagok: rozmaring kivonat, zöld tea kivonat. Antioxidáns: természetes eredetű tokoferolban gazdag kivonat. Tovább olvasok"}
{"breadcrumb": "Főoldal/Kutya/Eledelek/Száraz eledelek/Alleva Equilibrium száraz kutyaeledel mini&medium hal 2kg", "product_name": "Alleva Equilibrium száraz kutyaeledel mini&medium hal 2kgAlleva Equilibrium száraz kutyaeledel mini&medium hal 2kg", "brand": "ALLEVAEquilibrium1,1kg – 4kgFelnőtthal&tenger gyümölcseigluténmenteskistestű 10kg-ig, közepes testű 11-25kg", "regular_price": "7 799", "selling_price": "6 629", "price_per_unit": "1 kg=3315 Ft", "product_url": "https://webshop.fressnapf.hu/termekek/alleva-equilibrium-szaraz-kutyaeledel-minimedium-hal-2kg/", "product_description": "Gluténmentes súlykontroll táp kis- és közepes testű felnőtt kutyák számára. Összetétel: Csirkehús (30%) (80% szárított és 20% friss), barna rizs (30%), szárított tengeri hal (8%), növényi rost (borsóból), borsókeményítő (8%), csirkezsír, csirkemáj, cikóriagyökér (inulin- és frukto-oligoszacharid forrás), szárított inaktivált sörélesztő (mannán-oligoszacharid forrás), szárított gyümölcsök és zöldségek (fekete áfonya 0,40%, vörös áfonya 0,40%, alma 0,20%, sárgarépa 0,20%), kÁlcium-karbonát, glükózamin, kondroitin-szulfát, jukkalé. Beltartalmi összetevők: Nyersfehérje 28,00%; Nyerszsír 9,00%; Nyersrost 6,00%; Nyershamu 7,00%; Kálcium 1,40%; Foszfor 0,90%; Omega-6 1,60%; Omega-3 0,25%; Glükózamin 500 mg/kg; Kondroitin-szulfát: 400 mg/kg; Tápértékkel rendelkező adalékanyagok/kg: A-vitamin NE 22800; D3-vitamin NE 1.000; E-vitamin 190 mg; B1-vitamin 18 mg; B2-vitamin 15 mg; B6-vitamin 7,50 mg; B12-vitamin 0,15 mg; Niacin 95 mg; Kálcium-D-pantotenát 40 mg; Folsav 2 mg; Biotin 0,20 mg; Kolin-klorid 1700 mg; Vas (vas(II)-karbonát (sziderit)) 160 mg; Cink (cink-oxid) 200 mg; Réz (réz(II)-szulfát-pentahidrát) 11 mg; Mangán (mangán-dioxid) 16 mg; Jód (bevont, granulált, vízmentes kálcium-jodát) 3,40 mg; Szelén (nátrium-szelenit) 0,40 mg; Taurin 1000 mg; L-karnitin 500 mg. Organoleptikus adalékanyagok: rozmaring kivonat, zöld tea kivonat. Antioxidáns: természetes eredetű tokoferolban gazdag kivonat. Tovább olvasok"}
{"breadcrumb": "Főoldal/Kutya/Eledelek/Száraz eledelek/Alleva Equilibrium száraz kutyaeledel mini&medium puppy bárány 2kg", "product_name": "Alleva Equilibrium száraz kutyaeledel mini&medium puppy bárány 2kgAlleva Equilibrium száraz kutyaeledel mini&medium puppy bárány 2kg", "brand": "ALLEVAEquilibrium1,1kg – 4kgKölyökjuh&bárány&kecskegluténmenteskistestű 10kg-ig, közepes testű 11-25kg", "regular_price": "7 799", "selling_price": "6 629", "price_per_unit": "1 kg=3315 Ft", "product_url": "https://webshop.fressnapf.hu/termekek/alleva-equilibrium-szaraz-kutyaeledel-minimedium-puppy-barany-2kg/", "product_description": "Bárányhúst tartalmazó gluténmentes táp érzékeny kis- és közepes testű kölyökkutyák számára. Összetétel: Bárányhús (45%) (80% szárított és 20% friss), rizs (25%), kukorica, csirkezsír, növényi rost (borsóból), cikóriagyökér (inulin- és frukto-oligoszacharid forrás), szárított inaktivált sörélesztő (mannán-oligoszacharid forrás), szárított gyümölcsök és zöldségek (fekete áfonya 0,40%, vörös áfonya 0,40%, alma 0,20%, sárgarépa 0,20%), kalcium-karbonát, glükózamin, kondroitin-szulfát, jukkalé. Beltartalmi összetevők: Nyersfehérje 30,00%; Nyerszsír 20,00%; Nyersrost 1,50%; Nyershamu 7,50%; Kálcium 1,40%; Foszfor 0,90%; Omega-6 1,50%; Omega-3 0,30%; Glükózamin 500 mg/kg; Kondroitin-szulfát: 400 mg/kg; Metabolizálható energia (CEN): 4081 kcal/kg; 17,15 MJ/kg. Tápértékkel rendelkező adalékanyagok/kg: A-vitamin 22.800 NE; D3-vitamin 1.000 NE; E-vitamin 190 mg; B1-vitamin 18 mg; B2-vitamin 15 mg; B6-vitamin 7,50 mg; B12-vitamin 0,15 mg; Niacin 95 mg; Kálcium-D-pantotenát 40 mg; Folsav 2 mg; Biotin 0,20 mg; Kolin-klorid 2500 mg; Vas (vas(II)-karbonát (sziderit)) 160 mg; Cink (cink-oxid) 200 mg; Réz (réz(II)-szulfát-pentahidrát) 11 mg; Mangán (mangán-dioxid) 16 mg; Jód (bevont, granulált, vízmentes kalcium-jodát) 3,40 mg; Szelén (nátrium-szelenit) 0,40 mg; Taurin 600 mg. Organoleptikus adalékanyagok: rozmaring kivonat, zöld tea kivonat. Antioxidáns: természetes eredetű tokoferolban gazdag kivonat. Tovább olvasok"}
{"breadcrumb": "Főoldal/Kutya/Eledelek/Száraz eledelek/Alleva Equilibrium száraz kutyaeledel puppy bárány 12kg", "product_name": "Alleva Equilibrium száraz kutyaeledel puppy bárány 12kgAlleva Equilibrium száraz kutyaeledel puppy bárány 12kg", "brand": "ALLEVAEquilibrium10,1 – 12kgKölyökjuh&bárány&kecskegluténmentes", "regular_price": "28 999", "selling_price": "24 649", "price_per_unit": "1 kg=2054 Ft", "product_url": "https://webshop.fressnapf.hu/termekek/alleva-equilibrium-szaraz-kutyaeledel-puppy-barany-12kg/", "product_description": "Bárányhúst tartalmazó gluténmentes táp érzékeny kölyökkutyák számára. Összetétel: Bárányhús (45%) (80% szárított és 20% friss), rizs (25%), kukorica, csirkezsír, növényi rost (borsóból), cikóriagyökér (inulin- és frukto-oligoszacharid forrás), szárított inaktivált sörélesztő (mannán-oligoszacharid forrás), szárított gyümölcsök és zöldségek (fekete áfonya 0,40%, vörös áfonya 0,40%, alma 0,20%, sárgarépa 0,20%), kalcium-karbonát, glükózamin, kondroitin-szulfát, jukkalé. Beltartalmi összetevők: Nyersfehérje 30,00%; Nyerszsír 20,00%; Nyersrost 1,50%; Nyershamu 7,50%; Kálcium 1,40%; Foszfor 0,90%; Omega-6 1,50%; Omega-3 0,30%; Glükózamin 500 mg/kg; Kondroitin-szulfát: 400 mg/kg; Metabolizálható energia (CEN): 4081 kcal/kg; 17,15 MJ/kg. Tápértékkel rendelkező adalékanyagok/kg: A-vitamin 22.800 NE; D3-vitamin 1.000 NE; E-vitamin 190 mg; B1-vitamin 18 mg; B2-vitamin 15 mg; B6-vitamin 7,50 mg; B12-vitamin 0,15 mg; Niacin 95 mg; Kálcium-D-pantotenát 40 mg; Folsav 2 mg; Biotin 0,20 mg; Kolin-klorid 2500 mg; Vas (vas(II)-karbonát (sziderit)) 160 mg; Cink (cink-oxid) 200 mg; Réz (réz(II)-szulfát-pentahidrát) 11 mg; Mangán (mangán-dioxid) 16 mg; Jód (bevont, granulált, vízmentes kálcium-jodát) 3,40 mg; Szelén (nátrium-szelenit) 0,40 mg; Taurin 600 mg. Organoleptikus adalékanyagok: rozmaring kivonat, zöld tea kivonat. Antioxidáns: természetes eredetű tokoferolban gazdag kivonat. Tovább olvasok"}
{"breadcrumb": "Főoldal/Kutya/Eledelek/Száraz eledelek/Alleva Equilibrium száraz kutyaeledel puppy hal 12kg", "product_name": "Alleva Equilibrium száraz kutyaeledel puppy hal 12kgAlleva Equilibrium száraz kutyaeledel puppy hal 12kg", "brand": "ALLEVAEquilibrium10,1 – 12kgKölyökhal&tenger gyümölcseigluténmentes", "regular_price": "28 999", "selling_price": "24 649", "price_per_unit": "1 kg=2054 Ft", "product_url": "https://webshop.fressnapf.hu/termekek/alleva-equilibrium-szaraz-kutyaeledel-puppy-hal-12kg/", "product_description": "Tengeri halat tartalmazó gluténmentes táp érzékeny kölyökkutyák számára. Összetétel: Tengeri hal (42%) (80% szárított és 20% friss), rizs (25%), halolaj, borsókeményítő, növényi rost (borsóból), cikóriagyökér (inulin- és frukto-oligoszacharid forrás), szárított inaktivált sörélesztő (mannán-oligoszacharid forrás), szárított gyümölcsök és zöldségek (fekete áfonya 0,40%, vörös áfonya 0,40%, alma 0,20%, sárgarépa 0,20%), kalcium-karbonát, glükózamin, kondroitin-szulfát, jukkalé. Beltartalmi összetevők: Nyersfehérje 30,00%; Nyerszsír 20,00%; Nyersrost 1,70%; Nyershamu 7,50%; Kálcium 1,50%; Foszfor 1,10%; Omega-6 2,00%; Omega-3 1,60%; Glükózamin 500 mg/kg; Kondroitin-szulfát: 400 mg/kg; Metabolizálható energia (CEN): 4065 kcal/kg; 17,1 MJ/kg. Tápértékkel rendelkező adalékanyagok/kg: A-vitamin NE 22800; D3-vitamin NE 1.000; E-vitamin 190 mg; B1-vitamin 18 mg; B2-vitamin 15 mg; B6-vitamin 7,50 mg; B12-vitamin 0,15 mg; Niacin 95 mg; Kálcium-D-pantotenát 40 mg; Folsav 2 mg; Biotin 0,20 mg; Kolin-klorid 2500 mg; Vas (vas(II)-karbonát (sziderit)) 160 mg; Cink (cink-oxid) 200 mg; Réz (réz(II)-szulfát-pentahidrát) 11 mg; Mangán (mangán-dioxid) 16 mg; Jód (bevont, granulált, vízmentes kálcium-jodát) 3,40 mg; Szelén (nátrium-szelenit) 0,40 mg; Taurin 600 mg. Organoleptikus adalékanyagok: rozmaring kivonat, zöld tea kivonat. Antioxidáns: természetes eredetű tokoferolban gazdag kivonat. Tovább olvasok"}
{"breadcrumb": "Főoldal/Kutya/Eledelek/Száraz eledelek/Alleva Equilibrium száraz kutyaeledel puppy hal 2kg", "product_name": "Alleva Equilibrium száraz kutyaeledel puppy hal 2kgAlleva Equilibrium száraz kutyaeledel puppy hal 2kg", "brand": "ALLEVAEquilibrium1,1kg – 4kgKölyökhal&tenger gyümölcseigluténmentes", "regular_price": "7 799", "selling_price": "6 629", "price_per_unit": "1 kg=3315 Ft", "product_url": "https://webshop.fressnapf.hu/termekek/alleva-equilibrium-szaraz-kutyaeledel-puppy-hal-2kg/", "product_description": "Tengeri halat tartalmazó gluténmentes táp érzékeny kölyökkutyák számára. Összetétel: Tengeri hal (42%) (80% szárított és 20% friss), rizs (25%), halolaj, borsókeményítő, növényi rost (borsóból), cikóriagyökér (inulin- és frukto-oligoszacharid forrás), szárított inaktivált sörélesztő (mannán-oligoszacharid forrás), szárított gyümölcsök és zöldségek (fekete áfonya 0,40%, vörös áfonya 0,40%, alma 0,20%, sárgarépa 0,20%), kalcium-karbonát, glükózamin, kondroitin-szulfát, jukkalé. Beltartalmi összetevők: Nyersfehérje 30,00%; Nyerszsír 20,00%; Nyersrost 1,70%; Nyershamu 7,50%; Kálcium 1,50%; Foszfor 1,10%; Omega-6 2,00%; Omega-3 1,60%; Glükózamin 500 mg/kg; Kondroitin-szulfát: 400 mg/kg; Metabolizálható energia (CEN): 4065 kcal/kg; 17,1 MJ/kg. Tápértékkel rendelkező adalékanyagok/kg: A-vitamin NE 22800; D3-vitamin NE 1.000; E-vitamin 190 mg; B1-vitamin 18 mg; B2-vitamin 15 mg; B6-vitamin 7,50 mg; B12-vitamin 0,15 mg; Niacin 95 mg; Kálcium-D-pantotenát 40 mg; Folsav 2 mg; Biotin 0,20 mg; Kolin-klorid 2500 mg; Vas (vas(II)-karbonát (sziderit)) 160 mg; Cink (cink-oxid) 200 mg; Réz (réz(II)-szulfát-pentahidrát) 11 mg; Mangán (mangán-dioxid) 16 mg; Jód (bevont, granulált, vízmentes kálcium-jodát) 3,40 mg; Szelén (nátrium-szelenit) 0,40 mg; Taurin 600 mg. Organoleptikus adalékanyagok: rozmaring kivonat, zöld tea kivonat. Antioxidáns: természetes eredetű tokoferolban gazdag kivonat. Tovább olvasok"}
{"breadcrumb": "Főoldal/Kutya/Eledelek/Száraz eledelek/Alleva Holistic száraz kutyaeledel medium&maxi bárány&vadhús 12kg", "product_name": "Alleva Holistic száraz kutyaeledel medium&maxi bárány&vadhús 12kgAlleva Holistic száraz kutyaeledel medium&maxi bárány&vadhús 12kg", "brand": "ALLEVAHolistic10,1 – 12kgFelnőttvegyesgluténmentesközepes testű 11-25kg, nagytestű 26kg-tól", "regular_price": "43 199", "selling_price": "36 719", "price_per_unit": "1 kg=3060 Ft", "product_url": "https://webshop.fressnapf.hu/termekek/alleva-holistic-szaraz-kutyaeledel-mediummaxi-baranyvadhus-12kg/", "product_description": "Bárányhúst, vadhúst, kendert és ginzenget tartalmazó gabonamentes táp, közepes és nagytestű felnőtt kutyák számára. Összetétel: Szárított bárányhús (30%), friss bárányhús (20%), szárított vadhús (10%), édesburgonya, csirkezsír, borsókeményítő, borsórost, halolaj, csirkemáj, cikóriagyökér (inulin- és frukto-oligoszacharid forrás), útifű, szárított inaktivált sörélesztő (mannán-oligoszacharid forrás), kálium-karbonát, glükózamin, kondroitin-szulfát, Cannabis sativa (csúcslevelek 0,10%, virágzat 0,005%), ginzeng gyökér (Panax ginseng) (0,10%), rozmaring (Rosmarinus officinalis), kurkuma (Curcuma longa), szegfűszeg (Eugenia caryophyllus), citrom (Citrus sp.) (0,05%), jukkalé. Beltartalmi összetevők: Nyersfehérje 34,00%; Nyerszsír 16,00%; Nyersrost 3,00%; Nedvességtartalom 9,00%; Nyershamu 8,50%; Keményítő 22,00%; Kalcium 1,60%; Foszfor 1,10%; Nátrium 0,45%; Omega-6 2,20%; Omega-3 1,30%; DHA 0,40%; EPA 0,60%; Glükózamin 1300 mg/kg; Kondroitin-szulfát: 1100 mg/kg; Metabolizálható energia (CEN): 3760 kcal/kg; 15,8 MJ/kg, aminek 33%-a fehérjéből, 38%-a pedig zsírból származik. Tápértékkel rendelkező adalékanyagok/kg: A Vitamin 24.000 NE; D3 Vitamin 1.320 NE; E Vitamin 720 mg; B1 Vitamin 9,60 mg; B2 Vitamin 60 mg; B6 Vitamin 60 mg; B12 Vitamin 0,12 mg; Niacinamid 168 mg; Biotin 9,60 mg; Folsav 2,40 mg; Kálcium-pantotenát-D 60 mg; C Vitamin 180 mg; Béta-karotin 60 mg; Kolin-klorid 1.700 mg; Cink ( cink metionin-hidroxi-analóg kelát ) 120 mg; Mangán (Mangán metionin hidroxi-analóg kelát) 30 mg; Vas ( aminosavak vas-kelátja, hidrát ) 120 mg; Réz ( Réz metionin-hidroxi-analóg kelát ) 12 mg; Szelén ( Saccharomyces cerevisiae által gyártott szerves szelén CNCM I-3399) 0,50 mg; DL-metionin 3.000 mg; Taurine 1.000 mg; L-Karnitin 500 mg. Organoleptikus adalékanyagok: rozmaring kivonat, zöld tea kivonat. Antioxidáns: természetes eredetű tokoferolban gazdag kivonat. Tovább olvasok"}
{"breadcrumb": "Főoldal/Kutya/Eledelek/Száraz eledelek/Alleva Holistic száraz kutyaeledel medium&maxi bárány&vadhús 2kg", "product_name": "Alleva Holistic száraz kutyaeledel medium&maxi bárány&vadhús 2kgAlleva Holistic száraz kutyaeledel medium&maxi bárány&vadhús 2kg", "brand": "ALLEVAHolistic1,1kg – 4kgFelnőttvegyesgluténmentesközepes testű 11-25kg, nagytestű 26kg-tól", "regular_price": "10 999", "selling_price": "9 349", "price_per_unit": "1 kg=4675 Ft", "product_url": "https://webshop.fressnapf.hu/termekek/alleva-holistic-szaraz-kutyaeledel-mediummaxi-baranyvadhus-2kg/", "product_description": "Bárányhúst, vadhúst, kendert és ginzenget tartalmazó gabonamentes táp, közepes és nagytestű felnőtt kutyák számára. Összetétel: Szárított bárányhús (30%), friss bárányhús (20%), szárított vadhús (10%), édesburgonya, csirkezsír, borsókeményítő, borsórost, halolaj, csirkemáj, cikóriagyökér (inulin- és frukto-oligoszacharid forrás), útifű, szárított inaktivált sörélesztő (mannán-oligoszacharid forrás), kálium-karbonát, glükózamin, kondroitin-szulfát, Cannabis sativa (csúcslevelek 0,10%, virágzat 0,005%), ginzeng gyökér (Panax ginseng) (0,10%), rozmaring (Rosmarinus officinalis), kurkuma (Curcuma longa), szegfűszeg (Eugenia caryophyllus), citrom (Citrus sp.) (0,05%), jukkalé. Beltartalmi összetevők: Nyersfehérje 34,00%; Nyerszsír 16,00%; Nyersrost 3,00%; Nedvességtartalom 9,00%; Nyershamu 8,50%; Keményítő 22,00%; Kalcium 1,60%; Foszfor 1,10%; Nátrium 0,45%; Omega-6 2,20%; Omega-3 1,30%; DHA 0,40%; EPA 0,60%; Glükózamin 1300 mg/kg; Kondroitin-szulfát: 1100 mg/kg; Metabolizálható energia (CEN): 3760 kcal/kg; 15,8 MJ/kg, aminek 33%-a fehérjéből, 38%-a pedig zsírból származik. Tápértékkel rendelkező adalékanyagok/kg: A Vitamin 24.000 NE; D3 Vitamin 1.320 NE; E Vitamin 720 mg; B1 Vitamin 9,60 mg; B2 Vitamin 60 mg; B6 Vitamin 60 mg; B12 Vitamin 0,12 mg; Niacinamid 168 mg; Biotin 9,60 mg; Folsav 2,40 mg; Kálcium-pantotenát-D 60 mg; C Vitamin 180 mg; Béta-karotin 60 mg; Kolin-klorid 1.700 mg; Cink ( cink metionin-hidroxi-analóg kelát ) 120 mg; Mangán (Mangán metionin hidroxi-analóg kelát) 30 mg; Vas ( aminosavak vas-kelátja, hidrát ) 120 mg; Réz ( Réz metionin-hidroxi-analóg kelát ) 12 mg; Szelén ( Saccharomyces cerevisiae által gyártott szerves szelén CNCM I-3399) 0,50 mg; DL-metionin 3.000 mg; Taurine 1.000 mg; L-Karnitin 500 mg. Organoleptikus adalékanyagok: rozmaring kivonat, zöld tea kivonat. Antioxidáns: természetes eredetű tokoferolban gazdag kivonat. Tovább olvasok"}
{"breadcrumb": "Főoldal/Kutya/Eledelek/Száraz eledelek/Alleva Holistic száraz kutyaeledel medium&maxi hal 2kg", "product_name": "Alleva Holistic száraz kutyaeledel medium&maxi hal 2kgAlleva Holistic száraz kutyaeledel medium&maxi hal 2kg", "brand": "ALLEVAHolistic1,1kg – 4kgFelnőtthal&tenger gyümölcseigluténmentesközepes testű 11-25kg, nagytestű 26kg-tól", "regular_price": "10 999", "selling_price": "9 349", "price_per_unit": "1 kg=4675 Ft", "product_url": "https://webshop.fressnapf.hu/termekek/alleva-holistic-szaraz-kutyaeledel-mediummaxi-hal-2kg/", "product_description": "Tengeri halat, kendert és aloe verát tartalmazó gabonamentes táp közepes és nagytestű felnőtt kutyák számára. Összetétel: Szárított tengeri hal (40%), friss tengeri hal (20%), édesburgonya, halolaj, borsókeményítő, borsórost, cikóriagyökér (inulin- és frukto-oligoszacharid forrás), útifű, szárított inaktivált sörélesztő (mannán-oligoszacharid forrás), zöldajkú kagyló (Perna canaliculus, glükózamin forrás), dikálcium-foszfát, kondroitin-szulfát, Cannabis sativa (csúcslevelek 0,10%, virágzat 0,005%), Aloe vera (0,10%), rozmaring (Rosmarinus officinalis), kurkuma (Curcuma longa), szegfűszeg (Eugenia caryophyllus), citrom (Citrus sp.) (0,05%), jukkalé. Beltartalmi összetevők: Nyersfehérje 34,00%; Nyerszsír 16,00%; Nyersrost 3,00%; Nedvességtartalom 9,00%; Nyershamu 8,40%; Keményítő 24,00%; Kalcium 1,50%; Foszfor 1,20%; Nátrium 0,55%; Omega-6 1,70%; Omega-3 2,40%; DHA 0,60%; EPA 0,90%; Glükózamin 1000 mg/kg; Kondroitin-szulfát: 1100 mg/kg; Metabolizálható energia (CEN): 3764 kcal/kg; 15,8 MJ/kg, aminek 33%-a fehérjéből, 38%-a pedig zsírból származik. Tápértékkel rendelkező adalékanyagok/kg: A Vitamin 24.000 NE; D3 Vitamin 1.320 NE; E Vitamin 720 mg; B1 Vitamin 9,60 mg; B2 Vitamin 60 mg; B6 Vitamin 60 mg; B12 Vitamin 0,12 mg; Niacinamid 168 mg; Biotin 9,60 mg; Folsav 2,40 mg; Kálcium-pantotenát-D 60 mg; C Vitamin 180 mg; Béta-karotin 60 mg; Kolin-klorid 1.700 mg; Cink ( cink metionin-hidroxi-analóg kelát ) 120 mg; Mangán (Mangán metionin hidroxi-analóg kelát) 30 mg; Vas ( aminosavak vas-kelátja, hidrát ) 120 mg; Réz ( Réz metionin-hidroxi-analóg kelát ) 12 mg; Szelén ( Saccharomyces cerevisiae által gyártott szerves szelén CNCM I-3399) 0,50 mg; DL-metionin 3.000 mg; Taurine 1.000 mg; L-Karnitin 500 mg. Organoleptikus adalékanyagok: rozmaring kivonat, zöld tea kivonat. Antioxidáns: természetes eredetű tokoferolban gazdag kivonat. Tovább olvasok"}
{"breadcrumb": "Főoldal/Kutya/Eledelek/Száraz eledelek/Alleva Holistic száraz kutyaeledel mini adult hal 2kg", "product_name": "Alleva Holistic száraz kutyaeledel mini adult hal 2kgAlleva Holistic száraz kutyaeledel mini adult hal 2kg", "brand": "ALLEVAHolistic1,1kg – 4kgFelnőtthal&tenger gyümölcseigluténmenteskistestű 10kg-ig", "regular_price": "10 999", "selling_price": "9 349", "price_per_unit": "1 kg=4675 Ft", "product_url": "https://webshop.fressnapf.hu/termekek/alleva-holistic-szaraz-kutyaeledel-mini-adult-hal-2kg/", "product_description": "Tengeri halat, kendert és aloe verát tartalmazó gabonamentes táp kistermetű felnőtt kutyák számára. Összetétel: Szárított tengeri hal (45%), friss tengeri hal (20%), édesburgonya, halolaj, borsókeményítő, borsórost, cikóriagyökér (inulin- és frukto-oligoszacharid forrás), útifű, szárított inaktivált sörélesztő (mannán-oligoszacharid forrás), zöldajkú kagyló (Perna canaliculus, glükózamin forrás), dikálcium-foszfát, kondroitin-szulfát, Cannabis sativa (csúcslevelek 0,10%, virágzat 0,005%), Aloe vera (0,10%), rozmaring (Rosmarinus officinalis), kurkuma (Curcuma longa), szegfűszeg (Eugenia caryophyllus), citrom (Citrus sp.) (0,05%), jukkalé. Beltartalmi összetevők: Nyersfehérje 36,00%; Nyerszsír 18,00%; Nyersrost 2,50%; Nedvességtartalom 9,00%; Nyershamu 8,50%; Keményítő 23,00%; Kalcium 1,50%; Foszfor 1,30%; Nátrium 0,65%; Omega-6 1,80%; Omega-3 2,50%; DHA 0,70%; EPA 0,90%; Glükózamin 1000 mg/kg; Kondroitin-szulfát: 1100 mg/kg. Metabolizálható energia (CEN): 3897 kcal/kg; 16,3 MJ/kg, aminek 34%-a fehérjéből, 42%-a pedig zsírból származik. Tápértékkel rendelkező adalékanyagok/kg: A Vitamin 24.000 NE; D3 Vitamin 1.320 NE; E Vitamin 720 mg; B1 Vitamin 9,60 mg; B2 Vitamin 60 mg; B6 Vitamin 60 mg; B12 Vitamin 0,12 mg; Niacinamid 168 mg; Biotin 9,60 mg; Folsav 2,40 mg; Kálcium-pantotenát-D 60 mg; C Vitamin 180 mg; Béta-karotin 60 mg; Kolin-klorid 1.700 mg; Cink ( cinkmetionin-hidroxi-analóg kelát ) 120 mg; Mangán (Mangán metionin hidroxi-analóg kelát) 30 mg; Vas ( aminosavak vas-kelátja, hidrát ) 120 mg; Réz ( Réz metionin-hidroxi-analóg kelát ) 12 mg; Szelén ( Saccharomyces cerevisiae által gyártott szerves szelén CNCM I-3399) 0,50 mg; DL-metionin 3.000 mg; Taurin 1.000 mg; L-Karnitin 500 mg. Organoleptikus adalékanyagok: rozmaring kivonat, zöld tea kivonat. Antioxidáns: természetes eredetű tokoferolban gazdag kivonat. Tovább olvasok"}
{"breadcrumb": "Főoldal/Kutya/Eledelek/Száraz eledelek/Alleva Holistic száraz kutyaeledel mini bárány&vad 12kg", "product_name": "Alleva Holistic száraz kutyaeledel mini bárány&vad 12kgAlleva Holistic száraz kutyaeledel mini bárány&vad 12kg", "brand": "ALLEVAHolistic10,1 – 12kgFelnőttvegyesgluténmenteskistestű 10kg-ig", "regular_price": "43 199", "selling_price": "36 719", "price_per_unit": "1 kg=3060 Ft", "product_url": "https://webshop.fressnapf.hu/termekek/alleva-holistic-szaraz-kutyaeledel-mini-baranyvad-12kg/", "product_description": "Bárányhúst, vadhúst, kendert és ginzenget tartalmazó gabonamentes táp kistestű felnőtt kutyák számára. Összetétel: Szárított bárányhús (35%), friss bárányhús (20%), szárított vadhús (10%), édesburgonya, csirkezsír, borsókeményítő, borsórost, halolaj, csirkemáj, cikóriagyökér (inulin- és frukto-oligoszacharid forrás), útifű, szárított inaktivált sörélesztő (mannán-oligoszacharid forrás), kálium-karbonát, glükózamin, kondroitin-szulfát, Cannabis sativa (csúcslevelek 0,10%, virágzat 0,005%), ginzeng gyökér (Panax ginseng) (0,10%), rozmaring (Rosmarinus officinalis), kurkuma (Curcuma longa), szegfűszeg (Eugenia caryophyllus), citrom (Citrus sp.) (0,05%), jukkalé. Beltartalmi összetevők: Nyersfehérje 35,00%; Nyerszsír 18,00%; Nyersrost 3,00%; Nedvességtartalom 9,00%; Nyershamu 8,60%; Keményítő 20,00%; Kalcium 1,70%; Foszfor 1,20%; Nátrium 0,50%; Omega-6 2,30%; Omega-3 1,30%; DHA 0,40%; EPA 0,60%; Glükózamin 1300 mg/kg; Kondroitin-szulfát: 1100 mg/kg; Metabolizálható energia (CEN): 3851 kcal/kg; 16,1 MJ/kg, aminek 33%-a fehérjéből, 42%-a pedig zsírból származik. Tápértékkel rendelkező adalékanyagok/kg: A Vitamin 24.000 NE; D3 Vitamin 1.320 NE; E Vitamin 720 mg; B1 Vitamin 9,60 mg; B2 Vitamin 60 mg; B6 Vitamin 60 mg; B12 Vitamin 0,12 mg; Niacinamid 168 mg; Biotin 9,60 mg; Folsav 2,40 mg; Kálcium-pantotenát-D 60 mg; C Vitamin 180 mg; Béta-karotin 60 mg; Kolin-klorid 1.700 mg; Cink ( cinkmetionin-hidroxi-analóg kelát ) 120 mg; Mangán (Mangán metionin hidroxi-analóg kelát) 30 mg; Vas ( aminosavak vas-kelátja, hidrát ) 120 mg; Réz ( Réz metionin-hidroxi-analóg kelát ) 12 mg; Szelén ( Saccharomyces cerevisiae által gyártott szerves szelén CNCM I-3399) 0,50 mg; DL-metionin 3.000 mg; Taurin 1.000 mg; L-Karnitin 500 mg. Organoleptikus adalékanyagok: rozmaring kivonat, zöld tea kivonat. Antioxidáns: természetes eredetű tokoferolban gazdag kivonat. Tovább olvasok"}
{"breadcrumb": "Főoldal/Kutya/Eledelek/Száraz eledelek/Alleva Holistic száraz kutyaeledel mini bárány&vad 2kg", "product_name": "Alleva Holistic száraz kutyaeledel mini bárány&vad 2kgAlleva Holistic száraz kutyaeledel mini bárány&vad 2kg", "brand": "ALLEVAHolistic1,1kg – 4kgFelnőttvegyesgluténmenteskistestű 10kg-ig", "regular_price": "10 999", "selling_price": "9 349", "price_per_unit": "1 kg=4675 Ft", "product_url": "https://webshop.fressnapf.hu/termekek/alleva-holistic-szaraz-kutyaeledel-mini-baranyvad-2kg/", "product_description": "Bárányhúst, vadhúst, kendert és ginzenget tartalmazó gabonamentes táp kistestű felnőtt kutyák számára. Összetétel: Szárított bárányhús (35%), friss bárányhús (20%), szárított vadhús (10%), édesburgonya, csirkezsír, borsókeményítő, borsórost, halolaj, csirkemáj, cikóriagyökér (inulin- és frukto-oligoszacharid forrás), útifű, szárított inaktivált sörélesztő (mannán-oligoszacharid forrás), kálium-karbonát, glükózamin, kondroitin-szulfát, Cannabis sativa (csúcslevelek 0,10%, virágzat 0,005%), ginzeng gyökér (Panax ginseng) (0,10%), rozmaring (Rosmarinus officinalis), kurkuma (Curcuma longa), szegfűszeg (Eugenia caryophyllus), citrom (Citrus sp.) (0,05%), jukkalé. Beltartalmi összetevők: Nyersfehérje 35,00%; Nyerszsír 18,00%; Nyersrost 3,00%; Nedvességtartalom 9,00%; Nyershamu 8,60%; Keményítő 20,00%; Kalcium 1,70%; Foszfor 1,20%; Nátrium 0,50%; Omega-6 2,30%; Omega-3 1,30%; DHA 0,40%; EPA 0,60%; Glükózamin 1300 mg/kg; Kondroitin-szulfát: 1100 mg/kg; Metabolizálható energia (CEN): 3851 kcal/kg; 16,1 MJ/kg, aminek 33%-a fehérjéből, 42%-a pedig zsírból származik. Tápértékkel rendelkező adalékanyagok/kg: A Vitamin 24.000 NE; D3 Vitamin 1.320 NE; E Vitamin 720 mg; B1 Vitamin 9,60 mg; B2 Vitamin 60 mg; B6 Vitamin 60 mg; B12 Vitamin 0,12 mg; Niacinamid 168 mg; Biotin 9,60 mg; Folsav 2,40 mg; Kálcium-pantotenát-D 60 mg; C Vitamin 180 mg; Béta-karotin 60 mg; Kolin-klorid 1.700 mg; Cink ( cinkmetionin-hidroxi-analóg kelát ) 120 mg; Mangán (Mangán metionin hidroxi-analóg kelát) 30 mg; Vas ( aminosavak vas-kelátja, hidrát ) 120 mg; Réz ( Réz metionin-hidroxi-analóg kelát ) 12 mg; Szelén ( Saccharomyces cerevisiae által gyártott szerves szelén CNCM I-3399) 0,50 mg; DL-metionin 3.000 mg; Taurin 1.000 mg; L-Karnitin 500 mg. Organoleptikus adalékanyagok: rozmaring kivonat, zöld tea kivonat. Antioxidáns: természetes eredetű tokoferolban gazdag kivonat. Tovább olvasok"}
{"breadcrumb": "Főoldal/Kutya/Eledelek/Száraz eledelek/Alleva Holistic száraz kutyaeledel mini puppy hal 2kg", "product_name": "Alleva Holistic száraz kutyaeledel mini puppy hal 2kgAlleva Holistic száraz kutyaeledel mini puppy hal 2kg", "brand": "ALLEVAHolistic1,1kg – 4kgKölyökhal&tenger gyümölcseigluténmenteskistestű 10kg-ig", "regular_price": "10 999", "selling_price": "9 349", "price_per_unit": "1 kg=4675 Ft", "product_url": "https://webshop.fressnapf.hu/termekek/alleva-holistic-szaraz-kutyaeledel-mini-puppy-hal-2kg/", "product_description": "Tengeri halat, kendert és aloe verát tartalmazó gabonamentes táp kistermetű kölyök kutyák számára. Összetétel: Szárított tengeri hal (50%), friss tengeri hal (20%), édesburgonya, halolaj, borsókeményítő, cikóriagyökér (inulin- és frukto-oligoszacharid forrás), borsórost, útifű, szárított inaktivált sörélesztő (mannán-oligoszacharid forrás), zöldajkú kagyló (Perna canaliculus, glükózamin forrás), dikálcium-foszfát, Cannabis sativa (csúcslevelek 0,10%, virágzat 0,005%), Aloe vera (0,10%), rozmaring (Rosmarinus officinalis), kurkuma (Curcuma longa), szegfűszeg (Eugenia caryophyllus), citrom (Citrus sp.) (0,05%), jukkalé. Beltartalmi összetevők: Nyersfehérje 36,00%; Nyerszsír 20,00%; Nyersrost 1,40%; Nedvességtartalom 9,00%; Nyershamu 8,70%; Keményítő 22,00%; Kalcium 1,70%; Foszfor 1,30%; Nátrium 0,70%; Omega-6 1,70%; Omega-3 2,80%; DHA 0,90%; EPA 1,10%; Glükózamin 1000 mg/kg. Metabolizálható energia (CEN): 4070 kcal/kg; 17 MJ/kg, aminek 33%-a fehérjéből, 45%-a pedig zsírból származik. Tápértékkel rendelkező adalékanyagok/kg: A Vitamin 24.000 NE; D3 Vitamin 1.320 NE; E Vitamin 720 mg; B1 Vitamin 9,60 mg; B2 Vitamin 60 mg; B6 Vitamin 60 mg; B12 Vitamin 0,12 mg; Niacinamid 168 mg; Biotin 9,60 mg; Folsav 2,40 mg; Kálcium-pantotenát-D 60 mg; C Vitamin 180 mg; Béta-karotin 60 mg; Kolin-klorid 2.500 mg; Cink ( cink metionin-hidroxi-analóg kelát ) 120 mg; Mangán (Mangán metionin hidroxi-analóg kelát) 30 mg; Vas ( aminosavak vas-kelátja, hidrát ) 120 mg; Réz ( Réz metionin-hidroxi-analóg kelát ) 12 mg; Szelén ( Saccharomyces cerevisiae által gyártott szerves szelén CNCM I-3399) 0,50 mg; DL-metionin 3.000 mg; Taurin 1.000 mg; L-Karnitin 500 mg. Organoleptikus adalékanyagok: rozmaring kivonat, zöld tea kivonat. Antioxidáns: természetes eredetű tokoferolban gazdag kivonat. Tovább olvasok"}
{"breadcrumb": "Főoldal/Kutya/Eledelek/Száraz eledelek/Alleva Natural száraz kutyaeledel medium&maxi bárány 2kg", "product_name": "Alleva Natural száraz kutyaeledel medium&maxi bárány 2kgAlleva Natural száraz kutyaeledel medium&maxi bárány 2kg", "brand": "ALLEVANatural1,1kg – 4kgFelnőttjuh&bárány&kecskegluténmentesközepes testű 11-25kg, nagytestű 26kg-tól", "regular_price": "8 999", "selling_price": "7 649", "price_per_unit": "1 kg=3825 Ft", "product_url": "https://webshop.fressnapf.hu/termekek/alleva-natural-szaraz-kutyaeledel-mediummaxi-barany-2kg/", "product_description": "Bárányhúst és sütőtököt tartalmazó gluténmentes táp közepes és nagytestű felnőtt kutyák számára. Összetétel: Szárított bárányhús (30%), friss bárányhús (20%), barna rizs, csirkezsír, borsókeményítő, szárított sütőtök (5%), szárított céklaszelet, halolaj, csirkemáj, cikóriagyökér (inulin- és frukto-oligoszacharid forrás), szárított inaktivált sörélesztő (mannán-oligoszacharid forrás), dikálcium-foszfát, kálium-karbonát, glükózamin, kondroitin-szulfát, jukkalé. Beltartalmi összetevők: Nyersfehérje 26,00%; Nyerszsír 16,00%; Nyersrost 2,00%; Nyershamu 7,00%; Kálcium 1,20%; Foszfor 0,80%; Omega-6 2,00%; Omega-3 0,50%; Glükózamin 1000 mg/kg; Kondroitin-szulfát: 800 mg/kg; Metabolizálható energia (CEN): 3860 kcal/kg; 16,2 MJ/kg. Tápértékkel rendelkező adalékanyagok/kg: A Vitamin A 17.200 NE; D3 Vitamin 1.000 NE; E Vitamin 300 mg; B1 Vitamin 8 mg; B2 Vitamin 24 mg; B6 Vitamin 14 mg; B12 Vitamin 0,10 mg; Niacin 92 mg; Biotin 0,40 mg; Folsav 1,80 mg; Kolin-klorid 1.700 mg; Cink (cink-szulfát-monohidrát) 96 mg; Vas (vas (II)-szulfát-monohidrát) 96 mg; Réz (Réz (II)-szulfát pentahidrát) 13,2 mg; Jód (granuláttal bevont vízmentes kalcium-jodát) 0,64 mg; Szelén (nátrium-szelenit) 0,50 mg; DL-metionin 2.500 mg; Taurin 1.000 mg; L-Karnitin 500 mg. Organoleptikus adalékanyagok: rozmaring kivonat, zöld tea kivonat. Antioxidáns: természetes eredetű tokoferolban gazdag kivonat. Tovább olvasok"}
{"breadcrumb": "Főoldal/Kutya/Eledelek/Száraz eledelek/Alleva Natural száraz kutyaeledel medium&maxi hal 2kg", "product_name": "Alleva Natural száraz kutyaeledel medium&maxi hal 2kgAlleva Natural száraz kutyaeledel medium&maxi hal 2kg", "brand": "ALLEVANatural1,1kg – 4kgFelnőtthal&tenger gyümölcseigluténmentesközepes testű 11-25kg, nagytestű 26kg-tól", "regular_price": "8 999", "selling_price": "7 649", "price_per_unit": "1 kg=3825 Ft", "product_url": "https://webshop.fressnapf.hu/termekek/alleva-natural-szaraz-kutyaeledel-mediummaxi-hal-2kg/", "product_description": "Tengeri halat és sütőtököt tartalmazó gluténmentes táp közepes és nagytestű felnőtt kutyák számára. Összetétel: Szárított tengeri hal (30%), friss tengeri hal (20%), barna rizs, halolaj, borsókeményítő, szárított sütőtök (5%), szárított céklaszelet, cikóriagyökér (inulin- és frukto-oligoszacharid forrás), szárított inaktivált sörélesztő (mannán-oligoszacharid forrás), dikálcium-foszfát, kálium-karbonát, glükózamin, kondroitin-szulfát, jukkalé. Beltartalmi összetevők: Nyersfehérje 26,00%; Nyerszsír 16,00%; Nyersrost 2,00%; Nyershamu 7,20%; Kalcium 1,50%; Foszfor 1,20%; Omega-6 1,90%; Omega-3 1,50%; Glükózamin 1000 mg/kg; Kondroitin-szulfát: 800 mg/kg; Metabolizálható energia (CEN): 3850 kcal/kg; 16,2 MJ/kg. Tápértékkel rendelkező adalékanyagok/kg: A Vitamin 17.200 NE; D3 Vitamin 1.000 NE; E Vitamin 300 mg; B1 Vitamin 8 mg; B2 Vitamin 24 mg; B6 Vitamin 14 mg; B12 Vitamin 0,10 mg; Niacin 92 mg; Biotin 0,40 mg; Folsav 1,80 mg; Kolin-klorid 1.700 mg; Cink (cink-szulfát-monohidrát) 96 mg; Vas (vas (II)-szulfát-monohidrát) 96 mg; Réz (Réz(II)-szulfát pentahidrát) 13,2 mg; Jód (granuláttal bevont vízmentes kalcium-jodát) 0,64 mg; Szelén (nátrium-szelenit) 0,50 mg; DL-metionin 2.500 mg; Taurin 1.000 mg; L-Karnitin 500 mg. Organoleptikus adalékanyagok: rozmaring kivonat, zöld tea kivonat. Antioxidáns: természetes eredetű tokoferolban gazdag kivonat. Tovább olvasok"}
{"breadcrumb": "Főoldal/Kutya/Eledelek/Száraz eledelek/Alleva Natural száraz kutyaeledel mini bárány&sütőtök 2kg", "product_name": "Alleva Natural száraz kutyaeledel mini bárány&sütőtök 2kgAlleva Natural száraz kutyaeledel mini bárány&sütőtök 2kg", "brand": "ALLEVANatural1,1kg – 4kgFelnőttjuh&bárány&kecskegluténmenteskistestű 10kg-ig", "regular_price": "8 999", "selling_price": "7 649", "price_per_unit": "1 kg=3825 Ft", "product_url": "https://webshop.fressnapf.hu/termekek/alleva-natural-szaraz-kutyaeledel-mini-baranysutotok-2kg/", "product_description": "Bárányhúst és sütőtököt tartalmazó gluténmentes táp kistestű felnőtt kutyák számára. Összetétel: Szárított bárányhús (35%), friss bárányhús (20%), barna rizs, csirkezsír, borsókeményítő, szárított sütőtök (5%), szárított céklaszelet, halolaj, csirkemáj, cikóriagyökér (inulin- és frukto-oligoszacharid forrás), szárított inaktivált sörélesztő (mannán-oligoszacharid forrás), dikálcium-foszfát, kálium-karbonát, glükózamin, kondroitin-szulfát, jukkalé. Beltartalmi összetevők: Nyersfehérje 28,00%; Nyerszsír 18,00%; Nyersrost 2,00%; Nyershamu 7,00%; Kalcium 1,20%; Foszfor 0,80%; Omega-6 2,20%; Omega-3 0,50%; Glükózamin 1000 mg/kg; Kondroitin-szulfát: 800 mg/kg; Metabolizálható energia (CEN): 3960 kcal/kg; 16,6 MJ/kg. Tápértékkel rendelkező adalékanyagok/kg: A Vitamin 17.200 NE; D3 Vitamin 1.000 NE; E Vitamin 300 mg; B1 Vitamin 8 mg; B2 Vitamin 24 mg; B6 Vitamin 14 mg; B12 Vitamin 0,10 mg; Niacin 92 mg; Biotin 0,40 mg; Folsav 1,80 mg; Kolin-klorid 1.700 mg; Cink (cink-szulfát-monohidrát) 96 mg; Vas (vas (II)-szulfát-monohidrát) 96 mg; Réz (Réz (II)-szulfát pentahidrát) 13,2 mg; Jód (granuláttal bevont vízmentes kalcium-jodát) 0,64 mg; Szelén (nátrium-szelenit) 0,50 mg; DL-metionin 2.500 mg; Taurin 1.000 mg; L-Karnitin 500 mg. Organoleptikus adalékanyagok: rozmaring kivonat, zöld tea kivonat. Antioxidáns: természetes eredetű tokoferolban gazdag kivonat. Tovább olvasok"}
{"breadcrumb": "Főoldal/Kutya/Eledelek/Száraz eledelek/Alleva Natural száraz kutyaeledel mini hal&sütőtök 2kg", "product_name": "Alleva Natural száraz kutyaeledel mini hal&sütőtök 2kgAlleva Natural száraz kutyaeledel mini hal&sütőtök 2kg", "brand": "ALLEVANatural1,1kg – 4kgFelnőtthal&tenger gyümölcseigluténmenteskistestű 10kg-ig", "regular_price": "8 999", "selling_price": "7 649", "price_per_unit": "1 kg=3825 Ft", "product_url": "https://webshop.fressnapf.hu/termekek/alleva-natural-szaraz-kutyaeledel-mini-halsutotok-2kg/", "product_description": "Tengeri halat és sütőtököt tartalmazó gluténmentes táp kistestű felnőtt kutyák számára. Összetétel: Szárított tengeri hal (32%), friss tengeri hal (20%), barna rizs, halolaj, borsókeményítő, szárított sütőtök (5%), szárított céklaszelet, cikóriagyökér (inulin- és frukto-oligoszacharid forrás), szárított inaktivált sörélesztő (mannán-oligoszacharid forrás), dikálcium-foszfát, kálium-karbonát, glükózamin, kondroitin-szulfát, jukkalé. Beltartalmi összetevők: Nyersfehérje 27,00%; Nyerszsír 17,00%; Nyersrost 2,00%; Nyershamu 7,40%; Kalcium 1,60%; Foszfor 1,20%; Omega-6 2,00%; Omega-3 1,70%; Glükózamin 1000 mg/kg; Kondroitin-szulfát: 800 mg/kg; Metabolizálható energia (CEN): 3900 kcal/kg; 16,4 MJ/kg. Tápértékkel rendelkező adalékanyagok/kg: A Vitamin 17.200 NE; D3 Vitamin 1.000 NE; E Vitamin 300 mg; B1 Vitamin 8 mg; B2 Vitamin 24 mg; B6 Vitamin 14 mg; B12 Vitamin 0,10 mg; Niacin 92 mg; Biotin 0,40 mg; Folsav 1,80 mg; Kolin-klorid 1.700 mg; Cink (cink-szulfát-monohidrát) 96 mg; Vas (vas (II)-szulfát-monohidrát) 96 mg; Réz (Réz(II)-szulfát pentahidrát) 13,2 mg; Jód (granuláttal bevont vízmentes kalcium-jodát) 0,64 mg; Szelén (nátrium-szelenit) 0,50 mg; DL-metionin 2.500 mg; Taurin 1.000 mg; L-Karnitin 500 mg. Organoleptikus adalékanyagok: rozmaring kivonat, zöld tea kivonat. Antioxidáns: természetes eredetű tokoferolban gazdag kivonat. Tovább olvasok"}
{"breadcrumb": "Főoldal/Kutya/Eledelek/Gyógyhatású eledelek/Animonda Integra kutya tálka vesekímélő csirke 11x150g", "product_name": "Animonda Integra kutya tálka vesekímélő csirke 11x150gAnimonda Integra kutya tálka vesekímélő csirke 11x150g", "brand": "AnimondaIntegra101g – 200gFelnőttszárnyastálkavesekímélő", "regular_price": "6589", "selling_price": "", "price_per_unit": "599 Ft", "product_url": "https://webshop.fressnapf.hu/termekek/animonda-integra-kutya-talka-vesekimelo-csirke-150g/", "product_description": "Az Animonda Integra Protect Nieren alutálkás egy nedves gyógytáp, veseelégtelenségben szenvedő kutyák számára. Jellemzők: – Az INTEGRA PROTECT Nieren-t kifejezetten krónikus veseelégtelenségben szenvedő kutyák számára fejlesztették ki. – A lényegesen alacsonyabb fehérjebevitel csökkenti a kiválasztandó fehérje lebomlási termékek mennyiségét. – A foszfortartalom egyidejű csökkentése késlelteti a veseműködés progresszív csökkenését. Ez fenntarthatóan javítja a kutya állapotát és meghosszabbíthatja a várható élettartamát. – Nem tartalmaz gabonát, ezért alkalmas táplálék intoleranciával rendelkező kutyák számára. Összetétel: Hús és állati melléktermékek (22% csirke, sertés), zöldségek (burgonya), olajok és zsírok (repceolaj), növényi melléktermékek, ásványi anyagok. Fehérjeforrások: csirke, sertéshús. Tovább olvasok"}
{"breadcrumb": "Főoldal/Kutya/Eledelek/Gyógyhatású eledelek/Animonda Integra száraz kutyaeledel emésztőrendszeri problémára 700g", "product_name": "Animonda Integra száraz kutyaeledel emésztőrendszeri problémára 700gAnimonda Integra száraz kutyaeledel emésztőrendszeri problémára 700g", "brand": "AnimondaIntegra601g – 800gFelnőttszárnyaskímélő étrend", "regular_price": "2299", "selling_price": "", "price_per_unit": "1 KG=3284 Ft", "product_url": "https://webshop.fressnapf.hu/termekek/animonda-integra-szaraz-kutyaeledel-emesztorendszeri-problemara-700g/", "product_description": "Az Animonda Integra Protect Intestinal egy száraz gyógytáp, táplálék intoleranciás kutyák részére. Jellemzők: – Az INTEGRA® PROTECT Intestinal kifejezetten akut hasmenésű kutyák számára fejlesztették ki. – Nagyon emészthető, állati fehérjék és jól tolerálható szénhidrátok védik a gyomor-bélrendszert. – A megnövekedett elektrolittartalom kompenzálja a hányás és a hasmenés okozta veszteségeket. – Ha a kutyának egyidejűleg struvit vagy kalcium-oxalát kövei vannak, az INTEGRA PROTECT ebben is segíthet. A kiegyensúlyozott ásványi anyagtartalom a kutya vizeletének 6,6-os pH-ját biztosítja. Ezen a pH-n sem struvit, sem kalcium-oxalát kövek nem képesek kialakulni. Összetétel: Kukorica, baromfihús (alacsony hamutartalmú), rizs, hidrol, baromfifehérje, baromfimáj, teljes tojás (elválasztva), élesztő, baromfihús, marha faggyú, lazacolaj, répapép, zabrostok, fruktoligoszacharidok, lenmag, nátrium-klorid, kálium-karbonát, yucca schidigera. Könnyen emészthető takarmány: hidrol, baromfifehérje, rizs, alacsony hamutartalmú baromfiliszt, egész tojás (külön). Tovább olvasok"}
{"breadcrumb": "Főoldal/Kutya/Eledelek/Jutalomfalatok&rágcsák/Animonda Meat chunks kutya jutalomfalat marha 80g", "product_name": "Animonda Meat chunks kutya jutalomfalat marha 80gAnimonda Meat chunks kutya jutalomfalat marha 80g", "brand": "AnimondaMeat chunks0g – 100gFelnőttmarha&borjúgabonamentesszárított&természetes", "regular_price": "1399", "selling_price": "", "price_per_unit": "1 kg=17488 Ft", "product_url": "https://webshop.fressnapf.hu/termekek/animonda-meat-chunks-kutya-jutalomfalat-marha-80g/", "product_description": "Ízletes húsélmény két étkezés között. A felnőtt kutyáknak való snack 98% húsos összetevőből áll, és ezáltal ideális kiegészítésül szolgál a kiegyensúlyozott, fajnak megfelelő táplálékhoz. A Meat Chunks snackdarabkái csak egy állati fehérjeforrást tartalmaznak, és gabona, cukor valamint szója hozzáadása nélkül készülnek, így ilyen jellegű allergiával és intoleranciával küzdő, érzékeny kutyák számára is nagyszerű finomságnak bizonyulnak. -Ízletes snack felnőtt kutyák számára -Magas húsrészarány -Egyfajta állati fehérje -Gabona, cukor és szójaadalék nélkül, ízfokozók mellőzésével -Kíméletes előállítási mód: levegőn szárítva a finom aromák és értékes tápanyagok megőrzése érdekében Összetétel: Marhahús (54%), szárított marhafehérje (34%), marhamáj (10%). Analitikai összetevők: fehérje 51.5%,nyerszsír 19%, nyersrost 2%, hamu 4.3%, nedvesség 25% Tovább olvasok"}
{"breadcrumb": "Főoldal/Kutya/Eledelek/Nedves eledelek/Animonda vom Feinsten kutya tálka bárány&gabona 22x150g", "product_name": "Animonda vom Feinsten kutya tálka bárány&gabona 22x150gAnimonda vom Feinsten kutya tálka bárány&gabona 22x150g", "brand": "AnimondaVom Feinsten101g – 200gFelnőttjuh&bárány&kecsketálka", "regular_price": "8 994", "selling_price": "8 394", "price_per_unit": "549 Ft", "product_url": "https://webshop.fressnapf.hu/termekek/animonda-vom-feinsten-kutya-talka-baranygabona-22x150g/", "product_description": "Az Animonda vom Feinsten nedves kutyaeledel a legmagasabb szintű finom, egészséges és kiegyensúlyozott táplálkozást biztosítja az 1-6 éves felnőtt kutyák számára. A húsos összetevők gondos kiválasztása és minősége garantálja az egyedülálló kulináris élvezetet. Ez az ínyenc pástétom biztosítja az összes nélkülözhetetlen tápanyagot kedvence számára. Összetétel: 59% hús és állati származékok (baromfi, sertés, marhahús, 8% bárány), gabonafélék (4% búza), ásványi anyagok. Analitikai összetevők: Fehérje:10,5%, Zsír:4,5%, Nyersrost:0,4%, Nyershamu:2%, Nedvesség:81% Ásványi anyagok, vitaminok (kilogrammonként):\tD3-Vitamin:120 NE, E2-Vitamin:0,4 mg, E4-Vitamin:1 mg E5-Vitamin:1,7 mg, E6-Vitamin:26 mg Tovább olvasok"}
{"breadcrumb": "Főoldal/Kutya/Eledelek/Nedves eledelek/Animonda vom Feinsten kutya tálka marha&burgonya 22x150g", "product_name": "Animonda vom Feinsten kutya tálka marha&burgonya 22x150gAnimonda vom Feinsten kutya tálka marha&burgonya 22x150g", "brand": "AnimondaVom Feinsten101g – 200gFelnőttmarha&borjútálka", "regular_price": "8 994", "selling_price": "8 394", "price_per_unit": "549 Ft", "product_url": "https://webshop.fressnapf.hu/termekek/animonda-vom-feinsten-kutya-talka-marhaburgonya-22x150g/", "product_description": "Az Animonda vom Feinsten nedves kutyaeledel a legmagasabb szintű finom, egészséges és kiegyensúlyozott táplálkozást biztosítja az 1-6 éves felnőtt kutyák számára. A húsos összetevők gondos kiválasztása és minősége garantálja az egyedülálló kulináris élvezetet. Ez az ínyenc pástétom biztosítja az összes nélkülözhetetlen tápanyagot kedvence számára. Összetétel: 59% hús és állati származékok (35% marha, sertés), zöldségek (4% burgonya), ásványi anyagok. Analitikai összetevők: Fehérje:10,5%, Zsír:4,5%, Nyersrost:0,4%, Nyershamu:2%, Nedvesség:81% Ásványi anyagok, vitaminok (kilogrammonként):\tD3-Vitamin:120 NE, E2-Vitamin:0,4 mg, E4-Vitamin:1 mg E5-Vitamin:1,7 mg, E6-Vitamin:26 mg Tovább olvasok"}
{"breadcrumb": "Főoldal/Kutya/Eledelek/Nedves eledelek/Animonda vom Feinsten kutya tálka szarvas 22x150g", "product_name": "Animonda vom Feinsten kutya tálka szarvas 22x150gAnimonda vom Feinsten kutya tálka szarvas 22x150g", "brand": "AnimondaVom Feinsten101g – 200gFelnőttvadtálka", "regular_price": "5 094", "selling_price": "4 794", "price_per_unit": "549 Ft", "product_url": "https://webshop.fressnapf.hu/termekek/animonda-vom-feinsten-kutya-talka-szarvas-22x150g/", "product_description": "Az Animonda vom Feinsten nedves kutyaeledel a legmagasabb szintű finom, egészséges és kiegyensúlyozott táplálkozást biztosítja az 1-6 éves felnőtt kutyák számára. A húsos összetevők gondos kiválasztása és minősége garantálja az egyedülálló kulináris élvezetet. Ez az ínyenc pástétom biztosítja az összes nélkülözhetetlen tápanyagot kedvence számára. Összetétel: 63% hús és állati melléktermékek (sertés, marhahús, baromfi, 14% szarvas), ásványi anyagok. Analitikai összetevők: Fehérje 10,5%, zsírtartalom 4,5%, nyersrost 0,4%, nyers hamu 2,5%, nedvesség 81%. Ásványi anyagok, vitaminok (kilogrammonként): D3-Vitamin:120 NE, E2-Vitamin:0,4 mg, E4-Vitamin:1 mg E5-Vitamin:1,7 mg, E6-Vitamin:26 mg Tovább olvasok"}
{"breadcrumb": "Főoldal/Kutya/Eledelek/Táplálékkiegészítők&vitaminok/ARTHRODYL tabletta kutyáknak 50db", "product_name": "ARTHRODYL tabletta kutyáknak 50dbARTHRODYL tabletta kutyáknak 50db", "brand": "ARTHRODYLFelnőttízület védelemtabletta", "regular_price": "7399", "selling_price": "", "price_per_unit": "1 db=148 Ft", "product_url": "https://webshop.fressnapf.hu/termekek/arthrodyl-tabletta-kutyaknak-50db/", "product_description": "Az Arthrodyl második generációs porcvédő tabletta, mely a fontos tápanyagok biztosítása révén hozzájárul a kutyák ízületi porcának tartós védelméhez, segíti azok egészségét, regenerációját.Újzélandi zöldkagyló kivonattal, magas glükózamln tartalommal, kondroitinnal, MSM-mel, cápaporccal, mikro- és makroelemmel, vitaminokkal támogatja a porcszövetek újraképződését és az ízületek mozgékonyságának fenntartását, valamint mérsékli a porclebomlást. A cápaporc összetevői hatékonyan csökkenthetik a gyulladás okozta fájdalmakat, duzzanatokat. Glükózaminból épülnek fel a glükózaminoglikán molekulák, melyek a proteoglikán láncok alapvető alkotóelemei. A glükózamin a legnagyobb mennyiségben beépülő porc-alkotó. A kondroitin-szulfát negatív elektromos töltése révén jó vízmegkötő képességű. A sok megkötött vízzel együtt az ízületi porc rugalmasságát szolgálja. Ezáltal jelentősen hozzájárul az ízületek egészségének megőrzéséhez. A metil-szulfonil-metán (MSM), a szerves kén egyik formája, számos anyagcserefolyamatban nélkülözhetetlen. Növeli az ízületekben a sejtmembránok permeabilitását, a tápanyagok be- és a bomlástermékek kiáramlását. A gyulladás tüneteit és azok kiváltó okait csökkenti a mediátorok felszaporodásának gátlásával. Magnézium szükséges a szervezet számára létfontosságú enzimreakciókhoz, az izmok és idegek megfelelő működéséhez és kedvezően befolyásolja a szív munkáját. A B6-vitamin: nélkülözhetetlen a táplálék egyes részeinek felhasználásához és lebontásához. A magnézium, az aszkorbinsav (C-vitamin) és a B6-vitamin kiegészítik egymás hatását, a B6-vitamin elősegíti a magnézium felszívódását. A mangán anyagcserefolyamatokra gyakorolt hatása komplex. Egyrészt számos enzim felépítéséhez és működéséhez szükséges, amely enzimek nagyrészt az anyagcserében töltenek be kiemelkedő szerepet. Alkalmazása: – kölyökkutyák intenzív növekedési szakaszában, különösen a gyorsan fejlődő kölyköknél – helyreállító ízületi műtétek előtt és után – idős, mozgásszervi elváltozásokkal rendelkező kutyáknál, az ízületi panaszok enyhítésének kiegészítő kezelésére – sport- és munkakutyáknál az ízületek és porcok regenerálódásának támogatására Adagolás: 1 Arthrodyl tabletta 20 testtömeg-kilogrammonként naponta egyszer. Alkalmazásának eredményessége már két hét után megfigyelhető, a kívánt hatás elérése érdekében célszerű a tablettát kúraszerűen, 3 hónapon át folyamatosan alkalmazni. Összetétel (1 tablettában): Új-zélandl zöldkagyló (Perna canaliculus) kivonat: 400 mg, Glükózamln: 175 mg, Kondroitin-szulfát: 100 mg, Metil-szulfonil-metán (MSM): 100 mg, Cápaporc: 100 mg, C-vitamin: 50 mg, Kalcium-foszfát: 25 mg, Magnézium: 10 mg, Mangán: 5 mg, B6-vitamin: 0,5 mg Beltartalom: Nyersfehérje 20,3 %, Nyerszsír 0,7 %, Nyersrost 0,2 %, Nyershamu 14,8 %, Nedvesség max. 10 % Tovább olvasok"}
{"breadcrumb": "Főoldal/Kutya/Eledelek/BARF/Barf Love 100% mogyoróvaj 190g", "product_name": "Barf Love 100% mogyoróvaj 190gBarf Love 100% mogyoróvaj 190g", "brand": "BARF LOVEFelnőtt", "regular_price": "1999", "selling_price": "", "price_per_unit": "1 kg=10521 Ft", "product_url": "https://webshop.fressnapf.hu/termekek/barf-love-100-mogyorovaj-190g/", "product_description": "A mogyoróvaj nem csupán nagyon ízletes falat, hanem szuper egészséges vitamin is kedvenced számára. Ellentétben az emberekkel, kutyusainknál nagyon ritka esetben fordul elő mogyoróallergia. Kalóriatartalma magas, így a mennyiségre figyelned kell! Nem tartalmaz: hozzáadott cukrot, pálmaolajat, édesítőszert, ízfokozót E-vitamin, kiváló antioxidáns, szőrzetre és bőrre jó hatással van B-vitamin, szőrzet és bőr egészségéhez Értékes zsírsavakat tartalmaz, szív és érrendszert pozitívan befolyásolja Magas fehérjetartalom Nem utolsó sorban egy ínycsiklandó csemege, amiért kutyusod biztosan hálás lesz A mogyoróvajat használhatod: házi készítésű jutalomfalatok alapanyagaként, gyógyszerek beadására, Lickimatra kenve, hosszú játékos elfoglaltság kutyusodnak. (Nyáron kis időre a fagyasztóba is teheted, hogy minél tovább tartson a móka) Javasolt mennyiség: 10 kg alatt: 1/2 evőkanál (napi 2 szer) 10 kg felett: 1 evőkanál (napi 2 szer) Összetevő: 100% mogyoróvaj Analitikai összetevők (100 g-ban): Energia (kJ/kcal): 2491 kJ / 602 kcal Nyerszsír: 49,5g, ebből telített zsírsav: 5,5 g, Szénhidrát: 10 g, Fehérje: 24,7g, Rost: 9,7g Tovább olvasok"}
{"breadcrumb": "Főoldal/Kutya/Eledelek/Jutalomfalatok&rágcsák/Barf Love Churpi himalájai sajt kutya rágócsont M", "product_name": "Barf Love Churpi himalájai sajt kutya rágócsont MBarf Love Churpi himalájai sajt kutya rágócsont M", "brand": "BARF LOVEFelnőtttejes&sajtosrágócsontok&rágórudak", "regular_price": "2499", "selling_price": "", "price_per_unit": "1 db=2499 Ft", "product_url": "https://webshop.fressnapf.hu/termekek/barf-love-churpi-himalajai-sajt-kutya-ragocsont-m/", "product_description": "Eredeti himalájai receptúra alapján, kézzel készült CHURPI sajt rágócsont, melyet a világ legkeményebb sajtjának is neveznek. Hosszan tartó, 100%-ban természetes, laktózmentes (<0,5%), magas fehérjetartalmú, rendkívül egészséges rágóka kutyák számára. Összetétele: 100% tej Analitikai összetevők: fehérje 63%, nyers hamu : 5,7%, nyerszsír : 16,7%, nyersrost : 5,7%, laktóz: <0,5% Javasoljuk: kistestű kutyáknak (S-M méret) közepes testű kutyáknak (L méret) nagytestű kutyáknak (XL méret) A termék csomagolása környezetbarát, 100%-ban komposztálható anyagból készült! Tovább olvasok"}
{"breadcrumb": "Főoldal/Kutya/Eledelek/Jutalomfalatok&rágcsák/BARF LOVE Himalájai Churpi kutya jutalomfalat L", "product_name": "BARF LOVE Himalájai Churpi kutya jutalomfalat LBARF LOVE Himalájai Churpi kutya jutalomfalat L", "brand": "BARF LOVEFelnőtttejes&sajtosfogápolás&gabonamentesrágócsontok&rágórudaknagytestű 26kg-tól", "regular_price": "3299", "selling_price": "", "price_per_unit": "1 db=3299 Ft", "product_url": "https://webshop.fressnapf.hu/termekek/barf-love-himalajai-churpi-kutya-jutalomfalat-l/", "product_description": "Eredeti himalájai receptúra alapján, kézzel készült CHURPI sajt rágócsont, melyet a világ legkeményebb sajtjának is neveznek. Hosszan tartó, 100%-ban természetes, laktózmentes (<0,5%), magas fehérjetartalmú, rendkívül egészséges rágóka kutyák számára. Összetétele: 100% tej Analitikai összetevők: fehérje 63%, nyers hamu : 5,7%, nyerszsír : 16,7%, nyersrost : 5,7%, laktóz: <0,5% A termék csomagolása környezetbarát, 100%-ban komposztálható anyagból készült! Tovább olvasok"}
{"breadcrumb": "Főoldal/Kutya/Eledelek/Jutalomfalatok&rágcsák/BARF LOVE Himalájai Churpi kutya jutalomfalat S", "product_name": "BARF LOVE Himalájai Churpi kutya jutalomfalat SBARF LOVE Himalájai Churpi kutya jutalomfalat S", "brand": "BARF LOVEFelnőtttejes&sajtosfogápolás&gabonamentesrágócsontok&rágórudakkistestű 10kg-ig", "regular_price": "1599", "selling_price": "", "price_per_unit": "1 db=1599 Ft", "product_url": "https://webshop.fressnapf.hu/termekek/barf-love-himalajai-churpi-kutya-jutalomfalat-s/", "product_description": "Eredeti himalájai receptúra alapján, kézzel készült CHURPI sajt rágócsont, melyet a világ legkeményebb sajtjának is neveznek. Hosszan tartó, 100%-ban természetes, laktózmentes (<0,5%), magas fehérjetartalmú, rendkívül egészséges rágóka kutyák számára. Összetétele: 100% tej Analitikai összetevők: fehérje 63%, nyers hamu : 5,7%, nyerszsír : 16,7%, nyersrost : 5,7%, laktóz: <0,5% A termék csomagolása környezetbarát, 100%-ban komposztálható anyagból készült! Tovább olvasok"}
{"breadcrumb": "Főoldal/Kutya/Eledelek/Jutalomfalatok&rágcsák/Beaphar Dental Sticks kutya jutalomfalat S kutyának 112g 7db", "product_name": "Beaphar Dental Sticks kutya jutalomfalat S kutyának 112g 7dbBeaphar Dental Sticks kutya jutalomfalat S kutyának 112g 7db", "brand": "Beaphar101g – 200gFelnőttfogápolásfogápolás", "regular_price": "1199", "selling_price": "", "price_per_unit": "1 db=171 Ft", "product_url": "https://webshop.fressnapf.hu/termekek/beaphar-dental-sticks-kutya-jutalomfalat-s-kutyanak-112g-7db/", "product_description": "A kutyák több mint 80%-a szenved valamilyen fogászati problémától élete során, pedig ennek a megelőzése az egyik legegyszerűbb dolog. A Beaphar fogtisztító rudak hozzájárulnak az egészséges szájhigiéniához, tisztán tartják a fogakat és friss leheletet biztosítanak. Összetevői még közvetlenül étkezés után is küzdenek a fogászati betegségek kialakulása ellen. A barna hínár hatásos a lepedék és a fogkő ellen, a spirulina és a koffeinmentes zöldtea-kivonat pedig semlegesítik a kellemetlen szájszagot. Az egyedi csillagforma rágás közben fizikálisan tisztítja a fogak felületét. Természetesen zsírszegény finomság mesterséges ízesítő és színezék nélkül. Kétféle méretben kapható, így bármilyen méretű kutyának megfelelő. Összetevők: növényi származékok, gabonafélék, ásványi anyagok (nátrium-hexametafoszfát 4%), algák (barnamoszat 2,55%, Spirulina 1,47%), élesztő, zsírok és olajok. Analitikai összetétel: nyersfehérje 7,5%, nyersrost 2%, nyerszsír 2%, nyershamu 7%, nedvesség 14%. Adalékok kg-onként: E6 Zn (cink) 2000 mg, zöld teakivonat 600 mg, természetes színezék, tartósítószer Adagolás: Kutyáknak 5-10 kg között napi egy rúd jutalomként vagy finomságként adva. Tovább olvasok"}
{"breadcrumb": "Főoldal/Kutya/Eledelek/Táplálékkiegészítők&vitaminok/Beaphar friss lehelet tabletta kutyának 40db", "product_name": "Beaphar friss lehelet tabletta kutyának 40dbBeaphar friss lehelet tabletta kutyának 40db", "brand": "BeapharFelnőttfogápolástabletta", "regular_price": "3739", "selling_price": "", "price_per_unit": "1 db=93 Ft", "product_url": "https://webshop.fressnapf.hu/termekek/beaphar-friss-lehelet-tabletta-kutyanak-40db/", "product_description": "A kutya vagy macska kellemetlen leheletének különböző okai lehetnek: okozhatja a fogak közé szorult táplálékdarab, lepedék, vagy fogkő, de a szag származhat mélyebbről, a torokból is. A Beaphar Fresh Breath tabletták egy természetes növényi kivonatot – klorofillt – tartalmaznak, mely közismerten képes megkötni a kellemetlen szagokat. Az állatok leheletének frissen tartásához és a szájüreg egészségének megőrzéséhez javasolt a Beaphar fogkrémmel történő rendszeres fogmosás is. Összetevők: különféle cukrok, tej- és tejszármazékok. Analitikai összetétel: Nyersfehérje: 1,1%; nyers olajok és zsírok: 0,77%; nyersrost: 0,0%; hamu: 0,79%; nedvesség: 0,67%; Ca: 0,19%; Mg: 0,0087%; Na: 0,05%; K: 0,15%; P: 0,044%. Adalékok/kg: klorofill 9600 mg Adagolás: macskák, kis- és közepes termetű kutyák: 1-1 tabletta reggel és este, nagytestű kutyák: 2-2 tabletta reggel és este. Adható jutalomfalatként közvetlenül a szájba, vagy összetörve az állatok napi eledeléhez keverve. Tovább olvasok"}
{"breadcrumb": "Főoldal/Kutya/Eledelek/Táplálékkiegészítők&vitaminok/Beaphar nyugtató tabletta kutyának 20db", "product_name": "Beaphar nyugtató tabletta kutyának 20dbBeaphar nyugtató tabletta kutyának 20db", "brand": "BeapharFelnőtttablettastresszhelyzet kezelése", "regular_price": "2999", "selling_price": "", "price_per_unit": "1 db=150 Ft", "product_url": "https://webshop.fressnapf.hu/termekek/beaphar-nyugtato-tabletta-kutyanak-20db/", "product_description": "A Beaphar Calming Tablets készítmény természetes módon segít, hogy kedvencünk nyugodtabb és kiegyensúlyozottabb legyen. Természetes, nyugtató hatású növényi kivonatokat tartalmaz (citromfű, komló, rozmaring, hársfavirág), bódító hatás nélkül. Ez a termék biztonsággal alkalmazható bármilyen fajtájú és korú kutyán és macskán. A Beaphar nyugtató hatású tabletta többek között az alábbi stresszt okozó helyzetekben segíthet: -állatorvosi látogatás -tűzijáték -vihar -utazás -költözés -új családtag, új háziállat -egyedüllét -vendég a háznál Alkalmazás: A tablettát adhatja közvetlenül vagy az ételbe keverve. Hatása másfél óra múlva érzékelhető. Két és fél óra múlva ismételhető a kezelés, napi három adagnál többet ne adjon. Mindig biztosítson megfelelő mennyiségű friss vizet az állat számára. Macskák és kistermetű kutyák (pl. terrier) – ½ tabletta; közepes termetű kutyák (pl. border collie) – 1 tabletta; nagytermetű kutyák (pl. németjuhász) – 2 tabletta. Összetétel: Növényi származékok (Citromfű 16%, Rozmaring 8.1%, Hársfa-virág 4.9%, Komlóvirág 3.3%), Tej és Tejszármazékok, Ásványi anyagok, Gabonafélék. Nem tartalmaz mesterséges adalékanyagot. Analitikai összetétel: Nyers fehérje 7.8%, Nyers rostok 5.9%, Nyers olajok és zsírok 2.6%, Nyers hamu 28%, Nedvesítő anyag 8.3%, Kalcium 9.3%, Foszfor 6.3%, Kálium 1.3%, Nátrium 0.29%, Magnézium 0.17%. Tovább olvasok"}
{"breadcrumb": "Főoldal/Kutya/Eledelek/Táplálékkiegészítők&vitaminok/Beaphar Top10 multivitamin tabletta kutyának 180db", "product_name": "Beaphar Top10 multivitamin tabletta kutyának 180dbBeaphar Top10 multivitamin tabletta kutyának 180db", "brand": "BeapharFelnőttmultivitamintabletta", "regular_price": "3199", "selling_price": "", "price_per_unit": "1 db=18 Ft", "product_url": "https://webshop.fressnapf.hu/termekek/beaphar-top10-multivitamin-tabletta-kutyanak-180db/", "product_description": "A TOP10 alapvető fontosságú vitaminokat, ásványi anyagokat és nyomelemeket tartalmaz, melyek jó hatással bírnak az életfolyamatokra és erősítik a kutyák fizikai állapotát. A TOP10 támogatást nyújt a fiatal kutyák csontjainak és a fogainak természetes fejlődéséhez, valamint biztosítja kedvenceink fényes szőrzetét és élénk, csillogó szemeit. Idősebb kutyák esetén a TOP10 segít a mozgékonyság és az élénkség megtartásában. A tabletták L-karnitint is tartalmaznak az erős izmokért. Adagolási javaslat: Naponta 1 tabletta/5 ttkg vonatkozóan. Kerülje a túladagolást. Összetevők: élesztők, ásványi anyagok, kagylók és csigák, különféle cukrok, tej és tejszármazékok. Analitikai összetétel: nyers fehérje 9,9%, nyers zsír 2,7%, nyers rost 7,4%, nyers hamu 12,5%, nedvesség 4,7%, kalcium 1,8%, foszfor 1,3%, nátrium 0,2%, kálium 0,03%. 1000g tartalmaz: A vitamin 9.500 IE/kg: D3 vitamin 1.900 IE/kg: E vitamin 940 mg/kg: B1 vitamin 595mg/kg: B2 vitamin 1183 mg/kg: Kalcium pantotenát 3.546 mg/kg: Nikotinamid 4.622 mg/kg: B6 vitamin 600 mg: B12 vitamin 4800 ug/kg: Biotin 121 mg/kg: L-karnitin klorid 255 mg/kg. Tovább olvasok"}
{"breadcrumb": "Főoldal/Kutya/Eledelek/Táplálékkiegészítők&vitaminok/Biogance Phytocare Phytoverm természetes féreghajtó kutyák és macskák számára 200ml", "product_name": "Biogance Phytocare Phytoverm természetes féreghajtó kutyák és macskák számára 200mlBiogance Phytocare Phytoverm természetes féreghajtó kutyák és macskák számára 200ml", "brand": "BioganceFelnőttfolyadékgyomor&emésztés", "regular_price": "3999", "selling_price": "", "price_per_unit": "1 l=19995 Ft", "product_url": "https://webshop.fressnapf.hu/termekek/biogance-phytocare-phytoverm-kutyak-es-macskak-szamara-200ml/", "product_description": "A Phytoverm speciális, kutyáknak és macskáknak szánt, jó közérzetet biztosító táplálékkiegészítője fokhagyma-, kakukkfű- és rozmaringkivonattal. Segíti a belek komfortérzetét Természetes hatóanyagokkal tartja távol a férgeket és parazitákat. Organikus és természetes eredetű összetevőkből készült, ftalát-, parabén- és fenoxietanol-mentes A csomagolás 100%-ban újrahasznosítható HDPE palack ÖSSZETÉTEL: Növényi kivonatok (fokhagyma, rozmaring, cseresznye, kakukkfű), nyomelemek (vas, réz, mangán, cink), nátrium-klorid. HASZNÁLATI UTASÍTÁS: Használat előtt alaposan felrázandó. Naponta egyszer keverje a táblázatban jelölt mennyiséget kedvence eledelébe. A Phytoremet két féregtelenítés között kell az eledelbe keverni 7 egymást követő napon keresztül. 3 havonta megismétlendő. Ajánlott napi adag: 20kg: 20 ml Alkalmas kölyökkutyák és kölyökmacskák számára. Tovább olvasok"}
{"breadcrumb": "Főoldal/Kutya/Eledelek/Száraz eledelek/BOSCH Plus száraz kutyaeledel adult strucc&burgonya 2,5kg", "product_name": "BOSCH Plus száraz kutyaeledel adult strucc&burgonya 2,5kgBOSCH Plus száraz kutyaeledel adult strucc&burgonya 2,5kg", "brand": "Bosch1,1kg – 4kgFelnőttegzotikusérzékeny emésztésű", "regular_price": "9 999", "selling_price": "8 999", "price_per_unit": "1 kg=2600 Ft", "product_url": "https://webshop.fressnapf.hu/termekek/bosch-plus-szaraz-kutyaeledel-adult-struccburgonya-25kg/", "product_description": "Bosch PLUS + Strucc egy kiegyensúlyozott és egészséges monoproteines táplálkozást biztosit felnőtt kutyák minden fajtájának. Bosch PLUS + Strucc különösen alkalmas érzékeny emésztőrendszer betegségben szenvedő, étel intolerancia, allergiás kutyáknak. Ez a termék, amelyben strucc hús, mint az egyetlen és ritka állati fehérjeforrás, valamint a jól emészthető burgonya lehetővé teszi, hogy ne alkalmazzanak a gabonát. Kíméletes előállítással készült különösen jól tolerálható, és jól emészthető. Jellemzők: -csak egyféle állati fehérje strucc hús -gyomorkímélő és könnyen emészthető (burgonya) -glükozamin és kondroitin támogatják a porcok felépülését és működőképességét Összetétel: Burgonyaliszt, strucchúsliszt (min. 12%), burgonyafehérje, borsó, szárnyas zsír, cukorrépapép (cukor mentes), hidrolizált fehérje (növényi forrásokból), élesztő (száraz), dikalcium-foszfát, halolaj, nátrium-klorid, glükózamin, kondroitin-szulfát, cikóriasaláta por. Analitikai összetevők: Fehérje 21,00% Zsírtartalom 12,00% Nyersrost 3,50% Nyershamu 7,00% Kalcium 1,30% Foszfor 0,90% Adalékanyagok/ kg: Tápértékkel rendelkező adalékanyagok 1 kg: A-vitamin 15 000 NE, D3-vitamin 1 200 NE, E-vitamin 150 mg, cink (cink-oxid formájában) 90 mg, cink (aminosav-cink-kelát, -hidrát) 75 mg, réz (réz (II) -szulfát, pentahidrát) ) 10 mg, jód (vízmentes kalcium-jodát formájában) 2 mg, szelén (nátrium-szelenit formájában) 0,2 mg. Tovább olvasok"}
{"breadcrumb": "Főoldal/Kutya/Eledelek/Száraz eledelek/BOSCH Sensitive száraz kutyaeledel adult bárány&rizs 15kg", "product_name": "BOSCH Sensitive száraz kutyaeledel adult bárány&rizs 15kgBOSCH Sensitive száraz kutyaeledel adult bárány&rizs 15kg", "brand": "Bosch12,1kg – 15kgFelnőttjuh&bárány&kecskeérzékeny emésztésű", "regular_price": "3 499", "selling_price": "2 999", "price_per_unit": "1 kg=1593 Ft", "product_url": "https://webshop.fressnapf.hu/termekek/bosch-sensitive-szaraz-kutyaeledel-adult-baranyrizs-15kg/", "product_description": "A kutyáknál egyre gyakrabban előfordulnak allergiás reakciók bizonyos táplálék-összetevőkkel szemben, melyek emésztési-, bőr- vagy szőrzetproblémákat eredményeznek. A Sensitive Bárányhús & Rizs egyedülálló táplálék érzékeny kutyák számára. Egyrészről a rizs a fő szénhidrátszállító, másrészről a bárányhús a Sensitive Bárányhús & Rizs táp allergén proteinjeit jelentősen csökkenti. A Sensitive Bárányhús & Rizs táp energiakoncentrációja úgy került kialakításra (14% zsír), hogy a kutya napi táplálékszükségletét relatív kis mennyiségben is fedezi, valamint egyúttal az emésztőrendszert feleslegesen nem terheli. Jellemzők: -búza, búzaszármazékok és kukorica hozzáadása nélkül -magas rizstartalom (min. 37,5 %) -nagy értékű állati fehérje (min. 20 % bárányhús) -mannánokat és glükánokat tartalmaz a bélflóra és az immunrendszer stabilizálására -speciálisan táplálék-érzékeny kutyák számára Összetétel: rizs (min. 37,5%), birkahúsliszt (min. 20 %), dehidratált burgonya, állati zsír, cukorrépapép (cukor mentes), rizs fehérje, burgonyafehérje, lenmag, hidrolizált fehérje, borsó, szárított élesztő (0,1% mannán-oligoszacharidok, 0,06% β-glükánok), halolaj, cellulózrostok, nátrium-klorid, kálium-klorid, kagylópor (min. 0,1 %), cikóriasaláta por. Analitikai összetevők: Fehérje 22,5%, zsírtartalom 14,0%, nyersrost 2,5%, nyershamu 7,0%, kalcium 1,4%, foszfor 1,1% Adalékanyagok/ kg: Tápértékkel rendelkező adalékanyagok 1 kg: A-vitamin 12 000 NE, D3-vitamin 1200 NE, E-vitamin 70 mg, cink (cink-oxid formájában) 70 mg, cink (aminosav-cink-kelát, -hidrát) 75 mg, réz (réz (II) -szulfát, pentahidrát) ) 10 mg, jód (vízmentes kalcium-jodát formájában) 2 mg, szelén (nátrium-szelenit formájában) 0,2 mg. Tovább olvasok"}
{"breadcrumb": "Főoldal/Kutya/Eledelek/Száraz eledelek/BOSCH száraz kutyaeledel adult bárány&rizs 15kg", "product_name": "BOSCH száraz kutyaeledel adult bárány&rizs 15kgBOSCH száraz kutyaeledel adult bárány&rizs 15kg", "brand": "Bosch12,1kg – 15kgFelnőttjuh&bárány&kecskeérzékeny emésztésű", "regular_price": "3 699", "selling_price": "3 299", "price_per_unit": "1 kg=1267 Ft", "product_url": "https://webshop.fressnapf.hu/termekek/bosch-szaraz-kutyaeledel-adult-baranyrizs-15kg/", "product_description": "ADULT bárány & rizs egy kiegyensúlyozott teljes értékű eledel minden felnőtt kutyának normál aktivitás esetén. Különleges összetételével az ADULT – bárány & rizs bárányhús-fehérje és a könnyen emészthető rizs ismert pozitív tulajdonságaival rendelkezik. Az energia és a proteinkoncentráció úgy lett kialakítva, hogy a kagylókivonat tartalma miatt a túlsúly rizikót a csontokra és ízületekre való tekintettel megelőzi. Az ADULT – bárány & rizs érzékeny kutyák számára is megfelelő. Jellemzők: -fehérje a legjobb minőségben (többek között bárányhús) -gyomorkímélő és könnyen emészthető (rizs) -kagylókivonat a porcokért és csontokért -búza mentes Összetétel: szárnyas húsliszt, rizs (16%), árpa, köles , kukorica, állati zsír, bárányhús liszt (4%), cukor répa gyümölcs húsa (cukor nélkül), hidrolizált protein, sárga köles, halliszt, borsó, halolaj, szárított élesztő (0,1% mannán-oligoszacharidok, 0,06% β-glükánok), nátrium klorid, kálium klorid, kagylópor (min. 0,1%), cikóriasaláta por Analitikai összetevők: átalakítható energia 15,21 MJ / kg, fehérje 21,5%, zsírtartalom 10,5%, nyersrost 2,5%, nyershamu 6,2%, foszfor 0,9%, kalcium 1,1%, nátrium 0,30%, kálium 0,5%, magnézium 0,1%. Adalékanyagok / kg: tápértékkel rendelkező adalékanyagok 1 kg: A-vitamin 12 000 NE, D3-vitamin 1200 NE, B1-vitamin 10 mg, B2-vitamin 10 mg, B6-vitamin 6 mg, B12-vitamin 30 mcg, biotin 250 mcg, pantoténsav 20 mg, niacin 40 mg, folsav 2,0 mg, C-vitamin 70 mg, kolin-klorid 1650 mg, E-vitamin 70 mg. Nyomelem / kg: cink (aminosav-cink-kelát-hidrát formájában) 45 mg, réz (réz (II) -szulfát-pentahidrát formájában) 10 mg, mangán 10 mg, jód (vízmentes kalcium-jodát formájában) 2,0 mg, szelén (nátrium-szelenit formájában) 0,2 mg, cink (cink-oxid formájában) 70 mg, vas 140 mg. Technológiai adalékanyagok: antioxidánsok Tovább olvasok"}
{"breadcrumb": "Főoldal/Kutya/Eledelek/Száraz eledelek/BOSCH száraz kutyaeledel adult bárány&rizs 3kg", "product_name": "BOSCH száraz kutyaeledel adult bárány&rizs 3kgBOSCH száraz kutyaeledel adult bárány&rizs 3kg", "brand": "Bosch1,1kg – 4kgFelnőttjuh&bárány&kecskeérzékeny emésztésű", "regular_price": "3 499", "selling_price": "2 999", "price_per_unit": "1 kg=1766 Ft", "product_url": "https://webshop.fressnapf.hu/termekek/bosch-szaraz-kutyaeledel-adult-baranyrizs-3kg/", "product_description": "ADULT bárány & rizs egy kiegyensúlyozott teljes értékű eledel minden felnőtt kutyának normál aktivitás esetén. Különleges összetételével az ADULT – bárány & rizs bárányhús-fehérje és a könnyen emészthető rizs ismert pozitív tulajdonságaival rendelkezik. Az energia és a proteinkoncentráció úgy lett kialakítva, hogy a kagylókivonat tartalma miatt a túlsúly rizikót a csontokra és ízületekre való tekintettel megelőzi. Az ADULT – bárány & rizs érzékeny kutyák számára is megfelelő. Jellemzők: -fehérje a legjobb minőségben (többek között bárányhús) -gyomorkímélő és könnyen emészthető (rizs) -kagylókivonat a porcokért és csontokért -búza mentes Összetétel: szárnyas húsliszt, rizs (16%), árpa, köles , kukorica, állati zsír, bárányhús liszt (4%), cukor répa gyümölcs húsa (cukor nélkül), hidrolizált protein, sárga köles, halliszt, borsó, halolaj, szárított élesztő (0,1% mannán-oligoszacharidok, 0,06% β-glükánok), nátrium klorid, kálium klorid, kagylópor (min. 0,1%), cikóriasaláta por Analitikai összetevők: átalakítható energia 15,21 MJ / kg, fehérje 21,5%, zsírtartalom 10,5%, nyersrost 2,5%, nyershamu 6,2%, foszfor 0,9%, kalcium 1,1%, nátrium 0,30%, kálium 0,5%, magnézium 0,1%. Adalékanyagok / kg: tápértékkel rendelkező adalékanyagok 1 kg: A-vitamin 12 000 NE, D3-vitamin 1200 NE, B1-vitamin 10 mg, B2-vitamin 10 mg, B6-vitamin 6 mg, B12-vitamin 30 mcg, biotin 250 mcg, pantoténsav 20 mg, niacin 40 mg, folsav 2,0 mg, C-vitamin 70 mg, kolin-klorid 1650 mg, E-vitamin 70 mg. Nyomelem / kg: cink (aminosav-cink-kelát-hidrát formájában) 45 mg, réz (réz (II) -szulfát-pentahidrát formájában) 10 mg, mangán 10 mg, jód (vízmentes kalcium-jodát formájában) 2,0 mg, szelén (nátrium-szelenit formájában) 0,2 mg, cink (cink-oxid formájában) 70 mg, vas 140 mg. Technológiai adalékanyagok: antioxidánsok Tovább olvasok"}
{"breadcrumb": "Főoldal/Kutya/Eledelek/Száraz eledelek/BOSCH száraz kutyaeledel adult hal&burgonya 15kg", "product_name": "BOSCH száraz kutyaeledel adult hal&burgonya 15kgBOSCH száraz kutyaeledel adult hal&burgonya 15kg", "brand": "Bosch12,1kg – 15kgFelnőtthal&tenger gyümölcseiérzékeny emésztésű", "regular_price": "3 799", "selling_price": "3 299", "price_per_unit": "1 kg=1333 Ft", "product_url": "https://webshop.fressnapf.hu/termekek/bosch-szaraz-kutyaeledel-adult-halburgonya-15kg/", "product_description": "Az ADULT HAL & BURGONYA kitűnő teljes értékű táplálék minden felnőtt kutya számára normál aktivitás mellett. Az ADULT HAL & BURGONYA nagy értékű halfehérjét tartalmaz, ami fontos aminosav szállító. Az  optimális, könnyen emészthető burgonyakeményítő (szénhidrát forrás) szállítja az értékes energiát. Az energia és protein koncentráció úgy lett kialakítva, hogy a kagylókivonat tartalma miatt a túlsúly rizikót a csontokra és ízületekre való tekintettel megelőzi. Az ADULT HAL & BURGONYA táplálék-érzékeny kutyák számára is megfelelő. Jellemzők: -fehérje a legjobb minőségben (többek között hal) -gyomorkímélő és könnyen emészthető (burgonya) -esszenciális aminosavak halból a bőrért és szőrzetért (omega-3 / omega-6) -kagyló kivonatok porc és ízület erősítésére Összetétel: Szárnyas húsliszt, árpa, kukorica, milo köles, rizs, állati zsír, halliszt (min. 4 %), burgonya (dehidratált, min. 4 %), cukorrépapép (cukor mentes), hidrolizált fehérje, húsliszt, sárga köles, szárított élesztő (0,1%) mannán-oligoszacharidok, 0,06% β-glükánok), borsó, halolaj, nátrium-klorid, kálium-klorid, kagylópor (min. 0,1%), cikóriasaláta por. Analitikai összetevők: átalakítható energia 15,23 MJ / kg, fehérje 21,5%, zsírtartalom 10,5%, nyersrost 2,5%, nyershamu 6,0%, foszfor 0,85%, kalcium 1,05%, nátrium 0,30%, kálium 0,45%, magnézium 0,11%, omega-3 zsírsavak 0,3%, omega 6 zsírsavak 1,9% Adalékanyagok / kg: Tápértékkel rendelkező adalékanyagok 1 kg: A-vitamin 12 000 NE, D3-vitamin 1200 NE, B1-vitamin 10 mg, B2-vitamin 10 mg, B6-vitamin 6 mg, B12-vitamin 30 mcg, biotin 250 mcg, pantoténsav 20 mg, niacin 40 mg, folsav 2,0 mg, C-vitamin 70 mg, kolin-klorid 1650 mg, E-vitamin 70 mg. Nyomelem / kg: cink (aminosav-cink-kelát-hidrát formájában) 45 mg, réz (réz (II) -szulfát-pentahidrát formájában) 10 mg, mangán 10 mg, jód (vízmentes kalcium-jodát formájában) 2,0 mg, szelén (nátrium-szelenit formájában) 0,2 mg, cink (cink-oxid formájában) 70 mg, vas 150 mg. Technológiai adalékanyagok: antioxidánsok Tovább olvasok"}
{"breadcrumb": "Főoldal/Kutya/Eledelek/Száraz eledelek/BOSCH száraz kutyaeledel adult hal&burgonya 3kg", "product_name": "BOSCH száraz kutyaeledel adult hal&burgonya 3kgBOSCH száraz kutyaeledel adult hal&burgonya 3kg", "brand": "Bosch1,1kg – 4kgFelnőtthal&tenger gyümölcseiérzékeny emésztésű", "regular_price": "3 799", "selling_price": "3 299", "price_per_unit": "1 kg=1766 Ft", "product_url": "https://webshop.fressnapf.hu/termekek/bosch-szaraz-kutyaeledel-adult-halburgonya-3kg/", "product_description": "Az ADULT HAL & BURGONYA kitűnő teljes értékű táplálék minden felnőtt kutya számára normál aktivitás mellett. Az ADULT HAL & BURGONYA nagy értékű halfehérjét tartalmaz, ami fontos aminosav szállító. Az  optimális, könnyen emészthető burgonyakeményítő (szénhidrát forrás) szállítja az értékes energiát. Az energia és protein koncentráció úgy lett kialakítva, hogy a kagylókivonat tartalma miatt a túlsúly rizikót a csontokra és ízületekre való tekintettel megelőzi. Az ADULT HAL & BURGONYA táplálék-érzékeny kutyák számára is megfelelő. Jellemzők: -fehérje a legjobb minőségben (többek között hal) -gyomorkímélő és könnyen emészthető (burgonya) -esszenciális aminosavak halból a bőrért és szőrzetért (omega-3 / omega-6) -kagyló kivonatok porc és ízület erősítésére Összetétel: Szárnyas húsliszt, árpa, kukorica, milo köles, rizs, állati zsír, halliszt (min. 4 %), burgonya (dehidratált, min. 4 %), cukorrépapép (cukor mentes), hidrolizált fehérje, húsliszt, sárga köles, szárított élesztő (0,1%) mannán-oligoszacharidok, 0,06% β-glükánok), borsó, halolaj, nátrium-klorid, kálium-klorid, kagylópor (min. 0,1%), cikóriasaláta por. Analitikai összetevők: átalakítható energia 15,23 MJ / kg, fehérje 21,5%, zsírtartalom 10,5%, nyersrost 2,5%, nyershamu 6,0%, foszfor 0,85%, kalcium 1,05%, nátrium 0,30%, kálium 0,45%, magnézium 0,11%, omega-3 zsírsavak 0,3%, omega 6 zsírsavak 1,9% Adalékanyagok / kg: Tápértékkel rendelkező adalékanyagok 1 kg: A-vitamin 12 000 NE, D3-vitamin 1200 NE, B1-vitamin 10 mg, B2-vitamin 10 mg, B6-vitamin 6 mg, B12-vitamin 30 mcg, biotin 250 mcg, pantoténsav 20 mg, niacin 40 mg, folsav 2,0 mg, C-vitamin 70 mg, kolin-klorid 1650 mg, E-vitamin 70 mg. Nyomelem / kg: cink (aminosav-cink-kelát-hidrát formájában) 45 mg, réz (réz (II) -szulfát-pentahidrát formájában) 10 mg, mangán 10 mg, jód (vízmentes kalcium-jodát formájában) 2,0 mg, szelén (nátrium-szelenit formájában) 0,2 mg, cink (cink-oxid formájában) 70 mg, vas 150 mg. Technológiai adalékanyagok: antioxidánsok Tovább olvasok"}
{"breadcrumb": "Főoldal/Kutya/Eledelek/Száraz eledelek/BOSCH száraz kutyaeledel adult lazac&burgonya 15kg", "product_name": "BOSCH száraz kutyaeledel adult lazac&burgonya 15kgBOSCH száraz kutyaeledel adult lazac&burgonya 15kg", "brand": "Bosch12,1kg – 15kgFelnőtthal&tenger gyümölcseiérzékeny emésztésű", "regular_price": "3 799", "selling_price": "3 299", "price_per_unit": "1 kg=1460 Ft", "product_url": "https://webshop.fressnapf.hu/termekek/bosch-szaraz-kutyaeledel-adult-lazacburgonya-15kg/", "product_description": "Az ADULT FRISS LAZACCAL és BURGONYÁVAL kiegyensúlyozott, teljes értékű eledel minden normális aktivitású felnőtt kutya számára. ADULT FRISS LAZACCAL és BURGONYÁVAL nagy arányban (14%) friss lazaccal készült és nem tartalmaz búzát. Friss lazac kiváló minőségű fehérje és magas esszenciális zsírsavakat tartalmaz, jó hatással van a bőrre és a szőrzetre, ezért javasoljuk a hosszúszőrű és kiállítási kutyáknak. Tartalmaz kolosztrumot és a specifikus immunológiai komplex mannánokat és glükánokat, amelyek az immunrendszert megerősítik. A receptet állatorvosok fejlesztették ki, azért az ADULT FRISS LAZACCAL és BURGONYÁVAL élelmiszer-érzékeny kutyák számára is alkalmas. Jellemzők: -kiváló minőségű fehérjék (például friss lazac (14%)) -mannánokat és glükánokat tartalmaz a bélflóra és az immunrendszer stabilizálására -esszenciális aminosavak lazacból a bőrért és szőrzetért (omega-3 / omega-6) -kagyló kivonatok a porc és ízület erősítésére Összetétel: szárnyas húsliszt, friss lazac (14%), köles, árpa, kukorica, rizs, burgonya (dehidratált, min. 5 %), cukorrépapép (cukor mentes), állati zsír, hidrolizált fehérje, halliszt (min. 4 %), burgonya (dehidratált, min. 4 %), cukorrépapép (cukor mentes), hidrolizált fehérje, borsó, halolaj, szárított élesztő (0,1%) mannán-oligoszacharidok, (0,06%) β-glükánok), nátrium-klorid, kolosztrum (0,3 %), monokalcium-foszfát, kálium-klorid, kagylópor (min. 0,1 %), cikóriasaláta por. Analitikai összetevők: átalakítható energia 15,30 MJ / kg, fehérje 21,5%, zsírtartalom 10,5%, nyersrost 2,5%, nyershamu 5,9%, foszfor 0,85%, kalcium 1,05%, nátrium 0,30%, kálium 0,5%, magnézium 0,11%, omega-3 zsírsavak 0,6%, omega 6 zsírsavak 2,3% Adalékanyagok / kg: Tápértékkel rendelkező adalékanyagok 1 kg: A-vitamin 12 000 NE, D3-vitamin 1200 NE, B1-vitamin 10 mg, B2-vitamin 10 mg, B6-vitamin 6 mg, B12-vitamin 30 mcg, biotin 250 mcg, pantoténsav 20 mg, niacin 40 mg, folsav 2,0 mg, C-vitamin 70 mg, kolin-klorid 1650 mg, E-vitamin 70 mg. Nyomelemek / kg: cink (aminosav-cink-kelát-hidrát formájában) 45 mg, réz (réz (II) -szulfát-pentahidrát formájában) 10 mg, mangán 10 mg, jód (vízmentes kalcium-jodát formájában) 2,0 mg, szelén (nátrium-szelenit formájában) 0,2 mg, cink (cink-oxid formájában) 70 mg, vas 250 mg. Technológiai adalékanyagok: antioxidánsok Tovább olvasok"}
{"breadcrumb": "Főoldal/Kutya/Eledelek/Száraz eledelek/BOSCH száraz kutyaeledel junior bárány&rizs 3kg", "product_name": "BOSCH száraz kutyaeledel junior bárány&rizs 3kgBOSCH száraz kutyaeledel junior bárány&rizs 3kg", "brand": "Bosch1,1kg – 4kgKölyökjuh&bárány&kecskeízület védelem", "regular_price": "9 999", "selling_price": "8 999", "price_per_unit": "1 kg=2333 Ft", "product_url": "https://webshop.fressnapf.hu/termekek/bosch-szaraz-kutyaeledel-junior-baranyrizs-3kg/", "product_description": "Már a növekedésben lévő fiatal kutyáknál is előfordulhat valamilyen érzékenység, például allergia, bizonyos ételekre vagy azok összetevőire. A JUNIOR BÁRÁNYHÚS & RIZS nyersanyagai nem tartalmaznak allergiát okozó anyagokat és ez a táp különösen kíméli a gyomor- és bélrendszert. A JUNIOR BÁRÁNYHÚS & RIZS különösen alkalmas a növekedésben lévő bármely fajtájú, érzékeny gyomrú kölyök etetésére. Jellemzők: -növekedésben lévő, érzékeny emésztőrendszerű kölyökkutyáknak ajánlott -gyomor- és bélrendszer kímélő -a fentiekhez alakított fehérje (25%) és zsír (13%) tartalom -tartalmaz kolosztrumot, amely erősíti a fiatal kutyák immunrendszerét -tartalmaz mannánokat és glükánokat a bélflóra és az immunrendszer stabilizálására -kagylókivonat a porcoknak és az ízületeknek -nem tartalmaz búzát és származékait Összetétel: friss szárnyas hús (min. 20%),rizs (20%), teljes kiőrlésű rizs, bárányhús liszt (10%), rizs liszt, szárított porc, állati zsír, szárított cukorrépa (cukor nélkül), szárnyas húsliszt, húsliszt, hidrolizált protein, lenmag, rizs protein, halolaj, borsó, élesztő (dehidratált, 0,1% mannán-oligoszacharidok, 0,06% β-glükánok), kolosztrum (0,3), nátrium klorid, kálium klorid, zöldkagyló-kivonat (0,1%), cikóriasaláta por. Analitikai összetevők: fehérje 25,0%, zsírtartalom 13,0%, nyersrost 2,5%, nyershamu 7,3%, kalcium 1,3%, foszfor 0,95%. Adalékanyagok / kg: Tápértékkel rendelkező adalékanyagok 1 kg: A-vitamin 15 000 NE, D3-vitamin 1 200 NE, E-vitamin 150 mg, cink (cink-oxid formájában) 90 mg, cink (aminosav-cink-kelát, -hidrát) 75 mg, réz (réz (II) -szulfát, pentahidrát) ) 10 mg, jód (vízmentes kalcium-jodát formájában) 2 mg, szelén (nátrium-szelenit formájában) 0,2 mg. Tovább olvasok"}
{"breadcrumb": "Főoldal/Kutya/Eledelek/Száraz eledelek/BOSCH száraz kutyaeledel Maxi adult 15kg", "product_name": "BOSCH száraz kutyaeledel Maxi adult 15kgBOSCH száraz kutyaeledel Maxi adult 15kg", "brand": "Bosch12,1kg – 15kgFelnőttnagytestű 26kg-tólszárnyasízület védelem", "regular_price": "3 799", "selling_price": "3 299", "price_per_unit": "1 kg=1333 Ft", "product_url": "https://webshop.fressnapf.hu/termekek/bosch-szaraz-kutyaeledel-maxi-adult-15kg/", "product_description": "Az ADULT MAXI kitűnő teljes értékű táplálék minden felnőtt kutyának, különösen nagy testű fajták számára (30 kg-tól). Az energia és protein koncentráció (21,5 % fehérje / 12,0 % zsír) úgy lett kialakítva, hogy a túlsúly rizikót minimalizálja és egyúttal magas telítettségérzetet érjen el. Kagylókivonat tartalma pozitívan hat a csontokra és az ízületekre. A krokett forma és méret speciálisan a nagyméretű kutyák harapásához lett igazítva. Jellemzők: -kitűnő fehérje és energiatartalom -kagylókivonat a csontokért és ízületekért -optimális krokett forma és méret kutyáknak 30 kg-os súlytól Összetétel: szárnyas húsliszt (20%), árpa, kukorica, köles, állati zsír, rizs, cukorrépapép (cukor nélkül), húsliszt, hidrolizált fehérje, halliszt, borsó, szárított élesztő (0,1% mannán-oligoszacharidok, 0,06% β-glükánok), halolaj, nátrium klorid, kálium klorid, kagylópor (min.0,1%), cikória saláta por. Analitikai összetevők: fehérje 21,5%, zsírtartalom 12,0%, nyersrost 2,5%, nyershamu 5,8%, kalcium 1,15%, foszfor 0,90%. Adalékanyagok/ kg: Tápértékkel rendelkező adalékanyagok 1 kg: A-vitamin 12 000 NE, D3-vitamin 1200 NE, E-vitamin 70 mg, cink (cink-oxid formájában) 70 mg, cink (aminosav-cink-kelát, -hidrát) 45 mg, réz (réz (II) -szulfát, pentahidrát) ) 10 mg, jód (vízmentes kalcium-jodát formájában) 2 mg, szelén (nátrium-szelenit formájában) 0,2 mg. Tovább olvasok"}
{"breadcrumb": "Főoldal/Kutya/Eledelek/Száraz eledelek/BOSCH száraz kutyaeledel Maxi junior 15kg", "product_name": "BOSCH száraz kutyaeledel Maxi junior 15kgBOSCH száraz kutyaeledel Maxi junior 15kg", "brand": "Bosch12,1kg – 15kgKölyöknagytestű 26kg-tólszárnyasízület védelem", "regular_price": "3 799", "selling_price": "3 299", "price_per_unit": "1 kg=1040 Ft", "product_url": "https://webshop.fressnapf.hu/termekek/bosch-szaraz-kutyaeledel-maxi-junior-15kg/", "product_description": "Különleges kihívás a nagytestű kutyák (25 kg-os felnőtt testsúly felett) megfelelő táplálása a növekedés időszakában. Az optimális növekedéshez a porc- és ízületi problémák elkerülése érdekében ajánljuk ezt a tápot. A MAXI JUNIOR redukált fehérje- 24% és mérsékelt energiatartalma előfeltétele az optimális fejlődésnek. A tápban lévő kagylókivonat támogatja a porcok és ízületek fejlődését, a falatok formája és nagysága a tápanyag feldolgozását segíti elő. Jellemzők: -a növekedéshez szükséges redukált fehérje (24%) közepes zsírtartalom (12%) mellett -optimális növekedés -tartalmaz kolosztrumot, amely erősíti a fiatal kutyák immunrendszerét -tartalmaz mannánokat és glükánokat a bélflóra és az immunrendszer stabilizálására -kagylókivonat a porcoknak és az ízületeknek -a nagytestű kutyák fejlődéséhez megfelelő mennyiségű ásványi anyag tartalom -nem tartalmaz búzát és származékát Összetétel: friss szárnyas hús (min. 25%),rizs, árpa, szárnyas húsliszt, kukorica, szárított cukorrépa (cukor nélkül), állati zsír, hidrolizált protein, halliszt, tojáspor, lenmag, borsó, élesztő (dehidratált, 0,1% mannán-oligoszacharidok, 0,06% β-glükánok), halolaj, kolosztrum (0,35), nátrium klorid, zöldkagyló-kivonat (0,1%), kálium klorid, cikóriasaláta por. Analitikai összetevők: fehérje 24,0%, zsírtartalom 12,0%, nyersrost 2,5%, nyershamu 6,0%, kalcium 1,2%, foszfor 0,90%. Adalékanyagok/ kg: Tápértékkel rendelkező adalékanyagok 1 kg: A-vitamin 15 000 NE, D3-vitamin 1 200 NE, E-vitamin 150 mg, cink (cink-oxid formájában) 90 mg, cink (aminosav-cink-kelát, -hidrát) 75 mg, réz (réz (II) -szulfát, pentahidrát) ) 10 mg, jód (vízmentes kalcium-jodát formájában) 2 mg, szelén (nátrium-szelenit formájában) 0,2 mg. Tovább olvasok"}
{"breadcrumb": "Főoldal/Kutya/Eledelek/Száraz eledelek/Brit Care Grain-Free Large Breed száraz kutyaeledel adult 12kg", "product_name": "Brit Care Grain-Free Large Breed száraz kutyaeledel adult 12kgBrit Care Grain-Free Large Breed száraz kutyaeledel adult 12kg", "brand": "BRITCare10,1 – 12kgFelnőtthal&tenger gyümölcseinagytestű 26kg-tól", "regular_price": "3 799", "selling_price": "3 299", "price_per_unit": "1 KG=2500 Ft", "product_url": "https://webshop.fressnapf.hu/termekek/brit-care-grain-free-large-breed-szaraz-kutyaeledel-adult-12kg/", "product_description": "Szuperprémium gabonamentes táplálék az egészséges bőrért és bundáért, szív- és érrendszerért, a kiváló fizikai erőnlétért és immunitásért a nagy testű kutyafajták felnőtt egyedei számára. Létfontosságú ízületvédő anyagokat tartalmaz az egészséges ízületekért és porcokért. Magas tápértékű fehérjéket és zsírsavakat tartalmaz, hogy hozzájáruljon az egészséges bőrhöz és bundához. A gabonamentes receptúra ideális olyan kutyák számára, akik bundaápolása kihívást jelent, akiknek optimálisan kell tartaniuk fizikai állapotukat, valamint olyanok számára, akik más fajtájú táplálékra allergiások. Ízületek és porcok Az ízületvédő anyagok hozzájárulnak az egészséges ízületekhez, csontokhoz és porcokhoz, ami a nagy testű fajtáknál alapvetően fontos Immunitás A probiotikumok és az antioxidánsok erősítik az immunrendszert, és hozzájárulnak az emésztőrendszer egészségéhez Izmok Omega-3 zsírsavakban gazdag, hogy fokozza az izomszintézist és hozzájáruljon a gyorsabb regenerálódáshoz Összetétel: lazac (48 %) (dehidratált lazac, hidrolizált lazac), burgonya (30 %), szárított almapép, csirkezsír, lazacolaj (3 %), természetes aromák, sörélesztő, borsóliszt, glükózamin (260 mg/kg), frukto-oligoszacharidok (200 mg/kg), kondroitin-szulfát (200 mg/kg), mannán-oligoszacharidok (150 mg/kg), yucca schidigera (150 mg/kg), máriatövismag (90 mg/kg), β-glükánok (50 mg/kg), szárított szúrós gyöngyajak (50 mg/kg), szárított homoktövis (50 mg/kg), Lactobacillus helveticus HA – 122 inaktivált probiotikumok (15×109 sejt/kg). analitikai alkotóelemek: nyersfehérje 25,0 %, nyerszsír 14,0 %, nedvesség 10,0 %, nyershamu 6,5 %, nyersrost 4,0 %, kalcium 1,1 %, foszfor 0,8 %, nátrium 0,4 %, omega-3 zsírsavak 1,0 %, omega-6 zsírsavak 1,7 %, EPA (20:5 n-3) 0,12 %, DHA (22:6 n-3) 0,16 %. Tápanyag összetétele: A-vitamin (3a672a) 20000 IU, D3-vitamin (3a671) 1500 IU, E-vitamin (3a700) 500 mg, C-vitamin (3a312) 300 mg, taurin (3a370) 1500 mg, kolin-klorid (3a890) 1800 mg, L-karnitin (3a910) 250 mg, B1-vitamin (3a821) 2,5 mg, B2-vitamin (3a825i) 9,6 mg, biotin (3a880) 3,5 mg, folsav (3a316) 1,2 mg, B6-vitamin (3a831) 2,5 mg, D-kalcium pantotenát (3a841) 25 mg, niacinamid (3a315) 32,5 mg, B12-vitamin 0,1 mg, jód (3b201) 0,8 mg, szerves cink (3b606) 85 mg, szerves mangán (3b504) 40 mg, szerves réz (3b406) 18 mg, szerves vas (3b106) 75 mg, szerves szelén (3b810) 0,16 mg. EU által jóváhagyott antioxidánsokat tartalmaz: növényi olajok tokoferol tartalmú kivonatai (1b306(i)), aszkorbil-palmitát (1b304) és rozmaringkivonat. Metabolizable energy: 3640 kcal/kg. Tovább olvasok"}
{"breadcrumb": "Főoldal/Kutya/Eledelek/Száraz eledelek/Brit Care Grain-Free Large Breed száraz kutyaeledel adult 3kg", "product_name": "Brit Care Grain-Free Large Breed száraz kutyaeledel adult 3kgBrit Care Grain-Free Large Breed száraz kutyaeledel adult 3kg", "brand": "BRITCare1,1kg – 4kgFelnőtthal&tenger gyümölcseinagytestű 26kg-tól", "regular_price": "3 699", "selling_price": "3 299", "price_per_unit": "1 KG=3000 Ft", "product_url": "https://webshop.fressnapf.hu/termekek/brit-care-grain-free-large-breed-szaraz-kutyaeledel-adult-3kg/", "product_description": "Szuperprémium gabonamentes táplálék az egészséges bőrért és bundáért, szív- és érrendszerért, a kiváló fizikai erőnlétért és immunitásért a nagy testű kutyafajták felnőtt egyedei számára. Létfontosságú ízületvédő anyagokat tartalmaz az egészséges ízületekért és porcokért. Magas tápértékű fehérjéket és zsírsavakat tartalmaz, hogy hozzájáruljon az egészséges bőrhöz és bundához. A gabonamentes receptúra ideális olyan kutyák számára, akik bundaápolása kihívást jelent, akiknek optimálisan kell tartaniuk fizikai állapotukat, valamint olyanok számára, akik más fajtájú táplálékra allergiások. Ízületek és porcok Az ízületvédő anyagok hozzájárulnak az egészséges ízületekhez, csontokhoz és porcokhoz, ami a nagy testű fajtáknál alapvetően fontos Immunitás A probiotikumok és az antioxidánsok erősítik az immunrendszert, és hozzájárulnak az emésztőrendszer egészségéhez Izmok Omega-3 zsírsavakban gazdag, hogy fokozza az izomszintézist és hozzájáruljon a gyorsabb regenerálódáshoz Összetétel: lazac (48 %) (dehidratált lazac, hidrolizált lazac), burgonya (30 %), szárított almapép, csirkezsír, lazacolaj (3 %), természetes aromák, sörélesztő, borsóliszt, glükózamin (260 mg/kg), frukto-oligoszacharidok (200 mg/kg), kondroitin-szulfát (200 mg/kg), mannán-oligoszacharidok (150 mg/kg), yucca schidigera (150 mg/kg), máriatövismag (90 mg/kg), β-glükánok (50 mg/kg), szárított szúrós gyöngyajak (50 mg/kg), szárított homoktövis (50 mg/kg), Lactobacillus helveticus HA – 122 inaktivált probiotikumok (15×109 sejt/kg). analitikai alkotóelemek: nyersfehérje 25,0 %, nyerszsír 14,0 %, nedvesség 10,0 %, nyershamu 6,5 %, nyersrost 4,0 %, kalcium 1,1 %, foszfor 0,8 %, nátrium 0,4 %, omega-3 zsírsavak 1,0 %, omega-6 zsírsavak 1,7 %, EPA (20:5 n-3) 0,12 %, DHA (22:6 n-3) 0,16 %. Tápanyag összetétele: A-vitamin (3a672a) 20000 IU, D3-vitamin (3a671) 1500 IU, E-vitamin (3a700) 500 mg, C-vitamin (3a312) 300 mg, taurin (3a370) 1500 mg, kolin-klorid (3a890) 1800 mg, L-karnitin (3a910) 250 mg, B1-vitamin (3a821) 2,5 mg, B2-vitamin (3a825i) 9,6 mg, biotin (3a880) 3,5 mg, folsav (3a316) 1,2 mg, B6-vitamin (3a831) 2,5 mg, D-kalcium pantotenát (3a841) 25 mg, niacinamid (3a315) 32,5 mg, B12-vitamin 0,1 mg, jód (3b201) 0,8 mg, szerves cink (3b606) 85 mg, szerves mangán (3b504) 40 mg, szerves réz (3b406) 18 mg, szerves vas (3b106) 75 mg, szerves szelén (3b810) 0,16 mg. EU által jóváhagyott antioxidánsokat tartalmaz: növényi olajok tokoferol tartalmú kivonatai (1b306(i)), aszkorbil-palmitát (1b304) és rozmaringkivonat. Metabolizable energy: 3640 kcal/kg. Tovább olvasok"}
{"breadcrumb": "Főoldal/Kutya/Eledelek/Száraz eledelek/Brit Care Grain-Free Senior&Light száraz kutyaeledel 12kg", "product_name": "Brit Care Grain-Free Senior&Light száraz kutyaeledel 12kgBrit Care Grain-Free Senior&Light száraz kutyaeledel 12kg", "brand": "BRITCare10,1 – 12kgIdőshal&tenger gyümölcseigabonamentes", "regular_price": "3 499", "selling_price": "2 999", "price_per_unit": "1 KG=2500 Ft", "product_url": "https://webshop.fressnapf.hu/termekek/brit-care-grain-free-seniorlight-szaraz-kutyaeledel-12kg/", "product_description": "Szuperprémium gabonamentes táplálék az egészséges bőrért és bundáért, szív- és érrendszerért, a kiváló fizikai erőnlétért és immunitásért a nagy testű kutyafajták idős egyedei számára. Létfontosságú ízületvédő anyagokat tartalmaz az egészséges ízületekért és porcokért. Magas tápértékű fehérjéket és zsírsavakat tartalmaz, hogy hozzájáruljon az egészséges bőrhöz és bundához. A gabonamentes receptúra ideális olyan kutyák számára, akik bundaápolása kihívást jelent, akiknek optimálisan kell tartaniuk fizikai állapotukat, valamint olyanok számára, akik más fajtájú táplálékra allergiások. Súlykezelés Gabonamentes receptúra, diétás rostban gazdag, kiváló táplálás a kutya súlykezeléséhez Kardió A taurin a vérnyomás csökkentésével és az idegrendszer megnyugtatásával hozzájárul a megfelelő szívműködéshez Ízületek és porcok Az ízületvédő anyagok hozzájárulnak az egészséges ízületekhez, csontokhoz és porcokhoz, ami az idős kutyáknál alapvetően fontos Összetétel: lazac (48 %) (dehidratált lazac, hidrolizált lazac), burgonya (30 %), szárított almapép, csirkezsír, lignocellulóz, sörélesztő, lazacolaj (3 %), természetes aromák, borsóliszt, glükózamin (260 mg/kg), frukto-oligoszacharidok (200 mg/kg), kondroitin-szulfát (200 mg/kg), mannán-oligoszacharidok (150 mg/kg), yucca schidigera (150 mg/kg), máriatövismag (90 mg/kg), β-glükánok (50 mg/kg), szárított szúrós gyöngyajak (50 mg/kg), szárított homoktövis (50 mg/kg), Lactobacillus helveticus HA – 122 inaktivált probiotikumok (15×109 sejt/kg). analitikai alkotóelemek: nyersfehérje 25,0 %, nyerszsír 12,0 %, nedvesség 10,0 %, nyershamu 6,5 %, nyersrost 6,2 %, kalcium 1,1 %, foszfor 0,8 %, nátrium 0,4 %, omega-3 zsírsavak 0,9 %, omega-6 zsírsavak 1,5 %, EPA (20:5 n-3) 0,12 %, DHA (22:6 n-3) 0,16 %. Tápanyag összetétele: A-vitamin (3a672a) 20000 IU, D3-vitamin (3a671) 1500 IU, E-vitamin (3a700) 500 mg, Cvitamin (3a312) 300 mg, taurin (3a370) 1500 mg, kolin-klorid (3a890) 1800 mg, L-karnitin (3a910) 250 mg, B1-vitamin (3a821) 2,5 mg, B2vitamin (3a825i) 9,6 mg, biotin (3a880) 3,5 mg, folsav (3a316) 1,2 mg, B6-vitamin (3a831) 2,5 mg, D-kalcium pantotenát (3a841) 25 mg, niacinamid (3a315) 32,5 mg, B12-vitamin 0,1 mg, jód (3b201) 0,8 mg, szerves cink (3b606) 85 mg, szerves mangán (3b504) 40 mg, szerves réz (3b406) 18 mg, szerves vas (3b106) 75 mg, szerves szelén (3b810) 0,16 mg. EU által jóváhagyott antioxidánsokat tartalmaz: növényi olajok tokoferol tartalmú kivonatai (1b306(i)), aszkorbil-palmitát (1b304) és rozmaringkivonat. Metabolizable energy: 3410 kcal/kg. Tovább olvasok"}
{"breadcrumb": "Főoldal/Kutya/Eledelek/Száraz eledelek/Brit Care Grain-Free száraz kutyaeledel adult lazac&burgonya 12kg", "product_name": "Brit Care Grain-Free száraz kutyaeledel adult lazac&burgonya 12kgBrit Care Grain-Free száraz kutyaeledel adult lazac&burgonya 12kg", "brand": "BRITCare10,1 – 12kgFelnőtthal&tenger gyümölcseigabonamentes", "regular_price": "9 999", "selling_price": "8 999", "price_per_unit": "1 kg=1958 Ft", "product_url": "https://webshop.fressnapf.hu/termekek/brit-care-grain-free-szaraz-kutyaeledel-adult-lazacburgonya-12kg/", "product_description": "Szuperprémium gabonamentes táplálék az egészséges bőrért és bundáért, szív- és érrendszerért, a kiváló fizikai erőnlétért és immunitásért a kis és közepes testű kutyafajták felnőtt egyedei számára. Magas tápértékű fehérjéket és zsírsavakat tartalmaz, hogy hozzájáruljon az egészséges bőrhöz és bundához. A gabonamentes receptúra ideális olyan kutyák számára, akik bundaápolása kihívást jelent, akiknek optimálisan kell tartaniuk fizikai állapotukat, valamint olyanok számára, akik más fajtájú táplálékra allergiásak. A zsírsavak létfontosságú szerepet játszanak a kölykök és fiatal kutyák egészséges fejlődésében. Izmok Omega-3 zsírsavakban gazdag, hogy fokozza az izomszintézist és hozzájáruljon a gyorsabb regenerálódáshoz Egészséges bőr A homoktövis hozzájárul a vese és a húgyutak egészségéhez Immunitás A probiotikumok és az antioxidánsok erősítik az immunrendszert, és hozzájárulnak az emésztőrendszer egészségéhez Összetétel: lazac (50 %) (dehidratált lazac, hidrolizált lazac), burgonya (26 %), szárított almapép, csirkezsír, lazacolaj (3 %), természetes aromák, borsóliszt, glükózamin (260 mg/kg), frukto-oligoszacharidok (200 mg/kg), kondroitin-szulfát (200 mg/kg), mannán-oligoszacharidok (150 mg/kg), yucca schidigera (150 mg/kg), máriatövismag (90 mg/kg), β-glükánok (50 mg/kg), szárított szúrós gyöngyajak (50 mg/kg), szárított homoktövis (50 mg/kg), Lactobacillus helveticus HA – 122 inaktivált probiotikumok (15×109 sejt/kg). Analitikai alkotóelemek: nyersfehérje 26,0 %, nyerszsír 15,0 %, nedvesség 10,0 %, nyershamu 6,2 %, nyersrost 3,5 %, kalcium 1,1 %, foszfor 0,8 %, nátrium 0,4 %, omega-3 zsírsavak 1,1 %, omega-6 zsírsavak 1,8 %, EPA (20:5 n-3) 0,12 %, DHA (22:6 n-3) 0,16 %. Tápanyag összetétele: A-vitamin (3a672a) 20000 IU, D3-vitamin (3a671) 1500 IU, E-vitamin (3a700) 500 mg, Cvitamin (3a312) 300 mg, taurin (3a370) 1500 mg, kolin-klorid (3a890) 1800 mg, L-karnitin (3a910) 250 mg, B1-vitamin (3a821) 2,5 mg, B2vitamin (3a825i) 9,6 mg, biotin (3a880) 3,5 mg, folsav (3a316) 1,2 mg, B6-vitamin (3a831) 2,5 mg, D-kalcium pantotenát (3a841) 25 mg, niacinamid (3a315) 32,5 mg, B12-vitamin 0,1 mg, jód (3b201) 0,8 mg, szerves cink (3b606) 85 mg, szerves mangán (3b504) 40 mg, szerves réz (3b406) 18 mg, szerves vas (3b106) 75 mg, szerves szelén (3b810) 0,16 mg. EU által jóváhagyott antioxidánsokat tartalmaz: növényi olajok tokoferol tartalmú kivonatai (1b306(i)), aszkorbil-palmitát (1b304) és rozmaringkivonat. Metabolizable energy: 3740 kcal/kg Tovább olvasok"}
{"breadcrumb": "Főoldal/Kutya/Eledelek/Száraz eledelek/Brit Care Grain-Free száraz kutyaeledel adult lazac&burgonya 3kg", "product_name": "Brit Care Grain-Free száraz kutyaeledel adult lazac&burgonya 3kgBrit Care Grain-Free száraz kutyaeledel adult lazac&burgonya 3kg", "brand": "BRITCare1,1kg – 4kgFelnőtthal&tenger gyümölcseigabonamentes", "regular_price": "9 999", "selling_price": "8 999", "price_per_unit": "1 kg=2100 Ft", "product_url": "https://webshop.fressnapf.hu/termekek/brit-care-grain-free-szaraz-kutyaeledel-adult-lazacburgonya-3kg/", "product_description": "Szuperprémium gabonamentes táplálék az egészséges bőrért és bundáért, szív- és érrendszerért, a kiváló fizikai erőnlétért és immunitásért a kis és közepes testű kutyafajták felnőtt egyedei számára. Magas tápértékű fehérjéket és zsírsavakat tartalmaz, hogy hozzájáruljon az egészséges bőrhöz és bundához. A gabonamentes receptúra ideális olyan kutyák számára, akik bundaápolása kihívást jelent, akiknek optimálisan kell tartaniuk fizikai állapotukat, valamint olyanok számára, akik más fajtájú táplálékra allergiásak. A zsírsavak létfontosságú szerepet játszanak a kölykök és fiatal kutyák egészséges fejlődésében. Izmok Omega-3 zsírsavakban gazdag, hogy fokozza az izomszintézist és hozzájáruljon a gyorsabb regenerálódáshoz Egészséges bőr A homoktövis hozzájárul a vese és a húgyutak egészségéhez Immunitás A probiotikumok és az antioxidánsok erősítik az immunrendszert, és hozzájárulnak az emésztőrendszer egészségéhez Összetétel: lazac (50 %) (dehidratált lazac, hidrolizált lazac), burgonya (26 %), szárított almapép, csirkezsír, lazacolaj (3 %), természetes aromák, borsóliszt, glükózamin (260 mg/kg), frukto-oligoszacharidok (200 mg/kg), kondroitin-szulfát (200 mg/kg), mannán-oligoszacharidok (150 mg/kg), yucca schidigera (150 mg/kg), máriatövismag (90 mg/kg), β-glükánok (50 mg/kg), szárított szúrós gyöngyajak (50 mg/kg), szárított homoktövis (50 mg/kg), Lactobacillus helveticus HA – 122 inaktivált probiotikumok (15×109 sejt/kg). Analitikai alkotóelemek: nyersfehérje 26,0 %, nyerszsír 15,0 %, nedvesség 10,0 %, nyershamu 6,2 %, nyersrost 3,5 %, kalcium 1,1 %, foszfor 0,8 %, nátrium 0,4 %, omega-3 zsírsavak 1,1 %, omega-6 zsírsavak 1,8 %, EPA (20:5 n-3) 0,12 %, DHA (22:6 n-3) 0,16 %. Tápanyag összetétele: A-vitamin (3a672a) 20000 IU, D3-vitamin (3a671) 1500 IU, E-vitamin (3a700) 500 mg, Cvitamin (3a312) 300 mg, taurin (3a370) 1500 mg, kolin-klorid (3a890) 1800 mg, L-karnitin (3a910) 250 mg, B1-vitamin (3a821) 2,5 mg, B2vitamin (3a825i) 9,6 mg, biotin (3a880) 3,5 mg, folsav (3a316) 1,2 mg, B6-vitamin (3a831) 2,5 mg, D-kalcium pantotenát (3a841) 25 mg, niacinamid (3a315) 32,5 mg, B12-vitamin 0,1 mg, jód (3b201) 0,8 mg, szerves cink (3b606) 85 mg, szerves mangán (3b504) 40 mg, szerves réz (3b406) 18 mg, szerves vas (3b106) 75 mg, szerves szelén (3b810) 0,16 mg. EU által jóváhagyott antioxidánsokat tartalmaz: növényi olajok tokoferol tartalmú kivonatai (1b306(i)), aszkorbil-palmitát (1b304) és rozmaringkivonat. Metabolizable energy: 3740 kcal/kg Tovább olvasok"}
{"breadcrumb": "Főoldal/Kutya/Eledelek/Száraz eledelek/Brit Care Grain-Free száraz kutyaeledel puppy lazac&burgonya 12kg", "product_name": "Brit Care Grain-Free száraz kutyaeledel puppy lazac&burgonya 12kgBrit Care Grain-Free száraz kutyaeledel puppy lazac&burgonya 12kg", "brand": "BRITCare10,1 – 12kgKölyökhal&tenger gyümölcseigabonamentes", "regular_price": "9 999", "selling_price": "8 999", "price_per_unit": "1 kg=2250 Ft", "product_url": "https://webshop.fressnapf.hu/termekek/brit-care-grain-free-szaraz-kutyaeledel-puppy-lazacburgonya-12kg/", "product_description": "Szuperprémium gabonamentes táplálék a kölykök egészséges fejlődéséhez és immuntámogatásához. Magas tápértékű fehérjéket és zsírsavakat tartalmaz, hogy hozzájáruljon az egészséges bőrhöz és bundához, a mentális képességekhez, valamint a tökéletes testi erőnléthez. A gabonamentes receptúra ideális olyan kutyák számára, akik bundaápolása kihívást jelent, akiknek optimálisan kell tartaniuk fizikai állapotukat, valamint olyanok számára, akik más fajtájú táplálékra allergiásak. A zsírsavak létfontosságú szerepet játszanak a kölykök és fiatal kutyák egészséges fejlődésében. Egészséges növekedés Ideális a kalória, a kalcium és a foszfor aránya, hogy támogassa a folyamatos és egészséges növekedést Izmok Omega-3 zsírsavakban gazdag, hogy fokozza az izomszintézist és hozzájáruljon a gyorsabb regenerálódáshoz Immunitás A probiotikumok és az antioxidánsok erősítik az immunrendszert, és hozzájárulnak az emésztőrendszer egészségéhez Összetétel: lazac (55 %) (dehidratált lazac, hidrolizált lazac), burgonya (26 %), csirkezsír, lazacolaj (3 %), szárított almapép, természetes aromák, sörélesztő, hidrolizált élesztő (0,5 % – inozitol- és aminosavforrás), borsóliszt, glükózamin (300 mg/kg), frukto-oligoszacharidok (230 mg/kg), kondroitin-szulfát (230 mg/kg), mannán-oligoszacharidok (180 mg/kg), yucca schidigera (180 mg/kg), máriatövismag (110 mg/kg), β-glükánok (60 mg/kg), szárított szúrós gyöngyajak (60 mg/kg), szárított homoktövis (60 mg/kg), Lactobacillus helveticus HA – 122 inaktivált probiotikumok (15×109 sejt/kg). Analitikai alkotóelemek: nyersfehérje 30,0 %, nyerszsír 18,0 %, nedvesség 10,0 %, nyershamu 7,0 %, nyersrost 2,5 %, kalcium 1,2 %, foszfor 0,9 %, nátrium 0,5 %, omega-3 zsírsavak 1,3 %, omega-6 zsírsavak 2,3 %, EPA (20:5 n-3) 0,12 %, DHA (22:6 n-3) 0,16 %. Tápanyag összetétele: A-vitamin (3a672a) 23000 IU, D3-vitamin (3a671) 1700 IU, E-vitamin (3a700) 550 mg, Cvitamin (3a312) 350 mg, taurin (3a370) 1500 mg, kolin-klorid (3a890) 1800 mg, L-karnitin (3a910) 300 mg, B1-vitamin (3a821) 3 mg, B2vitamin (3a825i) 11 mg, biotin (3a880) 4 mg, folsav (3a316) 1,4 mg, B6-vitamin (3a831) 3 mg, D-kalcium pantotenát (3a841) 30 mg, niacinamid (3a315) 38 mg, B12-vitamin 0,12 mg, jód (3b201) 0,9 mg, szerves cink (3b606) 100 mg, szerves mangán (3b504) 45 mg, szerves réz (3b406) 20 mg, szerves vas (3b106) 88 mg, szerves szelén (3b810) 0,18 mg. EU által jóváhagyott antioxidánsokat tartalmaz: növényi olajok tokoferol tartalmú kivonatai (1b306(i)), aszkorbil-palmitát (1b304) és rozmaringkivonat. Metabolizable energy: 3930 kcal/kg. Tovább olvasok"}
{"breadcrumb": "Főoldal/Kutya/Eledelek/Száraz eledelek/Brit Care Grain-Free száraz kutyaeledel puppy lazac&burgonya 1kg", "product_name": "Brit Care Grain-Free száraz kutyaeledel puppy lazac&burgonya 1kgBrit Care Grain-Free száraz kutyaeledel puppy lazac&burgonya 1kg", "brand": "BRITCare801g – 1kgKölyökhal&tenger gyümölcseigabonamentes", "regular_price": "3 699", "selling_price": "3 499", "price_per_unit": "1 kg=2699 Ft", "product_url": "https://webshop.fressnapf.hu/termekek/brit-care-grain-free-szaraz-kutyaeledel-puppy-lazacburgonya-1kg/", "product_description": "Szuperprémium gabonamentes táplálék a kölykök egészséges fejlődéséhez és immuntámogatásához. Magas tápértékű fehérjéket és zsírsavakat tartalmaz, hogy hozzájáruljon az egészséges bőrhöz és bundához, a mentális képességekhez, valamint a tökéletes testi erőnléthez. A gabonamentes receptúra ideális olyan kutyák számára, akik bundaápolása kihívást jelent, akiknek optimálisan kell tartaniuk fizikai állapotukat, valamint olyanok számára, akik más fajtájú táplálékra allergiásak. A zsírsavak létfontosságú szerepet játszanak a kölykök és fiatal kutyák egészséges fejlődésében. Egészséges növekedés Ideális a kalória, a kalcium és a foszfor aránya, hogy támogassa a folyamatos és egészséges növekedést Izmok Omega-3 zsírsavakban gazdag, hogy fokozza az izomszintézist és hozzájáruljon a gyorsabb regenerálódáshoz Immunitás A probiotikumok és az antioxidánsok erősítik az immunrendszert, és hozzájárulnak az emésztőrendszer egészségéhez Összetétel: lazac (55 %) (dehidratált lazac, hidrolizált lazac), burgonya (26 %), csirkezsír, lazacolaj (3 %), szárított almapép, természetes aromák, sörélesztő, hidrolizált élesztő (0,5 % – inozitol- és aminosavforrás), borsóliszt, glükózamin (300 mg/kg), frukto-oligoszacharidok (230 mg/kg), kondroitin-szulfát (230 mg/kg), mannán-oligoszacharidok (180 mg/kg), yucca schidigera (180 mg/kg), máriatövismag (110 mg/kg), β-glükánok (60 mg/kg), szárított szúrós gyöngyajak (60 mg/kg), szárított homoktövis (60 mg/kg), Lactobacillus helveticus HA – 122 inaktivált probiotikumok (15×109 sejt/kg). Analitikai alkotóelemek: nyersfehérje 30,0 %, nyerszsír 18,0 %, nedvesség 10,0 %, nyershamu 7,0 %, nyersrost 2,5 %, kalcium 1,2 %, foszfor 0,9 %, nátrium 0,5 %, omega-3 zsírsavak 1,3 %, omega-6 zsírsavak 2,3 %, EPA (20:5 n-3) 0,12 %, DHA (22:6 n-3) 0,16 %. Tápanyag összetétele: A-vitamin (3a672a) 23000 IU, D3-vitamin (3a671) 1700 IU, E-vitamin (3a700) 550 mg, Cvitamin (3a312) 350 mg, taurin (3a370) 1500 mg, kolin-klorid (3a890) 1800 mg, L-karnitin (3a910) 300 mg, B1-vitamin (3a821) 3 mg, B2vitamin (3a825i) 11 mg, biotin (3a880) 4 mg, folsav (3a316) 1,4 mg, B6-vitamin (3a831) 3 mg, D-kalcium pantotenát (3a841) 30 mg, niacinamid (3a315) 38 mg, B12-vitamin 0,12 mg, jód (3b201) 0,9 mg, szerves cink (3b606) 100 mg, szerves mangán (3b504) 45 mg, szerves réz (3b406) 20 mg, szerves vas (3b106) 88 mg, szerves szelén (3b810) 0,18 mg. EU által jóváhagyott antioxidánsokat tartalmaz: növényi olajok tokoferol tartalmú kivonatai (1b306(i)), aszkorbil-palmitát (1b304) és rozmaringkivonat. Metabolizable energy: 3930 kcal/kg. Tovább olvasok"}
{"breadcrumb": "Főoldal/Kutya/Eledelek/Száraz eledelek/Brit Care Grain-Free száraz kutyaeledel puppy lazac&burgonya 3kg", "product_name": "Brit Care Grain-Free száraz kutyaeledel puppy lazac&burgonya 3kgBrit Care Grain-Free száraz kutyaeledel puppy lazac&burgonya 3kg", "brand": "BRITCare1,1kg – 4kgKölyökhal&tenger gyümölcseigabonamentes", "regular_price": "3 799", "selling_price": "3 299", "price_per_unit": "1 kg=2400 Ft", "product_url": "https://webshop.fressnapf.hu/termekek/brit-care-grain-free-szaraz-kutyaeledel-puppy-lazacburgonya-3kg/", "product_description": "Szuperprémium gabonamentes táplálék a kölykök egészséges fejlődéséhez és immuntámogatásához. Magas tápértékű fehérjéket és zsírsavakat tartalmaz, hogy hozzájáruljon az egészséges bőrhöz és bundához, a mentális képességekhez, valamint a tökéletes testi erőnléthez. A gabonamentes receptúra ideális olyan kutyák számára, akik bundaápolása kihívást jelent, akiknek optimálisan kell tartaniuk fizikai állapotukat, valamint olyanok számára, akik más fajtájú táplálékra allergiásak. A zsírsavak létfontosságú szerepet játszanak a kölykök és fiatal kutyák egészséges fejlődésében. Egészséges növekedés Ideális a kalória, a kalcium és a foszfor aránya, hogy támogassa a folyamatos és egészséges növekedést Izmok Omega-3 zsírsavakban gazdag, hogy fokozza az izomszintézist és hozzájáruljon a gyorsabb regenerálódáshoz Immunitás A probiotikumok és az antioxidánsok erősítik az immunrendszert, és hozzájárulnak az emésztőrendszer egészségéhez Összetétel: lazac (55 %) (dehidratált lazac, hidrolizált lazac), burgonya (26 %), csirkezsír, lazacolaj (3 %), szárított almapép, természetes aromák, sörélesztő, hidrolizált élesztő (0,5 % – inozitol- és aminosavforrás), borsóliszt, glükózamin (300 mg/kg), frukto-oligoszacharidok (230 mg/kg), kondroitin-szulfát (230 mg/kg), mannán-oligoszacharidok (180 mg/kg), yucca schidigera (180 mg/kg), máriatövismag (110 mg/kg), β-glükánok (60 mg/kg), szárított szúrós gyöngyajak (60 mg/kg), szárított homoktövis (60 mg/kg), Lactobacillus helveticus HA – 122 inaktivált probiotikumok (15×109 sejt/kg). Analitikai alkotóelemek: nyersfehérje 30,0 %, nyerszsír 18,0 %, nedvesség 10,0 %, nyershamu 7,0 %, nyersrost 2,5 %, kalcium 1,2 %, foszfor 0,9 %, nátrium 0,5 %, omega-3 zsírsavak 1,3 %, omega-6 zsírsavak 2,3 %, EPA (20:5 n-3) 0,12 %, DHA (22:6 n-3) 0,16 %. Tápanyag összetétele: A-vitamin (3a672a) 23000 IU, D3-vitamin (3a671) 1700 IU, E-vitamin (3a700) 550 mg, Cvitamin (3a312) 350 mg, taurin (3a370) 1500 mg, kolin-klorid (3a890) 1800 mg, L-karnitin (3a910) 300 mg, B1-vitamin (3a821) 3 mg, B2vitamin (3a825i) 11 mg, biotin (3a880) 4 mg, folsav (3a316) 1,4 mg, B6-vitamin (3a831) 3 mg, D-kalcium pantotenát (3a841) 30 mg, niacinamid (3a315) 38 mg, B12-vitamin 0,12 mg, jód (3b201) 0,9 mg, szerves cink (3b606) 100 mg, szerves mangán (3b504) 45 mg, szerves réz (3b406) 20 mg, szerves vas (3b106) 88 mg, szerves szelén (3b810) 0,18 mg. EU által jóváhagyott antioxidánsokat tartalmaz: növényi olajok tokoferol tartalmú kivonatai (1b306(i)), aszkorbil-palmitát (1b304) és rozmaringkivonat. Metabolizable energy: 3930 kcal/kg. Tovább olvasok"}
{"breadcrumb": "Főoldal/Kutya/Eledelek/Száraz eledelek/Brit Care Grain-Free száraz kutyaeledel sensitive szarvas 12kg", "product_name": "Brit Care Grain-Free száraz kutyaeledel sensitive szarvas 12kgBrit Care Grain-Free száraz kutyaeledel sensitive szarvas 12kg", "brand": "BRITCare10,1 – 12kgFelnőttvadérzékeny emésztésű", "regular_price": "3 499", "selling_price": "2 999", "price_per_unit": "1 KG=2750 Ft", "product_url": "https://webshop.fressnapf.hu/termekek/brit-care-grain-free-szaraz-kutyaeledel-sensitive-szarvas-12kg/", "product_description": "Szuperprémium gabonamentes táplálék, amelyet kifejezetten az érzékeny emésztésű és az ételintoleranciával küzdő kutyák számára alakítottak ki. A vadprotein csökkenti a táplálékra adott nemkívánatos reakciók kockázatát emésztési vagy bőrproblémák esetén. A máriatövis támogatja a májműködést, és segít ellenállni az emésztőrendszeri vagy a bőrgyulladásnak. Az omega-3 zsírsavak, például az ALA, EPA, és DHA, növelik a bőr hidratációját, hozzájárulnak az egészséges és csillogó bundához. Ideális a más fajtájú táplálékra rosszul reagáló kutyák számára. Nincs benne csirkeháj Vad alapú receptúra a kellemetlen reakciók kiküszöbölésére Bőr és bunda A rengeteg omega-3 zsírsav csillogóvá teszi a szőrt, és hozzájárul a bőr egészségéhez Immunitás A probiotikumok és az antioxidánsok erősítik az immunrendszert, és hozzájárulnak az emésztőrendszer egészségéhez Összetétel: dehidratált vadhús (36 %), burgonya (30 %), kókuszolaj, szárított almapép, lazacolaj (5 %), lenmag (4 %), sörélesztő, borsóliszt, glükózamin (300 mg/kg), frukto-oligoszacharidok (230 mg/kg), kondroitin-szulfát (230 mg/kg), mannán-oligoszacharidok (180 mg/kg), yucca schidigera (180 mg/kg), máriatövismag (110 mg/kg), β-glükánok (60 mg/kg), szárított szúrós gyöngyajak (60 mg/kg), szárított homoktövis (60 mg/kg), Lactobacillus helveticus HA – 122 inaktivált probiotikumok (15×109 sejt/kg). analitikai alkotóelemek: nyersfehérje 25,0 %, nyerszsír 14,0 %, nedvesség 10,0 %, nyershamu 8,5 %, nyersrost 3,0 %, kalcium 1,7 %, foszfor 1,2 %, nátrium 0,2 %, omega-3 zsírsavak 1,0 %, omega-6 zsírsavak 0,8 %, EPA (20:5 n-3) 0,06 %, DHA (22:6 n-3) 0,12 %. Tápanyag összetétele: A-vitamin (3a672a) 23000 IU, D3-vitamin (3a671) 1700 IU, E-vitamin (3a700) 550 mg, C-vitamin (3a312) 350 mg, taurin (3a370) 1500 mg, kolin-klorid (3a890) 1800 mg, L-karnitin (3a910) 300 mg, B1-vitamin (3a821) 3 mg, B2-vitamin (3a825i) 11 mg, biotin (3a880) 4 mg, folsav (3a316) 1,4 mg, B6-vitamin (3a831) 3 mg, D-kalcium pantotenát (3a841) 30 mg, niacinamid (3a315) 38 mg, B12-vitamin 0,12 mg, jód (3b201) 0,9 mg, szerves cink (3b606) 100 mg, szerves mangán (3b504) 45 mg, szerves réz (3b406) 20 mg, szerves vas (3b106) 88 mg, szerves szelén (3b810) 0,18 mg. EU által jóváhagyott antioxidánsokat tartalmaz: növényi olajok tokoferol tartalmú kivonatai (1b306(i)), aszkorbil-palmitát (1b304) és rozmaringkivonat. Metabolizable energy: 3,640 kcal/kg. Tovább olvasok"}
{"breadcrumb": "Főoldal/Kutya/Eledelek/Száraz eledelek/Brit Care Grain-Free száraz kutyaeledel sensitive szarvas 1kg", "product_name": "Brit Care Grain-Free száraz kutyaeledel sensitive szarvas 1kgBrit Care Grain-Free száraz kutyaeledel sensitive szarvas 1kg", "brand": "BRITCare801g – 1kgFelnőttvadgabonamentes", "regular_price": "9 999", "selling_price": "8 999", "price_per_unit": "1 kg=2799 Ft", "product_url": "https://webshop.fressnapf.hu/termekek/brit-care-grain-free-szaraz-kutyaeledel-sensitive-szarvas-1kg/", "product_description": "Szuperprémium gabonamentes táplálék, amelyet kifejezetten az érzékeny emésztésű és az ételintoleranciával küzdő kutyák számára alakítottak ki. A vadprotein csökkenti a táplálékra adott nemkívánatos reakciók kockázatát emésztési vagy bőrproblémák esetén. A máriatövis támogatja a májműködést, és segít ellenállni az emésztőrendszeri vagy a bőrgyulladásnak. Az omega-3 zsírsavak, például az ala, epa, és dha, növelik a bőr hidratációját, hozzájárulnak az egészséges és csillogó bundához. Ideális a más fajtájú táplálékra rosszul reagáló kutyák számára. Nincs benne csirkezsír Vad alapú receptúra a kellemetlen reakciók kiküszöbölésére Bőr és bunda A rengeteg omega-3 zsírsav csillogóvá teszi a szőrt, és hozzájárul a bőr egészségéhez Immunitás A probiotikumok és az antioxidánsok erősítik az immunrendszert, és hozzájárulnak az emésztőrendszer egészségéhez Összetétel: dehidratált vadhús (36 %), burgonya (30 %), kókuszolaj, szárított almapép, lazacolaj (5 %), lenmag (4 %), sörélesztő, borsóliszt, glükózamin (300 mg/kg), frukto-oligoszacharidok (230 mg/kg), kondroitin-szulfát (230 mg/kg), mannán-oligoszacharidok (180 mg/kg), yucca schidigera (180 mg/kg), máriatövismag (110 mg/kg), β-glükánok (60 mg/kg), szárított szúrós gyöngyajak (60 mg/kg), szárított homoktövis (60 mg/kg), Lactobacillus helveticus HA – 122 inaktivált probiotikumok (15×109 sejt/kg). Analitikai alkotóelemek: nyersfehérje 25,0 %, nyerszsír 14,0 %, nedvesség 10,0 %, nyershamu 8,5 %, nyersrost 3,0 %, kalcium 1,7 %, foszfor 1,2 %, nátrium 0,2 %, omega-3 zsírsavak 1,0 %, omega-6 zsírsavak 0,8 %, EPA (20:5 n-3) 0,06 %, DHA (22:6 n-3) 0,12 %. Tápanyag összetétele: A-vitamin (3a672a) 23000 IU, D3-vitamin (3a671) 1700 IU, E-vitamin (3a700) 550 mg, C-vitamin (3a312) 350 mg, taurin (3a370) 1500 mg, kolin-klorid (3a890) 1800 mg, L-karnitin (3a910) 300 mg, B1-vitamin (3a821) 3 mg, B2-vitamin (3a825i) 11 mg, biotin (3a880) 4 mg, folsav (3a316) 1,4 mg, B6-vitamin (3a831) 3 mg, D-kalcium pantotenát (3a841) 30 mg, niacinamid (3a315) 38 mg, B12-vitamin 0,12 mg, jód (3b201) 0,9 mg, szerves cink (3b606) 100 mg, szerves mangán (3b504) 45 mg, szerves réz (3b406) 20 mg, szerves vas (3b106) 88 mg, szerves szelén (3b810) 0,18 mg. EU által jóváhagyott antioxidánsokat tartalmaz: növényi olajok tokoferol tartalmú kivonatai (1b306(i)), aszkorbil-palmitát (1b304) és rozmaringkivonat. Metabolizable energy: 3,640 kcal/kg. Tovább olvasok"}
{"breadcrumb": "Főoldal/Kutya/Eledelek/Száraz eledelek/Brit Care Grain-Free száraz kutyaeledel sensitive szarvas 3kg", "product_name": "Brit Care Grain-Free száraz kutyaeledel sensitive szarvas 3kgBrit Care Grain-Free száraz kutyaeledel sensitive szarvas 3kg", "brand": "BRITCare1,1kg – 4kgFelnőttvadgabonamentes", "regular_price": "3 399", "selling_price": "2 999", "price_per_unit": "1 kg=3666 Ft", "product_url": "https://webshop.fressnapf.hu/termekek/brit-care-grain-free-szaraz-kutyaeledel-sensitive-szarvas-3kg/", "product_description": "Szuperprémium gabonamentes táplálék, amelyet kifejezetten az érzékeny emésztésű és az ételintoleranciával küzdő kutyák számára alakítottak ki. A vadprotein csökkenti a táplálékra adott nemkívánatos reakciók kockázatát emésztési vagy bőrproblémák esetén. A máriatövis támogatja a májműködést, és segít ellenállni az emésztőrendszeri vagy a bőrgyulladásnak. Az omega-3 zsírsavak, például az ala, epa, és dha, növelik a bőr hidratációját, hozzájárulnak az egészséges és csillogó bundához. Ideális a más fajtájú táplálékra rosszul reagáló kutyák számára. Nincs benne csirkezsír Vad alapú receptúra a kellemetlen reakciók kiküszöbölésére Bőr és bunda A rengeteg omega-3 zsírsav csillogóvá teszi a szőrt, és hozzájárul a bőr egészségéhez Immunitás A probiotikumok és az antioxidánsok erősítik az immunrendszert, és hozzájárulnak az emésztőrendszer egészségéhez Összetétel: dehidratált vadhús (36 %), burgonya (30 %), kókuszolaj, szárított almapép, lazacolaj (5 %), lenmag (4 %), sörélesztő, borsóliszt, glükózamin (300 mg/kg), frukto-oligoszacharidok (230 mg/kg), kondroitin-szulfát (230 mg/kg), mannán-oligoszacharidok (180 mg/kg), yucca schidigera (180 mg/kg), máriatövismag (110 mg/kg), β-glükánok (60 mg/kg), szárított szúrós gyöngyajak (60 mg/kg), szárított homoktövis (60 mg/kg), Lactobacillus helveticus HA – 122 inaktivált probiotikumok (15×109 sejt/kg). Analitikai alkotóelemek: nyersfehérje 25,0 %, nyerszsír 14,0 %, nedvesség 10,0 %, nyershamu 8,5 %, nyersrost 3,0 %, kalcium 1,7 %, foszfor 1,2 %, nátrium 0,2 %, omega-3 zsírsavak 1,0 %, omega-6 zsírsavak 0,8 %, EPA (20:5 n-3) 0,06 %, DHA (22:6 n-3) 0,12 %. Tápanyag összetétele: A-vitamin (3a672a) 23000 IU, D3-vitamin (3a671) 1700 IU, E-vitamin (3a700) 550 mg, C-vitamin (3a312) 350 mg, taurin (3a370) 1500 mg, kolin-klorid (3a890) 1800 mg, L-karnitin (3a910) 300 mg, B1-vitamin (3a821) 3 mg, B2-vitamin (3a825i) 11 mg, biotin (3a880) 4 mg, folsav (3a316) 1,4 mg, B6-vitamin (3a831) 3 mg, D-kalcium pantotenát (3a841) 30 mg, niacinamid (3a315) 38 mg, B12-vitamin 0,12 mg, jód (3b201) 0,9 mg, szerves cink (3b606) 100 mg, szerves mangán (3b504) 45 mg, szerves réz (3b406) 20 mg, szerves vas (3b106) 88 mg, szerves szelén (3b810) 0,18 mg. EU által jóváhagyott antioxidánsokat tartalmaz: növényi olajok tokoferol tartalmú kivonatai (1b306(i)), aszkorbil-palmitát (1b304) és rozmaringkivonat. Metabolizable energy: 3,640 kcal/kg. Tovább olvasok"}
{"breadcrumb": "Főoldal/Kutya/Eledelek/Száraz eledelek/Brit Care Hypoallergenic Large Breed száraz kutyaeledel adult bárány 12kg", "product_name": "Brit Care Hypoallergenic Large Breed száraz kutyaeledel adult bárány 12kgBrit Care Hypoallergenic Large Breed száraz kutyaeledel adult bárány 12kg", "brand": "BRITCare10,1 – 12kgFelnőttjuh&bárány&kecskehipoallergénnagytestű 26kg-tól", "regular_price": "3 799", "selling_price": "3 299", "price_per_unit": "1 kg=1775 Ft", "product_url": "https://webshop.fressnapf.hu/termekek/brit-care-hypoallergenic-large-breed-szaraz-kutyaeledel-adult-barany-12kg/", "product_description": "Szuperprémium hipoallergén táplálék egyetlen állati fehérjeforrással, az allergiás reakciók megelőzésére. Ideális a nagy testű kutyafajták normál energiaigényű felnőtt egyedei számára. A kiválasztott fehérjeforrások nem allergének, ami minimálisra csökkenti az allergiás reakciók valószínűségét. A táplálék kifejezetten megfelelő az érzékeny emésztésű, a speciális táplálási igényű, valamint az ételallergiákkal fenyegetett kutyák számára. A receptúrák a bél mikroflórájának kiegyensúlyozására probiotikumokkal és máriatövissel dúsítottak, ami támogatja a májműködést, miközben tisztítja a testet, és megszabadítja az ártalmas méreganyagoktól. Ízületek és porcok Az ízületvédő anyagok támogatják az egészséges növekedést és az ízületek, csontok és porcok fejlődését Immunitás A probiotikumok és az antioxidánsok erősítik az immunrendszert, és hozzájárulnak az emésztőrendszer egészségéhez Izmok Optimális aminosav-összetétel az izomszövetek felépítéséhez és javításához Összetétel: dehidratált bárányhús (40 %), rizs (38 %), szárított almapép, csirkezsír, természetes aromák, sörélesztő, lazacolaj (2 %), borsóliszt, glükózamin (260 mg/kg), frukto-oligoszacharidok (200 mg/kg), kondroitin-szulfát (200 mg/kg), mannán-oligoszacharidok (150 mg/kg), yucca schidigera (150 mg/kg), máriatövismag (90 mg/kg), β-glükánok (50 mg/kg), szárított szúrós gyöngyajak (50 mg/kg), szárított homoktövis (50 mg/kg), Lactobacillus helveticus HA – 122 inaktivált probiotikumok (15×109 sejt/kg). Analitikai alkotóelemek: nyersfehérje 26,0 %, nyerszsír 14,0 %, nedvesség 10,0 %, nyershamu 7,0 %, nyersrost 3,0 %, kalcium 1,3 %, foszfor 0,9 %, nátrium 0,4 %, omega-3 zsírsavak 0,5 %, omega-6 zsírsavak 1,7 %, EPA (20:5 n-3) 0,05 %, DHA (22:6 n-3) 0,1 %. Tápanyag összetétele: A-vitamin (3a672a) 20000 IU, D3-vitamin (3a671) 1500 IU, E-vitamin (3a700) 500 mg, C-vitamin (3a312) 300 mg, taurin (3a370) 1500 mg, kolin-klorid (3a890) 1800 mg, L-karnitin (3a910) 250 mg, B1-vitamin (3a821) 2,5 mg, B2-vitamin (3a825i) 9,6 mg, biotin (3a880) 3,5 mg, folsav (3a316) 1,2 mg, B6-vitamin (3a831) 2,5 mg, D-kalcium pantotenát (3a841) 25 mg, niacinamid (3a315) 32,5 mg, B12-vitamin 0,1 mg, jód (3b201) 0,8 mg, szerves cink (3b606) 85 mg, szerves mangán (3b504) 40 mg, szerves réz (3b406) 18 mg, szerves vas (3b106) 75 mg, szerves szelén (3b810) 0,16 mg. EU által jóváhagyott antioxidánsokat tartalmaz: növényi olajok tokoferol tartalmú kivonatai (1b306(i)), aszkorbil-palmitát (1b304) és rozmaringkivonat. Metabolizable energy: 3690 kcal/kg Tovább olvasok"}
{"breadcrumb": "Főoldal/Kutya/Eledelek/Száraz eledelek/Brit Care Hypoallergenic Large Breed száraz kutyaeledel junior bárány 12kg", "product_name": "Brit Care Hypoallergenic Large Breed száraz kutyaeledel junior bárány 12kgBrit Care Hypoallergenic Large Breed száraz kutyaeledel junior bárány 12kg", "brand": "BRITCare10,1 – 12kgKölyökjuh&bárány&kecskehipoallergénnagytestű 26kg-tól", "regular_price": "3 799", "selling_price": "3 299", "price_per_unit": "1 kg=1917 Ft", "product_url": "https://webshop.fressnapf.hu/termekek/brit-care-hypoallergenic-large-breed-szaraz-kutyaeledel-junior-barany-12kg/", "product_description": "Szuperprémium hipoallergén táplálék egyetlen állati fehérjeforrással, amelyet kifejezetten a nagy testű fajták kölykeinek egészséges fejlődéséhez és immuntámogatásához fejlesztettek ki. A kiválasztott fehérjeforrások nem allergének, ami minimálisra csökkenti az allergiás reakciók valószínűségét. A táplálék kifejezetten megfelelő az érzékeny emésztésű, a speciális táplálási igényű, valamint az ételallergiákkal fenyegetett kutyák számára. A receptúrák a nagy testű fajták kölykei bél-mikroflórájának kiegyensúlyozására és immuntámogatására probiotikumokkal dúsítottak Ellenőrzött növekedés Kiegyensúlyozott fehérje- és zsírszintek az optimális növekedés támogatásáért Ízületek és porcok Az ízületvédő anyagok támogatják az egészséges növekedést és az ízületek, csontok és porcok fejlődését Immunitás A probiotikumok és az antioxidánsok erősítik az immunrendszert, és hozzájárulnak az emésztőrendszer egészségéhez Összetétel: dehidratált bárányhús (42 %), rizs (35 %), csirkezsír, szárított almapép, lazacolaj (3 %), sörélesztő, természetes aromák, hidrolizált élesztő (0,5 % – inozitol- és aminosavforrás), borsóliszt, glükózamin (300 mg/kg), frukto-oligoszacharidok (230 mg/kg), kondroitin-szulfát (230 mg/kg), mannán-oligoszacharidok (180 mg/kg), yucca schidigera (180 mg/kg), máriatövismag (110 mg/kg), βglükánok (60 mg/kg), szárított szúrós gyöngyajak (60 mg/kg), szárított homoktövis (60 mg/kg), Lactobacillus helveticus HA – 122 inaktivált probiotikumok (15×109 sejt/kg). Analitikai alkotóelemek: nyersfehérje 28,0 %, nyerszsír 16,0 %, nedvesség 10,0 %, nyershamu 7,0 %, nyersrost 2,2 %, kalcium 1,3 %, foszfor 1,0 %, nátrium 0,4 %, omega-3 zsírsavak 0,7 %, omega-6 zsírsavak 2,0 %, EPA (20:5 n-3) 0,05 %, DHA (22:6 n-3) 0,1 %. Tápanyag összetétele: A-vitamin (3a672a) 23000 IU, D3-vitamin (3a671) 1700 IU, E-vitamin (3a700) 550 mg, Cvitamin (3a312) 350 mg, taurin (3a370) 1500 mg, kolin-klorid (3a890) 1800 mg, L-karnitin (3a910) 300 mg, B1-vitamin (3a821) 3 mg, B2vitamin (3a825i) 11 mg, biotin (3a880) 4 mg, folsav (3a316) 1,4 mg, B6-vitamin (3a831) 3 mg, D-kalcium pantotenát (3a841) 30 mg, niacinamid (3a315) 38 mg, B12-vitamin 0,12 mg, jód (3b201) 0,9 mg, szerves cink (3b606) 100 mg, szerves mangán (3b504) 45 mg, szerves réz (3b406) 20 mg, szerves vas (3b106) 88 mg, szerves szelén (3b810) 0,18 mg. EU által jóváhagyott antioxidánsokat tartalmaz: növényi olajok tokoferol tartalmú kivonatai (1b306(i)), aszkorbil-palmitát (1b304) és rozmaringkivonat. Metabolizable energy: 3,850 kcal/kg. Tovább olvasok"}
{"breadcrumb": "Főoldal/Kutya/Eledelek/Száraz eledelek/Brit Care Hypoallergenic Large Breed száraz kutyaeledel junior bárány 3kg", "product_name": "Brit Care Hypoallergenic Large Breed száraz kutyaeledel junior bárány 3kgBrit Care Hypoallergenic Large Breed száraz kutyaeledel junior bárány 3kg", "brand": "BRITCare1,1kg – 4kgKölyökjuh&bárány&kecskehipoallergénnagytestű 26kg-tól", "regular_price": "11 499", "selling_price": "9 999", "price_per_unit": "1 kg=2183 Ft", "product_url": "https://webshop.fressnapf.hu/termekek/brit-care-hypoallergenic-large-breed-szaraz-kutyaeledel-junior-barany-3kg/", "product_description": "Szuperprémium hipoallergén táplálék egyetlen állati fehérjeforrással, amelyet kifejezetten a nagy testű fajták kölykeinek egészséges fejlődéséhez és immuntámogatásához fejlesztettek ki. A kiválasztott fehérjeforrások nem allergének, ami minimálisra csökkenti az allergiás reakciók valószínűségét. A táplálék kifejezetten megfelelő az érzékeny emésztésű, a speciális táplálási igényű, valamint az ételallergiákkal fenyegetett kutyák számára. A receptúrák a nagy testű fajták kölykei bél-mikroflórájának kiegyensúlyozására és immuntámogatására probiotikumokkal dúsítottak Ellenőrzött növekedés Kiegyensúlyozott fehérje- és zsírszintek az optimális növekedés támogatásáért Ízületek és porcok Az ízületvédő anyagok támogatják az egészséges növekedést és az ízületek, csontok és porcok fejlődését Immunitás A probiotikumok és az antioxidánsok erősítik az immunrendszert, és hozzájárulnak az emésztőrendszer egészségéhez Összetétel: dehidratált bárányhús (42 %), rizs (35 %), csirkezsír, szárított almapép, lazacolaj (3 %), sörélesztő, természetes aromák, hidrolizált élesztő (0,5 % – inozitol- és aminosavforrás), borsóliszt, glükózamin (300 mg/kg), frukto-oligoszacharidok (230 mg/kg), kondroitin-szulfát (230 mg/kg), mannán-oligoszacharidok (180 mg/kg), yucca schidigera (180 mg/kg), máriatövismag (110 mg/kg), βglükánok (60 mg/kg), szárított szúrós gyöngyajak (60 mg/kg), szárított homoktövis (60 mg/kg), Lactobacillus helveticus HA – 122 inaktivált probiotikumok (15×109 sejt/kg). Analitikai alkotóelemek: nyersfehérje 28,0 %, nyerszsír 16,0 %, nedvesség 10,0 %, nyershamu 7,0 %, nyersrost 2,2 %, kalcium 1,3 %, foszfor 1,0 %, nátrium 0,4 %, omega-3 zsírsavak 0,7 %, omega-6 zsírsavak 2,0 %, EPA (20:5 n-3) 0,05 %, DHA (22:6 n-3) 0,1 %. Tápanyag összetétele: A-vitamin (3a672a) 23000 IU, D3-vitamin (3a671) 1700 IU, E-vitamin (3a700) 550 mg, Cvitamin (3a312) 350 mg, taurin (3a370) 1500 mg, kolin-klorid (3a890) 1800 mg, L-karnitin (3a910) 300 mg, B1-vitamin (3a821) 3 mg, B2vitamin (3a825i) 11 mg, biotin (3a880) 4 mg, folsav (3a316) 1,4 mg, B6-vitamin (3a831) 3 mg, D-kalcium pantotenát (3a841) 30 mg, niacinamid (3a315) 38 mg, B12-vitamin 0,12 mg, jód (3b201) 0,9 mg, szerves cink (3b606) 100 mg, szerves mangán (3b504) 45 mg, szerves réz (3b406) 20 mg, szerves vas (3b106) 88 mg, szerves szelén (3b810) 0,18 mg. EU által jóváhagyott antioxidánsokat tartalmaz: növényi olajok tokoferol tartalmú kivonatai (1b306(i)), aszkorbil-palmitát (1b304) és rozmaringkivonat. Metabolizable energy: 3,850 kcal/kg. Tovább olvasok"}
{"breadcrumb": "Főoldal/Kutya/Eledelek/Száraz eledelek/Brit Care Hypoallergenic Medium Breed száraz kutyaeledel adult bárány 12kg", "product_name": "Brit Care Hypoallergenic Medium Breed száraz kutyaeledel adult bárány 12kgBrit Care Hypoallergenic Medium Breed száraz kutyaeledel adult bárány 12kg", "brand": "BRITCare10,1 – 12kgFelnőttjuh&bárány&kecskehipoallergénközepes testű 11-25kg", "regular_price": "3 799", "selling_price": "3 299", "price_per_unit": "1 kg=1775 Ft", "product_url": "https://webshop.fressnapf.hu/termekek/brit-care-hypoallergenic-medium-breed-szaraz-kutyaeledel-adult-barany-12kg/", "product_description": "Szuperprémium hipoallergén táplálék egyetlen állati fehérjeforrással, az allergiás reakciók megelőzésére. Ideális a közepes testű kutyafajták normál energiaigényű felnőtt egyedei számára. A kiválasztott fehérjeforrások nem allergének, ami minimálisra csökkenti az allergiás reakciók valószínűségét. A táplálék kifejezetten megfelelő az érzékeny emésztésű, a speciális táplálási igényű, valamint az ételallergiákkal fenyegetett kutyák számára. A receptúrák a bél mikroflórájának kiegyensúlyozására probiotikumokkal és máriatövissel dúsítottak, ami támogatja a májműködést, miközben tisztítja a testet, és megszabadítja az ártalmas méreganyagoktól. Immunitás A probiotikumok és az antioxidánsok erősítik az immunrendszert, és hozzájárulnak az emésztőrendszer egészségéhez Bőr és bunda Javul a bőr védelmi funkciója, és hozzájárul az egészséges szőrzethez Izmok Optimális aminosav-összetétel az izomszövetek felépítéséhez és javításához Összetétel: dehidratált bárányhús (40 %), rizs (35 %), szárított almapép, csirkezsír, természetes aromák, sörélesztő, lazacolaj (2 %), borsóliszt, glükózamin (260 mg/kg), frukto-oligoszacharidok (200 mg/kg), kondroitin-szulfát (200 mg/kg), mannán-oligoszacharidok (150 mg/kg), yucca schidigera (150 mg/kg), máriatövismag (90 mg/kg), β-glükánok (50 mg/kg), szárított szúrós gyöngyajak (50 mg/kg), szárított homoktövis (50 mg/kg), Lactobacillus helveticus HA – 122 inaktivált probiotikumok (15×109 sejt/kg). Analitikai alkotóelemek: nyersfehérje 26,0 %, nyerszsír 16,0 %, nedvesség 10,0 %, nyershamu 7,2 %, nyersrost 2,5 %, kalcium 1,4 %, foszfor 1,0 %, nátrium 0,4 %, omega-3 zsírsavak 0,5 %, omega-6 zsírsavak 1,9 %, EPA (20:5 n-3) 0,05 %, DHA (22:6 n-3) 0,1 %. Tápanyag összetétele: A-vitamin (3a672a) 20000 IU, D3-vitamin (3a671) 1500 IU, E-vitamin (3a700) 500 mg, C-vitamin (3a312) 300 mg, taurin (3a370) 1500 mg, kolin-klorid (3a890) 1800 mg, L-karnitin (3a910) 250 mg, B1-vitamin (3a821) 2,5 mg, B2-vitamin (3a825i) 9,6 mg, biotin (3a880) 3,5 mg, folsav (3a316) 1,2 mg, B6-vitamin (3a831) 2,5 mg, D-kalcium pantotenát (3a841) 25 mg, niacinamid (3a315) 32,5 mg, B12-vitamin 0,1 mg, jód (3b201) 0,8 mg, szerves cink (3b606) 85 mg, szerves mangán (3b504) 40 mg, szerves réz (3b406) 18 mg, szerves vas (3b106) 75 mg, szerves szelén (3b810) 0,16 mg. EU által jóváhagyott antioxidánsokat tartalmaz: növényi olajok tokoferol tartalmú kivonatai (1b306(i)), aszkorbil-palmitát (1b304) és rozmaringkivonat. Metabolizable energy: 3810 kcal/kg. Tovább olvasok"}
{"breadcrumb": "Főoldal/Kutya/Eledelek/Száraz eledelek/Brit Care Hypoallergenic Medium Breed száraz kutyaeledel adult bárány 3kg", "product_name": "Brit Care Hypoallergenic Medium Breed száraz kutyaeledel adult bárány 3kgBrit Care Hypoallergenic Medium Breed száraz kutyaeledel adult bárány 3kg", "brand": "BRITCare1,1kg – 4kgFelnőttjuh&bárány&kecskehipoallergénközepes testű 11-25kg", "regular_price": "9 999", "selling_price": "8 999", "price_per_unit": "1 kg=2200 Ft", "product_url": "https://webshop.fressnapf.hu/termekek/brit-care-hypoallergenic-medium-breed-szaraz-kutyaeledel-adult-barany-3kg/", "product_description": "Szuperprémium hipoallergén táplálék egyetlen állati fehérjeforrással, az allergiás reakciók megelőzésére. Ideális a közepes testű kutyafajták normál energiaigényű felnőtt egyedei számára. A kiválasztott fehérjeforrások nem allergének, ami minimálisra csökkenti az allergiás reakciók valószínűségét. A táplálék kifejezetten megfelelő az érzékeny emésztésű, a speciális táplálási igényű, valamint az ételallergiákkal fenyegetett kutyák számára. A receptúrák a bél mikroflórájának kiegyensúlyozására probiotikumokkal és máriatövissel dúsítottak, ami támogatja a májműködést, miközben tisztítja a testet, és megszabadítja az ártalmas méreganyagoktól. Immunitás A probiotikumok és az antioxidánsok erősítik az immunrendszert, és hozzájárulnak az emésztőrendszer egészségéhez Bőr és bunda Javul a bőr védelmi funkciója, és hozzájárul az egészséges szőrzethez Izmok Optimális aminosav-összetétel az izomszövetek felépítéséhez és javításához Összetétel: dehidratált bárányhús (40 %), rizs (35 %), szárított almapép, csirkezsír, természetes aromák, sörélesztő, lazacolaj (2 %), borsóliszt, glükózamin (260 mg/kg), frukto-oligoszacharidok (200 mg/kg), kondroitin-szulfát (200 mg/kg), mannán-oligoszacharidok (150 mg/kg), yucca schidigera (150 mg/kg), máriatövismag (90 mg/kg), β-glükánok (50 mg/kg), szárított szúrós gyöngyajak (50 mg/kg), szárított homoktövis (50 mg/kg), Lactobacillus helveticus HA – 122 inaktivált probiotikumok (15×109 sejt/kg). Analitikai alkotóelemek: nyersfehérje 26,0 %, nyerszsír 16,0 %, nedvesség 10,0 %, nyershamu 7,2 %, nyersrost 2,5 %, kalcium 1,4 %, foszfor 1,0 %, nátrium 0,4 %, omega-3 zsírsavak 0,5 %, omega-6 zsírsavak 1,9 %, EPA (20:5 n-3) 0,05 %, DHA (22:6 n-3) 0,1 %. Tápanyag összetétele: A-vitamin (3a672a) 20000 IU, D3-vitamin (3a671) 1500 IU, E-vitamin (3a700) 500 mg, C-vitamin (3a312) 300 mg, taurin (3a370) 1500 mg, kolin-klorid (3a890) 1800 mg, L-karnitin (3a910) 250 mg, B1-vitamin (3a821) 2,5 mg, B2-vitamin (3a825i) 9,6 mg, biotin (3a880) 3,5 mg, folsav (3a316) 1,2 mg, B6-vitamin (3a831) 2,5 mg, D-kalcium pantotenát (3a841) 25 mg, niacinamid (3a315) 32,5 mg, B12-vitamin 0,1 mg, jód (3b201) 0,8 mg, szerves cink (3b606) 85 mg, szerves mangán (3b504) 40 mg, szerves réz (3b406) 18 mg, szerves vas (3b106) 75 mg, szerves szelén (3b810) 0,16 mg. EU által jóváhagyott antioxidánsokat tartalmaz: növényi olajok tokoferol tartalmú kivonatai (1b306(i)), aszkorbil-palmitát (1b304) és rozmaringkivonat. Metabolizable energy: 3810 kcal/kg. Tovább olvasok"}
{"breadcrumb": "Főoldal/Kutya/Eledelek/Száraz eledelek/Brit Care Hypoallergenic száraz kutyaeledel puppy bárány 12kg", "product_name": "Brit Care Hypoallergenic száraz kutyaeledel puppy bárány 12kgBrit Care Hypoallergenic száraz kutyaeledel puppy bárány 12kg", "brand": "BRITCare10,1 – 12kgKölyökjuh&bárány&kecskehipoallergén", "regular_price": "3 799", "selling_price": "3 299", "price_per_unit": "1 kg=1975 Ft", "product_url": "https://webshop.fressnapf.hu/termekek/brit-care-hypoallergenic-szaraz-kutyaeledel-puppy-barany-12kg/", "product_description": "Szuperprémium hipoallergén táplálék egyetlen állati fehérjeforrással, az allergiás reakciók megelőzésére. Ideális bármilyen fajtájú kutyakölyök számára. A kiválasztott fehérjeforrások nem allergének, ami minimálisra csökkenti az allergiás reakciók valószínűségét. A táplálék kifejezetten megfelelő az érzékeny emésztésű, a speciális táplálási igényű, valamint az ételallergiákkal fenyegetett kutyák számára. A receptúrák a bél mikroflórájának kiegyensúlyozására probiotikumokkal és máriatövissel dúsítottak, ami támogatja a májműködést, miközben tisztítja a testet, és megszabadítja az ártalmas méreganyagoktól Egészséges növekedés Ideális a kalória, a kalcium és a foszfor aránya, hogy támogassa a folyamatos és egészséges növekedést Ízületek és porcok Az ízületvédő anyagok támogatják az egészséges növekedést és az ízületek, csontok és porcok fejlődését Immunitás A probiotikumok és az antioxidánsok erősítik az immunrendszert, és hozzájárulnak az emésztőrendszer egészségéhez Összetétel: dehidratált bárányhús (46 %), rizs (30 %), csirkezsír, lazacolaj (3 %), sörélesztő, természetes aromák, szárított almapép, hidrolizált élesztő (0,5 % – inozitol- és aminosavforrás), borsóliszt, glükózamin (300 mg/kg), frukto-oligoszacharidok (230 mg/kg), kondroitin-szulfát (230 mg/kg), mannán-oligoszacharidok (180 mg/kg), yucca schidigera (180 mg/kg), máriatövismag (110 mg/kg), βglükánok (60 mg/kg), szárított szúrós gyöngyajak (60 mg/kg), szárított homoktövis (60 mg/kg), Lactobacillus helveticus HA – 122 inaktivált probiotikumok (15×109 sejt/kg). Analitikai alkotóelemek: nyersfehérje 32,0 %, nyerszsír 18,0 %, nedvesség 10,0 %, nyershamu 7,7 %, nyersrost 1,5 %, kalcium 1,4 %, foszfor 1,1 %, nátrium 0,4 %, omega-3 zsírsavak 0,8 %, omega-6 zsírsavak 2,2 %, EPA (20:5 n-3) 0,05 %, DHA (22:6 n-3) 0,1 %. Tápanyag összetétele: A-vitamin (3a672a) 23000 IU, D3-vitamin (3a671) 1700 IU, E-vitamin (3a700) 550 mg, C-vitamin (3a312) 350 mg, taurin (3a370) 1500 mg, kolin-klorid (3a890) 1800 mg, L-karnitin (3a910) 300 mg, B1-vitamin (3a821) 3 mg, B2-vitamin (3a825i) 11 mg, biotin (3a880) 4 mg, folsav (3a316) 1,4 mg, B6-vitamin (3a831) 3 mg, D-kalcium pantotenát (3a841) 30 mg, niacinamid (3a315) 38 mg, B12-vitamin 0,12 mg, jód (3b201) 0,9 mg, szerves cink (3b606) 100 mg, szerves mangán (3b504) 45 mg, szerves réz (3b406) 20 mg, szerves vas (3b106) 88 mg, szerves szelén (3b810) 0,18 mg. EU által jóváhagyott antioxidánsokat tartalmaz: növényi olajok tokoferol tartalmú kivonatai (1b306(i)), aszkorbil-palmitát (1b304) és rozmaringkivonat. Metabolizable energy: 3980 kcal/kg. Tovább olvasok"}
{"breadcrumb": "Főoldal/Kutya/Eledelek/Száraz eledelek/Brit Care Hypoallergenic száraz kutyaeledel puppy bárány 3kg", "product_name": "Brit Care Hypoallergenic száraz kutyaeledel puppy bárány 3kgBrit Care Hypoallergenic száraz kutyaeledel puppy bárány 3kg", "brand": "BRITCare1,1kg – 4kgKölyökjuh&bárány&kecskehipoallergén", "regular_price": "9 999", "selling_price": "8 999", "price_per_unit": "1 kg=2233 Ft", "product_url": "https://webshop.fressnapf.hu/termekek/brit-care-hypoallergenic-szaraz-kutyaeledel-puppy-barany-3kg/", "product_description": "Szuperprémium hipoallergén táplálék egyetlen állati fehérjeforrással, az allergiás reakciók megelőzésére. Ideális bármilyen fajtájú kutyakölyök számára. A kiválasztott fehérjeforrások nem allergének, ami minimálisra csökkenti az allergiás reakciók valószínűségét. A táplálék kifejezetten megfelelő az érzékeny emésztésű, a speciális táplálási igényű, valamint az ételallergiákkal fenyegetett kutyák számára. A receptúrák a bél mikroflórájának kiegyensúlyozására probiotikumokkal és máriatövissel dúsítottak, ami támogatja a májműködést, miközben tisztítja a testet, és megszabadítja az ártalmas méreganyagoktól Egészséges növekedés Ideális a kalória, a kalcium és a foszfor aránya, hogy támogassa a folyamatos és egészséges növekedést Ízületek és porcok Az ízületvédő anyagok támogatják az egészséges növekedést és az ízületek, csontok és porcok fejlődését Immunitás A probiotikumok és az antioxidánsok erősítik az immunrendszert, és hozzájárulnak az emésztőrendszer egészségéhez Összetétel: dehidratált bárányhús (46 %), rizs (30 %), csirkezsír, lazacolaj (3 %), sörélesztő, természetes aromák, szárított almapép, hidrolizált élesztő (0,5 % – inozitol- és aminosavforrás), borsóliszt, glükózamin (300 mg/kg), frukto-oligoszacharidok (230 mg/kg), kondroitin-szulfát (230 mg/kg), mannán-oligoszacharidok (180 mg/kg), yucca schidigera (180 mg/kg), máriatövismag (110 mg/kg), βglükánok (60 mg/kg), szárított szúrós gyöngyajak (60 mg/kg), szárított homoktövis (60 mg/kg), Lactobacillus helveticus HA – 122 inaktivált probiotikumok (15×109 sejt/kg). Analitikai alkotóelemek: nyersfehérje 32,0 %, nyerszsír 18,0 %, nedvesség 10,0 %, nyershamu 7,7 %, nyersrost 1,5 %, kalcium 1,4 %, foszfor 1,1 %, nátrium 0,4 %, omega-3 zsírsavak 0,8 %, omega-6 zsírsavak 2,2 %, EPA (20:5 n-3) 0,05 %, DHA (22:6 n-3) 0,1 %. Tápanyag összetétele: A-vitamin (3a672a) 23000 IU, D3-vitamin (3a671) 1700 IU, E-vitamin (3a700) 550 mg, C-vitamin (3a312) 350 mg, taurin (3a370) 1500 mg, kolin-klorid (3a890) 1800 mg, L-karnitin (3a910) 300 mg, B1-vitamin (3a821) 3 mg, B2-vitamin (3a825i) 11 mg, biotin (3a880) 4 mg, folsav (3a316) 1,4 mg, B6-vitamin (3a831) 3 mg, D-kalcium pantotenát (3a841) 30 mg, niacinamid (3a315) 38 mg, B12-vitamin 0,12 mg, jód (3b201) 0,9 mg, szerves cink (3b606) 100 mg, szerves mangán (3b504) 45 mg, szerves réz (3b406) 20 mg, szerves vas (3b106) 88 mg, szerves szelén (3b810) 0,18 mg. EU által jóváhagyott antioxidánsokat tartalmaz: növényi olajok tokoferol tartalmú kivonatai (1b306(i)), aszkorbil-palmitát (1b304) és rozmaringkivonat. Metabolizable energy: 3980 kcal/kg. Tovább olvasok"}
{"breadcrumb": "Főoldal/Kutya/Eledelek/Száraz eledelek/Brit Care Hypoallergenic Weight Loss száraz kutyaeledel adult nyúl&rizs 12kg", "product_name": "Brit Care Hypoallergenic Weight Loss száraz kutyaeledel adult nyúl&rizs 12kgBrit Care Hypoallergenic Weight Loss száraz kutyaeledel adult nyúl&rizs 12kg", "brand": "BRITCare10,1 – 12kgFelnőttnyúlhipoallergén", "regular_price": "9 999", "selling_price": "8 999", "price_per_unit": "1 kg=2217 Ft", "product_url": "https://webshop.fressnapf.hu/termekek/brit-care-hypoallergenic-weight-loss-szaraz-kutyaeledel-adult-nyulrizs-12kg/", "product_description": "Az egyetlen állati fehérjeforrást tartalmazó szuperprémium hipoallergén táplálékot kifejezetten a súlykezelési problémákkal küzdő kutyáknak alakították ki. Az alacsony zsírtartalom magas diétás nyúlfehérje-tartalommal kombinálva segít megtartani az optimális súlyt, míg az l-karnitin felerősíti az anyagcserét, és segíti a zsírégetést. Az útifű nagyobb teltségérzetet ad, és segít az étkezések között enyhíteni az éhségérzetet. A receptúrák a bél mikroflórájának kiegyensúlyozására probiotikumokkal és máriatövissel dúsítottak, ami támogatja a májműködést, miközben tisztítja a testet, és megszabadítja az ártalmas méreganyagoktól. Telítettségérzés Az útifű hozzájárul a tartós jóllakottság-érzethez, és csökkenti az ételbevitelt Zsírégetés Az L-karnitin felgyorsítja az anyagcserét, és segíti a zsírégetést Ízületek és porcok Az ízületvédő anyagok támogatják az egészséges növekedést és az ízületek, csontok és porcok fejlődését Összetétel: dehidratált nyúl (36 %), rizs (35 %), szárított almapép (12 %), lignocellulóz (10 %), csirkezsír, természetes aromák, sörélesztő, lazacolaj (1 %), útifű magok és héj (0,5 %), borsóliszt, glükózamin (300 mg/kg), frukto-oligoszacharidok (230 mg/kg), kondroitin-szulfát (230 mg/kg), mannán-oligoszacharidok (180 mg/kg), yucca schidigera (180 mg/kg), máriatövismag (110 mg/kg), β-glükánok (60 mg/kg), szárított szúrós gyöngyajak (60 mg/kg), szárított homoktövis (60 mg/kg), Lactobacillus helveticus HA – 122 inaktivált probiotikumok (15×109 sejt/kg). Analitikai alkotóelemek: nyersfehérje 27,0 %, nyerszsír 9,0 %, nedvesség 10,0 %, nyershamu 5,5 %, nyersrost 9,5 %, kalcium 1,2 %, foszfor 0,8 %, nátrium 0,3 %, omega-3 zsírsavak 0,3 %, omega-6 zsírsavak 1,5 %, EPA (20:5 n-3) 0,02 %, DHA (22:6 n-3) 0,05 %. Tápanyag összetétele: A-vitamin (3a672a) 23000 IU, D3-vitamin (3a671) 1700 IU, E-vitamin (3a700) 550 mg, C-vitamin (3a312) 350 mg, taurin (3a370) 1500 mg, kolin-klorid (3a890) 1800 mg, L-karnitin (3a910) 300 mg, B1-vitamin (3a821) 3 mg, B2-vitamin (3a825i) 11 mg, biotin (3a880) 4 mg, folsav (3a316) 1,4 mg, B6-vitamin (3a831) 3 mg, D-kalcium pantotenát (3a841) 30 mg, niacinamid (3a315) 38 mg, B12-vitamin 0,12 mg, jód (3b201) 0,9 mg, szerves cink (3b606) 100 mg, szerves mangán (3b504) 45 mg, szerves réz (3b406) 20 mg, szerves vas (3b106) 88 mg, szerves szelén (3b810) 0,18 mg. EU által jóváhagyott antioxidánsokat tartalmaz: növényi olajok tokoferol tartalmú kivonatai (1b306(i)), aszkorbil-palmitát (1b304) és rozmaringkivonat. Metabolizable energy: 3,110 kcal/kg. Tovább olvasok"}
{"breadcrumb": "Főoldal/Kutya/Eledelek/Száraz eledelek/Brit Care Hypoallergenic Weight Loss száraz kutyaeledel adult nyúl&rizs 3kg", "product_name": "Brit Care Hypoallergenic Weight Loss száraz kutyaeledel adult nyúl&rizs 3kgBrit Care Hypoallergenic Weight Loss száraz kutyaeledel adult nyúl&rizs 3kg", "brand": "BRITCare1,1kg – 4kgFelnőttnyúlhipoallergén", "regular_price": "3 799", "selling_price": "3 299", "price_per_unit": "1 kg=2933 Ft", "product_url": "https://webshop.fressnapf.hu/termekek/brit-care-hypoallergenic-weight-loss-szaraz-kutyaeledel-adult-nyulrizs-3kg/", "product_description": "Az egyetlen állati fehérjeforrást tartalmazó szuperprémium hipoallergén táplálékot kifejezetten a súlykezelési problémákkal küzdő kutyáknak alakították ki. Az alacsony zsírtartalom magas diétás nyúlfehérje-tartalommal kombinálva segít megtartani az optimális súlyt, míg az l-karnitin felerősíti az anyagcserét, és segíti a zsírégetést. Az útifű nagyobb teltségérzetet ad, és segít az étkezések között enyhíteni az éhségérzetet. A receptúrák a bél mikroflórájának kiegyensúlyozására probiotikumokkal és máriatövissel dúsítottak, ami támogatja a májműködést, miközben tisztítja a testet, és megszabadítja az ártalmas méreganyagoktól. Telítettségérzés Az útifű hozzájárul a tartós jóllakottság-érzethez, és csökkenti az ételbevitelt Zsírégetés Az L-karnitin felgyorsítja az anyagcserét, és segíti a zsírégetést Ízületek és porcok Az ízületvédő anyagok támogatják az egészséges növekedést és az ízületek, csontok és porcok fejlődését Összetétel: dehidratált nyúl (36 %), rizs (35 %), szárított almapép (12 %), lignocellulóz (10 %), csirkezsír, természetes aromák, sörélesztő, lazacolaj (1 %), útifű magok és héj (0,5 %), borsóliszt, glükózamin (300 mg/kg), frukto-oligoszacharidok (230 mg/kg), kondroitin-szulfát (230 mg/kg), mannán-oligoszacharidok (180 mg/kg), yucca schidigera (180 mg/kg), máriatövismag (110 mg/kg), β-glükánok (60 mg/kg), szárított szúrós gyöngyajak (60 mg/kg), szárított homoktövis (60 mg/kg), Lactobacillus helveticus HA – 122 inaktivált probiotikumok (15×109 sejt/kg). Analitikai alkotóelemek: nyersfehérje 27,0 %, nyerszsír 9,0 %, nedvesség 10,0 %, nyershamu 5,5 %, nyersrost 9,5 %, kalcium 1,2 %, foszfor 0,8 %, nátrium 0,3 %, omega-3 zsírsavak 0,3 %, omega-6 zsírsavak 1,5 %, EPA (20:5 n-3) 0,02 %, DHA (22:6 n-3) 0,05 %. Tápanyag összetétele: A-vitamin (3a672a) 23000 IU, D3-vitamin (3a671) 1700 IU, E-vitamin (3a700) 550 mg, C-vitamin (3a312) 350 mg, taurin (3a370) 1500 mg, kolin-klorid (3a890) 1800 mg, L-karnitin (3a910) 300 mg, B1-vitamin (3a821) 3 mg, B2-vitamin (3a825i) 11 mg, biotin (3a880) 4 mg, folsav (3a316) 1,4 mg, B6-vitamin (3a831) 3 mg, D-kalcium pantotenát (3a841) 30 mg, niacinamid (3a315) 38 mg, B12-vitamin 0,12 mg, jód (3b201) 0,9 mg, szerves cink (3b606) 100 mg, szerves mangán (3b504) 45 mg, szerves réz (3b406) 20 mg, szerves vas (3b106) 88 mg, szerves szelén (3b810) 0,18 mg. EU által jóváhagyott antioxidánsokat tartalmaz: növényi olajok tokoferol tartalmú kivonatai (1b306(i)), aszkorbil-palmitát (1b304) és rozmaringkivonat. Metabolizable energy: 3,110 kcal/kg. Tovább olvasok"}
{"breadcrumb": "Főoldal/Kutya/Eledelek/Száraz eledelek/Brit Fresh Large Breed száraz kutyaeledel adult hal 12kg", "product_name": "Brit Fresh Large Breed száraz kutyaeledel adult hal 12kgBrit Fresh Large Breed száraz kutyaeledel adult hal 12kg", "brand": "BRITFresh10,1 – 12kgFelnőtthal&tenger gyümölcseiízület védelemnagytestű 26kg-tól", "regular_price": "9 999", "selling_price": "8 999", "price_per_unit": "1 kg=1392 Ft", "product_url": "https://webshop.fressnapf.hu/termekek/brit-fresh-large-breed-szaraz-kutyaeledel-adult-hal-12kg/", "product_description": "40 % friss hús felhasználásával, kíméletes módszerrel előállított egységes állateledel. Teljes értékű állateledel kutyák számára. A Brit Fresh szemcsék előállításához friss húst használnak, és egyben kihagyhatnak egy feldolgozási lépést. Ezzel megőrizték a hús természetes tápértékét és nem utolsósorban ízének tulajdonságait és illatát. Az eredetileg használatos adalékos gabonafélék (hajdina, köles, zab), valamint gyógyfüvek, tök, cukkini és gyümölcsök kölcsönös variálásával összeállítottak egy egészséges és egyben ízletes étrendet. És ez bizonyára örömet okoz minden kutyabarátnak. Ez a magas színvonalú állateledel ízgazdag, jó erőnlétet garantálnak. Izmok és forgók megerősítésére Jobb íz, friss illat, tovább megtartja jellemző ízét Őstermelői gabonafélékkel és kultúrnövényekkel bővítve – tök, zab, hajdina, lenmag, mángold A legelterjedtebb gyógynövényekkel – kakukkfű, rozmaring, orvosi körömvirág, gyermekláncfű, petrezselyem Sikérmentes – szójamentes – kukorica nélkül – nem tartalmaz sem színező-, sem vegyi ízesítőanyagot – nem tartalmaz antioxidánsokat Összetétel: Friss hal (40%), szárított csirke (20%), sütőtök (10%), csirkezsír (tokoferol keverékkel tartósítva), zab, hajdina (4%), alma, cékla (2%), lazac olaj, sörélesztő, lenmag, csirkemáj, kollagén, algák, feketeribizli, mángold (0,2%), petrezselyem (0,05%), rozmaring, kakukkfű, körömvirág, gyermekláncfű, probiotikumok (Enterococcus faecium 1×109 CFU), glükózamin 1700 mg/kg, kondroitin-szulfát 1,300 mg/kg, frukto-oligoszacharidok 220 mg/kg, béta-glükán 200 mg/kg, mannán-oligoszacharidok 180 mg/kg, jukka 150 mg/kg, zöldkagyló100 mg/kg. Analitikai alkotóelemek: Nyersfehérje 26,0%, zsírtartalom 14,0%, nyersrost 3,0%, nyershamu 7,0%, nedvességtartalom 10,0%, omega-3 zsírsavak 0,90%, omega-6 zsírsavak 1,8%, EPA (20: 5 n3) 0,3%, DHA (22: 6 n3) 0,5%, kalcium 1,4%, foszfor 1,0%. Tápanyag összetétele kg-onként: A-vitamin (3a672a) 20.000 NE, D3-vitamin (E671) 1600 NE, E-vitamin (3a700) 500 mg, C-vitamin (3a312) 450 mg, L-karnitin (3a910) 500 mg, kolin-klorid (3a890) 650 mg, biotin (3a880) 0,8 mg, B1-vitamin (3a821) 6 mg, B2-vitamin 8 mg, niacin (3a315) 40 mg, D-kálcium pantotenár (3a841) 20 mg, B6-vitamin (3a831 ) 7 mg, folsav (3a316) 0,9 mg, B12-vitamin 0,05 mg, cink-kelát aminosavak hidrátja (3b606) 110 mg, vas-kelát aminosavak hidrátja (E1) 90 mg, mangán-kelát aminosavak hidrátja (E5) 45 mg, kálium-jodid (3b201) 0,8 mg, réz (ll) -szulfát-pentahidrát (E4) 18 mg, a szerves szelén, amely Saccharomyces cerevisiae CNCM I-3060 (szelénnel dúsított inaktivált élesztők) által termelt (3b8.10) 0,2 mg , L-metionin (3c305) 160 mg. Tartalmaz természetes antioxidánsokat: tokoferolokban gazdak kivonatok növényi olajokból (1b306), aszkorbil-palmitát (1b304) és petrezselyem. Tovább olvasok"}
{"breadcrumb": "Főoldal/Kutya/Eledelek/Száraz eledelek/Brit Fresh Large Breed száraz kutyaeledel adult hal 2,5kg", "product_name": "Brit Fresh Large Breed száraz kutyaeledel adult hal 2,5kgBrit Fresh Large Breed száraz kutyaeledel adult hal 2,5kg", "brand": "BRITFresh1,1kg – 4kgFelnőtthal&tenger gyümölcseiízület védelemnagytestű 26kg-tól", "regular_price": "3 499", "selling_price": "2 999", "price_per_unit": "1 KG=1740 Ft", "product_url": "https://webshop.fressnapf.hu/termekek/brit-fresh-large-breed-szaraz-kutyaeledel-adult-hal-25kg/", "product_description": "40 % friss hús felhasználásával, kíméletes módszerrel előállított egységes állateledel. Teljes értékű állateledel kutyák számára. A Brit Fresh szemcsék előállításához friss húst használnak, és egyben kihagyhatnak egy feldolgozási lépést. Ezzel megőrizték a hús természetes tápértékét és nem utolsósorban ízének tulajdonságait és illatát. Az eredetileg használatos adalékos gabonafélék (hajdina, köles, zab), valamint gyógyfüvek, tök, cukkini és gyümölcsök kölcsönös variálásával összeállítottak egy egészséges és egyben ízletes étrendet. És ez bizonyára örömet okoz minden kutyabarátnak. Ez a magas színvonalú állateledel ízgazdag, jó erőnlétet garantálnak. Izmok és forgók megerősítésére Jobb íz, friss illat, tovább megtartja jellemző ízét Őstermelői gabonafélékkel és kultúrnövényekkel bővítve – tök, zab, hajdina, lenmag, mángold A legelterjedtebb gyógynövényekkel – kakukkfű, rozmaring, orvosi körömvirág, gyermekláncfű, petrezselyem Sikérmentes – szójamentes – kukorica nélkül – nem tartalmaz sem színező-, sem vegyi ízesítőanyagot – nem tartalmaz antioxidánsokat Összetétel: Friss hal (40%), szárított csirke (20%), sütőtök (10%), csirkezsír (tokoferol keverékkel tartósítva), zab, hajdina (4%), alma, cékla (2%), lazac olaj, sörélesztő, lenmag, csirkemáj, kollagén, algák, feketeribizli, mángold (0,2%), petrezselyem (0,05%), rozmaring, kakukkfű, körömvirág, gyermekláncfű, probiotikumok (Enterococcus faecium 1×109 CFU), glükózamin 1700 mg/kg, kondroitin-szulfát 1,300 mg/kg, frukto-oligoszacharidok 220 mg/kg, béta-glükán 200 mg/kg, mannán-oligoszacharidok 180 mg/kg, jukka 150 mg/kg, zöldkagyló100 mg/kg. Analitikai alkotóelemek: Nyersfehérje 26,0%, zsírtartalom 14,0%, nyersrost 3,0%, nyershamu 7,0%, nedvességtartalom 10,0%, omega-3 zsírsavak 0,90%, omega-6 zsírsavak 1,8%, EPA (20: 5 n3) 0,3%, DHA (22: 6 n3) 0,5%, kalcium 1,4%, foszfor 1,0%. Tápanyag összetétele kg-onként: A-vitamin (3a672a) 20.000 NE, D3-vitamin (E671) 1600 NE, E-vitamin (3a700) 500 mg, C-vitamin (3a312) 450 mg, L-karnitin (3a910) 500 mg, kolin-klorid (3a890) 650 mg, biotin (3a880) 0,8 mg, B1-vitamin (3a821) 6 mg, B2-vitamin 8 mg, niacin (3a315) 40 mg, D-kálcium pantotenár (3a841) 20 mg, B6-vitamin (3a831 ) 7 mg, folsav (3a316) 0,9 mg, B12-vitamin 0,05 mg, cink-kelát aminosavak hidrátja (3b606) 110 mg, vas-kelát aminosavak hidrátja (E1) 90 mg, mangán-kelát aminosavak hidrátja (E5) 45 mg, kálium-jodid (3b201) 0,8 mg, réz (ll) -szulfát-pentahidrát (E4) 18 mg, a szerves szelén, amely Saccharomyces cerevisiae CNCM I-3060 (szelénnel dúsított inaktivált élesztők) által termelt (3b8.10) 0,2 mg , L-metionin (3c305) 160 mg. Tartalmaz természetes antioxidánsokat: tokoferolokban gazdak kivonatok növényi olajokból (1b306), aszkorbil-palmitát (1b304) és petrezselyem. Tovább olvasok"}
{"breadcrumb": "Főoldal/Kutya/Eledelek/Száraz eledelek/Brit Fresh Large Breed száraz kutyaeledel puppy marha 12kg", "product_name": "Brit Fresh Large Breed száraz kutyaeledel puppy marha 12kgBrit Fresh Large Breed száraz kutyaeledel puppy marha 12kg", "brand": "BRITFresh10,1 – 12kgKölyökmarha&borjúízület védelemnagytestű 26kg-tól", "regular_price": "3 499", "selling_price": "2 999", "price_per_unit": "1 kg=1583 Ft", "product_url": "https://webshop.fressnapf.hu/termekek/brit-fresh-large-breed-szaraz-kutyaeledel-puppy-marha-12kg/", "product_description": "40 % friss hús felhasználásával, kíméletes módszerrel előállított egységes állateledel. Teljes értékű állateledel kutyák számára. A Brit Fresh szemcsék előállításához friss húst használnak, és egyben kihagyhatnak egy feldolgozási lépést. Ezzel megőrizték a hús természetes tápértékét és nem utolsósorban ízének tulajdonságait és illatát. Az eredetileg használatos adalékos gabonafélék (hajdina, köles, zab), valamint gyógyfüvek, tök, cukkini és gyümölcsök kölcsönös variálásával összeállítottak egy egészséges és egyben ízletes étrendet. És ez bizonyára örömet okoz minden kutyabarátnak. Ez a magas színvonalú állateledel ízgazdag, jó erőnlétet garantálnak. Egészséges fejlődéshez és egészséges forgókhoz Jobb íz, friss illat, tovább megtartja jellemző ízét Őstermelői gabonafélékkel és kultúrnövényekkel bővítve – tök, zab, hajdina, lenmag, mángold A legelterjedtebb gyógynövényekkel – kakukkfű, rozmaring, orvosi körömvirág, gyermekláncfű, petrezselyem Sikérmentes – szójamentes – kukorica nélkül – nem tartalmaz sem színező-, sem vegyi ízesítőanyagot – nem tartalmaz antioxidánsokat Összetétel: Friss marhahús (40%), szárított marha (25%), sütőtök (10%), csirkezsír (tokoferol keverékkel tartósítva), zab, hajdina (5%), alma, egész cukorrépa, lazac olaj, sörélesztő, lenmag, csirkemáj, kollagén, algák, mángold (0,2%), petrezselyem, rozmaring (0,05%), kakukkfű, körömvirág, gyermekláncfű, probiotikumok (Enterococcus faecium 1×109 CFU), glükózamin 1700 mg/kg, kondroitin-szulfát 1,300 mg/kg, frukto-oligoszacharidok 220 mg/kg, béta-glükán 200 mg/kg, mannán-oligoszacharidok 180 mg/kg, jukka 150 mg/kg, zöldkagyló 100 mg/kg. Analitikai alkotóelemek: Nyersfehérje 27,0%, zsírtartalom 15,0%, nyersrost 2,8%, nyershamu 7,2%, nedvességtartalom 10,0%, omega-3 zsírsavak 0,90%, omega-6 zsírsavak 1,6%, EPA (20: 5 n3) 0,3%, DHA (22: 6 n3) 0,5%, kalcium 1,5%, foszfor 1,1%. Tápanyag összetétele kg-onként: A-vitamin (3a672a) 22.000 NE, D3-vitamin (E671) 1800 NE, E-vitamin (3a700) 600 mg, C-vitamin (3a312) 500 mg, L-karnitin (3a910) 550 mg, kolin-klorid (3a890) 750 mg, biotin (3a880) 0,9 mg, B1-vitamin (3a821) 7 mg, B2-vitamin 9 mg, niacin (3a315) 42 mg, D-kálcium pantotenár (3a841) 22 mg, B6-vitamin (3a831 ) 8 mg, folsav (3a316) 1 mg, B12-vitamin 0,06 mg, cink-kelát aminosavak hidrátja (3b606) 120 mg, vas-kelát aminosavak hidrátja (E1) 95 mg, mangán-kelát aminosavak hidrátja (E5) 50 mg, kálium-jodid (3b201) 0,9 mg, réz (ll) -szulfát-pentahidrát (E4) 20 mg, a szerves szelén, amely Saccharomyces cerevisiae CNCM I-3060 (szelénnel dúsított inaktivált élesztők) által termelt (3b8.10) 0,2 mg , L-metionin (3c305) 180 mg. Tartalmaz természetes antioxidánsokat: tokoferolokban gazdak kivonatok növényi olajokból (1b306), aszkorbil-palmitát (1b304) és rozmaring. Tovább olvasok"}
{"breadcrumb": "Főoldal/Kutya/Eledelek/Száraz eledelek/Brit Fresh Large Breed száraz kutyaeledel puppy marha 2,5kg", "product_name": "Brit Fresh Large Breed száraz kutyaeledel puppy marha 2,5kgBrit Fresh Large Breed száraz kutyaeledel puppy marha 2,5kg", "brand": "BRITFresh1,1kg – 4kgKölyökmarha&borjúízület védelemnagytestű 26kg-tól", "regular_price": "3 799", "selling_price": "3 299", "price_per_unit": "1 kg=1740 Ft", "product_url": "https://webshop.fressnapf.hu/termekek/brit-fresh-large-breed-szaraz-kutyaeledel-puppy-marha-25kg/", "product_description": "40 % friss hús felhasználásával, kíméletes módszerrel előállított egységes állateledel. Teljes értékű állateledel kutyák számára. A Brit Fresh szemcsék előállításához friss húst használnak, és egyben kihagyhatnak egy feldolgozási lépést. Ezzel megőrizték a hús természetes tápértékét és nem utolsósorban ízének tulajdonságait és illatát. Az eredetileg használatos adalékos gabonafélék (hajdina, köles, zab), valamint gyógyfüvek, tök, cukkini és gyümölcsök kölcsönös variálásával összeállítottak egy egészséges és egyben ízletes étrendet. És ez bizonyára örömet okoz minden kutyabarátnak. Ez a magas színvonalú állateledel ízgazdag, jó erőnlétet garantálnak. Egészséges fejlődéshez és egészséges forgókhoz Jobb íz, friss illat, tovább megtartja jellemző ízét Őstermelői gabonafélékkel és kultúrnövényekkel bővítve – tök, zab, hajdina, lenmag, mángold A legelterjedtebb gyógynövényekkel – kakukkfű, rozmaring, orvosi körömvirág, gyermekláncfű, petrezselyem Sikérmentes – szójamentes – kukorica nélkül – nem tartalmaz sem színező-, sem vegyi ízesítőanyagot – nem tartalmaz antioxidánsokat Összetétel: Friss marhahús (40%), szárított marha (25%), sütőtök (10%), csirkezsír (tokoferol keverékkel tartósítva), zab, hajdina (5%), alma, egész cukorrépa, lazac olaj, sörélesztő, lenmag, csirkemáj, kollagén, algák, mángold (0,2%), petrezselyem, rozmaring (0,05%), kakukkfű, körömvirág, gyermekláncfű, probiotikumok (Enterococcus faecium 1×109 CFU), glükózamin 1700 mg/kg, kondroitin-szulfát 1,300 mg/kg, frukto-oligoszacharidok 220 mg/kg, béta-glükán 200 mg/kg, mannán-oligoszacharidok 180 mg/kg, jukka 150 mg/kg, zöldkagyló 100 mg/kg. Analitikai alkotóelemek: Nyersfehérje 27,0%, zsírtartalom 15,0%, nyersrost 2,8%, nyershamu 7,2%, nedvességtartalom 10,0%, omega-3 zsírsavak 0,90%, omega-6 zsírsavak 1,6%, EPA (20: 5 n3) 0,3%, DHA (22: 6 n3) 0,5%, kalcium 1,5%, foszfor 1,1%. Tápanyag összetétele kg-onként: A-vitamin (3a672a) 22.000 NE, D3-vitamin (E671) 1800 NE, E-vitamin (3a700) 600 mg, C-vitamin (3a312) 500 mg, L-karnitin (3a910) 550 mg, kolin-klorid (3a890) 750 mg, biotin (3a880) 0,9 mg, B1-vitamin (3a821) 7 mg, B2-vitamin 9 mg, niacin (3a315) 42 mg, D-kálcium pantotenár (3a841) 22 mg, B6-vitamin (3a831 ) 8 mg, folsav (3a316) 1 mg, B12-vitamin 0,06 mg, cink-kelát aminosavak hidrátja (3b606) 120 mg, vas-kelát aminosavak hidrátja (E1) 95 mg, mangán-kelát aminosavak hidrátja (E5) 50 mg, kálium-jodid (3b201) 0,9 mg, réz (ll) -szulfát-pentahidrát (E4) 20 mg, a szerves szelén, amely Saccharomyces cerevisiae CNCM I-3060 (szelénnel dúsított inaktivált élesztők) által termelt (3b8.10) 0,2 mg , L-metionin (3c305) 180 mg. Tartalmaz természetes antioxidánsokat: tokoferolokban gazdak kivonatok növényi olajokból (1b306), aszkorbil-palmitát (1b304) és rozmaring. Tovább olvasok"}
{"breadcrumb": "Főoldal/Kutya/Eledelek/Nedves eledelek/Brit Mini kutya tasak adult bárány 24x85g", "product_name": "Brit Mini kutya tasak adult bárány 24x85gBrit Mini kutya tasak adult bárány 24x85g", "brand": "BRITMini0g – 100gFelnőttjuh&bárány&kecskekistestű 10kg-igtasak", "regular_price": "8 994", "selling_price": "8 394", "price_per_unit": "449 Ft", "product_url": "https://webshop.fressnapf.hu/termekek/brit-mini-kutya-tasak-adult-barany-85g/", "product_description": "Valódi húsdarabok ízletes szószban, a szemcsézett eledel ideális kibővítéséhez, kis- és apró termetű válogatós kutyusoknak. Teljes értékű szuperprémium állateledel felnőtt kutyák számára. Kitűnő ízek A problémamentes emésztést hozzáadott prebiotikumok segítik Rozmaring, kurkuma, szegfűszeg, citrus, fekete áfonya hozzáadásával Válogatós kutyusoknak nagyszerűen megfelel Összetétel: 85% hús és egyéb állati eredetű adalék, szeletekre metélve (8% birka), 9,6% húslé, 1,5% gyógyfű és gyümölcs (szegfűszeg, citrus, rozmaring, kurkuma), 0,5% fekete áfonya, 1% ásványi anyag, 1% lazacolaj, 0,5% manan-oligoszacharid, 0,5% frukto-oligoszacharid, 0,4% inulin. Analitikai alkotóelemek: nyersfehérje 9%, zsírtartalom 4%, nyershamu 2,2%, nyersrost 0,4%, nedvesség 82%, kalcium 0,3%, foszfor 0,2%, nátrium 0,5%. Tápanyag összetétele: D3-vitamin (E671) 250 IU, E-vitamin (3a700) 100 mg, cink (3b606) 15 mg, iron (3b103) 10 mg, mangán (3b502) 3 mg, jód (3b201) 0,75 mg, réz (E4) 0.5 mg, biotin (3a880) 0,2 mg. Mesterséges ízesítőktől mentes. Nem tartalmaz tartósítóanyagot. Metabolizable energy: 815 kcal/kg Tovább olvasok"}
{"breadcrumb": "Főoldal/Kutya/Eledelek/Nedves eledelek/Brit Mini kutya tasak adult nyúl&lazac 24x85g", "product_name": "Brit Mini kutya tasak adult nyúl&lazac 24x85gBrit Mini kutya tasak adult nyúl&lazac 24x85g", "brand": "BRITMini0g – 100gFelnőttvegyeskistestű 10kg-igtasak", "regular_price": "5 094", "selling_price": "4 794", "price_per_unit": "449 Ft", "product_url": "https://webshop.fressnapf.hu/termekek/brit-mini-kutya-tasak-adult-nyullazac-85g/", "product_description": "Valódi húsdarabok ízletes szószban, a szemcsézett eledel ideális kibővítéséhez, kis- és apró termetű válogatós kutyusoknak. Teljes értékű szuperprémium állateledel felnőtt kutyák számára. Kitűnő ízek A problémamentes emésztést hozzáadott prebiotikumok segítik Rozmaring, kurkuma, szegfűszeg, citrus, fekete áfonya hozzáadásával Válogatós kutyusoknak nagyszerűen megfelel Összetétel: 45% hús és egyéb állati eredetű adalék, szeletekre metélve (4% nyúl), 35% halhús és egyéb hal eredetű adalék, szeletekre metélve (4% lazac), 9,6% húslé, 1,5% gyógyfű és gyümölcs (szegfűszeg, citrus, rozmaring, kurkuma), 0,5% fekete áfonya, 1% ásványi anyag, 1% lazacolaj, 0,5% manan-oligoszacharid, 0,5% frukto-oligoszacharid, 0,4% inulin. Analitikai alkotóelemek: nyersfehérje 9%, zsírtartalom 4%, nyershamu 2,1%, nyersrost 0,4%, nedvesség 82%, kalcium 0,3%, foszfor 0,2%, nátrium 0,5% Tápanyag összetétele: D3-vitamin (E671) 250 IU, E-vitamin (3a700) 100 mg, cink (3b606) 15 mg, iron (3b103) 10 mg, mangán (3b502) 3 mg, jód (3b201) 0,75 mg, réz (E4) 0.5 mg, biotin (3a880) 0,2 mg. Mesterséges ízesítőktől mentes. Nem tartalmaz tartósítóanyagot. Metabolizable energy: 820 kcal/kg Tovább olvasok"}
{"breadcrumb": "Főoldal/Kutya/Eledelek/Nedves eledelek/Brit Mini kutya tasak adult steril lazac 24x85g", "product_name": "Brit Mini kutya tasak adult steril lazac 24x85gBrit Mini kutya tasak adult steril lazac 24x85g", "brand": "BRITMini0g – 100gFelnőtthal&tenger gyümölcseiivartalanítottkistestű 10kg-igtasak", "regular_price": "8 994", "selling_price": "8 394", "price_per_unit": "449 Ft", "product_url": "https://webshop.fressnapf.hu/termekek/brit-mini-kutya-tasak-adult-steril-lazac-85g/", "product_description": "Valódi húsdarabok ízletes szószban, a szemcsézett eledel ideális kibővítéséhez, kis- és apró termetű válogatós kutyusoknak. Teljes értékű szuperprémium állateledel mini testalkatú felnőtt kiherélt kutyák számára. Kitűnő ízek A problémamentes emésztést hozzáadott prebiotikumok segítik Rozmaring, kurkuma, szegfűszeg, citrus, fekete áfonya hozzáadásával Válogatós kutyusoknak nagyszerűen megfelel Összetétel: 45% halhús és egyéb hal eredetű adalék, szeletekre metélve (4% lazac, 4% hering), 9,6% húslé, 1,5% gyógyfű és gyümölcs (szegfűszeg, citrus, rozmaring, kurkuma), 0,5% fekete áfonya, 1% ásványi anyag, 1% lazacolaj, 0,5% manan-oligoszacharid, 0.5% frukto-oligoszacharid, 0,4% inulin. Analitikai alkotóelemek: nyersfehérje 8%, zsírtartalom 4%, nyershamu 2%, nyersrost 0,4%, nedvesség 82%, kalcium 0,3%, foszfor 0,2%, nátrium 0,5%. Tápanyag összetétele: D3-vitamin (E671) 250 IU, E-vitamin (3a700) 100 mg, cink (3b606) 15 mg, iron (3b103) 10 mg, mangán (3b502) 3 mg, jód (3b201) 0,75 mg, réz (E4) 0.5 mg, biotin (3a880) 0,2 mg. Mesterséges ízesítőktől mentes. Nem tartalmaz tartósítóanyagot. Metabolizable energy: 820 kcal/kg Tovább olvasok"}
{"breadcrumb": "Főoldal/Kutya/Eledelek/Nedves eledelek/Brit Mini kutya tasak adult szarvas 24x85g", "product_name": "Brit Mini kutya tasak adult szarvas 24x85gBrit Mini kutya tasak adult szarvas 24x85g", "brand": "BRITMini0g – 100gFelnőttvadkistestű 10kg-igtasak", "regular_price": "5 094", "selling_price": "4 794", "price_per_unit": "449 Ft", "product_url": "https://webshop.fressnapf.hu/termekek/brit-mini-kutya-tasak-adult-szarvas-85g/", "product_description": "Valódi húsdarabok ízletes szószban, a szemcsézett eledel ideális kibővítéséhez, kis- és apró termetű válogatós kutyusoknak. Teljes értékű szuperprémium állateledel felnőtt kutyák számára. Kitűnő ízek A problémamentes emésztést hozzáadott prebiotikumok segítik Rozmaring, kurkuma, szegfűszeg, citrus, fekete áfonya hozzáadásával Válogatós kutyusoknak nagyszerűen megfelel Összetétel: 85% hús és egyéb állati eredetű adalék, szeletekre metélve (8% vadhús), 9,6% húslé, 1,5% gyógyfű és gyümölcs (szegfűszeg, citrus, rozmaring, kurkuma), 0,5% fekete áfonya, 1% ásványi anyag, 1% lazacolaj, 0,5% manan-oligoszacharid, 0.5% frukto-oligoszacharid, 0,4% inulin. Analitikai alkotóelemek: nyersfehérje 9%, zsírtartalom 5%, nyershamu 2,2%, nyersrost 0,4%, nedvesség 82%, kalcium 0,3%, foszfor 0,2%, nátrium 0,5%. Tápanyag összetétele: D3-vitamin (E671) 250 IU, E-vitamin (3a700) 100 mg, cink (3b606) 15 mg, iron (3b103) 10 mg, mangán (3b502) 3 mg, jód (3b201) 0,75 mg, réz (E4) 0.5 mg, biotin (3a880) 0,2 mg. Mesterséges ízesítőktől mentes. Nem tartalmaz tartósítóanyagot. Metabolizable energy: 865 kcal/kg Tovább olvasok"}
{"breadcrumb": "Főoldal/Kutya/Eledelek/Nedves eledelek/Brit Mono Protein kutya konzerv bárány 6x400g", "product_name": "Brit Mono Protein kutya konzerv bárány 6x400gBrit Mono Protein kutya konzerv bárány 6x400g", "brand": "BRITMonoprotein201g – 400gFelnőttjuh&bárány&kecskepástétomérzékeny emésztésűkonzerv", "regular_price": "5 094", "selling_price": "4 794", "price_per_unit": "849 Ft", "product_url": "https://webshop.fressnapf.hu/termekek/brit-mono-protein-kutya-konzerv-barany-400g/", "product_description": "BÁRÁNYBÓL NYERT 100% TISZTA PROTEIN A Brit Mono Protein komplett és kiegyensúlyozott tápanyagot biztosít. A receptúra csak egyetlen fajta proteint tartalmaz, alkalmas a túlérzékenység és az élelmiszer intolerancia kockázatának csökkentésére. Teljes értékű állateledel felnőtt kutyák számára. Hogy a mi kis érzékeny emésztésű, összeférhetetlenségben, vagy éppen túlérzékenységben szenvedő szőrmókjaink hasiját elkényeztethessük, olyan étrendet kell számukra kialakítanunk, ami nem tartalmaz semmilyen káros allergén anyagot. Rátalálni arra, ami bajt okoz, olykor eltarthat egy ideig, és épp ebben tudnak besegíteni az egy fajta fehérjéből összeállított konzervek. Egyszerűen leellenőrizhetjük, miképp reagál a kutyus erre vagy arra a protein fajtára, és a nem kívánatosakat kiküszöbölő módszerrel kizárhatjuk. Mivelhogy vannak érzékeny emésztésű kutyák, amelyeknek a gyomra a nagyobb darabokat vagy a belsőségeket nem képes feldolgozni, a Brit Monoprotein konzervek finom pástétom állagúak – könnyebben emészthetők, és a magasabb életkorú, immár gyengébb fogazatú kutyák is képesek azokat nehézségmentesen elfogyasztani. Megfelel érzékeny emésztésű, túlérzékenységben vagy élelmiszer- összeférhetetlenségben szenvedő kutyáknak. A magas arányú minőségi hús és annak óvatos módon történő feldolgozása garantálja a kiváló ízt és illatot. Ideálisan kibővíti a szemcsézett állateledelt. Segíti a táplálék felvételének javulását és kiegészíti a folyadékigényt. Finom pástétom állag jobb emésztéshez és könnyebb elfogyasztáshoz magasabb életkorú kutyáknál. SIKÉRMENTES – SZÓJAMENTES – GMO MENTES Összetétel: 74% bárány (hús és szervek), 3 % borsókeményítő, 1 % borsórost. Analitikai alkotóelemek: nyersfehérje 9 %, nyerszsír 7 %, nyershamu 2 %, nedvesség 78 %, nyersrost 0,5 %, kalcium 0,2 %, foszfor 0,3 %, nátrium 0,4 %. Tápanyag összetétele: D3 – Vitamin (3a671) 250 IU, E-vitamin (3a700) 100 mg, cink (3b606) 15 mg, vas (3b106) 10 mg, mangán (3b504) 3 mg, kálium-jodid (3b201) 0,75 mg, réz (3b406) 0,5 mg, biotin (3a880) 0,2 mg. Technológiai adalékanyagok 1 kg-ban: szentjánoskenyér-liszt (E410) 5000 mg. Tovább olvasok"}
{"breadcrumb": "Főoldal/Kutya/Eledelek/Nedves eledelek/Brit Mono Protein kutya konzerv bárány&rizs 6x400g", "product_name": "Brit Mono Protein kutya konzerv bárány&rizs 6x400gBrit Mono Protein kutya konzerv bárány&rizs 6x400g", "brand": "BRITMonoprotein201g – 400gFelnőttjuh&bárány&kecskepástétomérzékeny emésztésűkonzerv", "regular_price": "5 094", "selling_price": "4 794", "price_per_unit": "849 Ft", "product_url": "https://webshop.fressnapf.hu/termekek/brit-mono-protein-kutya-konzerv-baranyrizs-400g/", "product_description": "BÁRÁNYBÓL NYERT 100% TISZTA PROTEIN RIZZSEL A Brit Mono Protein komplett és kiegyensúlyozott tápanyagot biztosít. A receptúra csak egyetlen fajta proteint tartalmaz, alkalmas a túlérzékenység és az élelmiszer intolerancia kockázatának csökkentésére. Teljes értékű állateledel felnőtt kutyák számára. Hogy a mi kis érzékeny emésztésű, összeférhetetlenségben, vagy éppen túlérzékenységben szenvedő szőrmókjaink hasiját elkényeztethessük, olyan étrendet kell számukra kialakítanunk, ami nem tartalmaz semmilyen káros allergén anyagot. Rátalálni arra, ami bajt okoz, olykor eltarthat egy ideig, és épp ebben tudnak besegíteni az egy fajta fehérjéből összeállított konzervek. Egyszerűen leellenőrizhetjük, miképp reagál a kutyus erre vagy arra a protein fajtára, és a nem kívánatosakat kiküszöbölő módszerrel kizárhatjuk. Mivelhogy vannak érzékeny emésztésű kutyák, amelyeknek a gyomra a nagyobb darabokat vagy a belsőségeket nem képes feldolgozni, a Brit Monoprotein konzervek finom pástétom állagúak – könnyebben emészthetők, és a magasabb életkorú, immár gyengébb fogazatú kutyák is képesek azokat nehézségmentesen elfogyasztani. Megfelel érzékeny emésztésű, túlérzékenységben vagy élelmiszer- összeférhetetlenségben szenvedő kutyáknak. A magas arányú minőségi hús és annak óvatos módon történő feldolgozása garantálja a kiváló ízt és illatot. Ideálisan kibővíti a szemcsézett állateledelt. Segíti a táplálék felvételének javulását és kiegészíti a folyadékigényt. Finom pástétom állag jobb emésztéshez és könnyebb elfogyasztáshoz magasabb életkorú kutyáknál. SIKÉRMENTES – SZÓJAMENTES – GMO MENTES Összetétel: 70% bárány (hús és szervek), 4% rizs, 3 % borsókeményítő, 1 % borsórost. Analitikai alkotóelemek: nyersfehérje 9 %, nyerszsír 7 %, nyershamu 2 %, nedvesség 78 %, nyersrost 0,7 %, kalcium 0,2 %, foszfor 0,3 %, nátrium 0,4 %. Tápanyag összetétele: D3 – Vitamin (3a671) 250 IU, E-vitamin (3a700) 100 mg, cink (3b606) 15 mg, vas (3b106) 10 mg, mangán (3b504) 3 mg, kálium-jodid (3b201) 0,75 mg, réz (3b406) 0,5 mg, biotin (3a880) 0,2 mg. Technológiai adalékanyagok 1 kg-ban: szentjánoskenyér-liszt (E410) 5000 mg. Tovább olvasok"}
{"breadcrumb": "Főoldal/Kutya/Eledelek/Nedves eledelek/Brit Mono Protein kutya konzerv nyúl 6x400g", "product_name": "Brit Mono Protein kutya konzerv nyúl 6x400gBrit Mono Protein kutya konzerv nyúl 6x400g", "brand": "BRITMonoprotein201g – 400gFelnőttnyúlpástétomérzékeny emésztésűkonzerv", "regular_price": "8 994", "selling_price": "8 394", "price_per_unit": "849 Ft", "product_url": "https://webshop.fressnapf.hu/termekek/brit-mono-protein-kutya-konzerv-nyul-400g/", "product_description": "NYÚLBÓL NYERT 100% TISZTA PROTEIN A Brit Mono Protein komplett és kiegyensúlyozott tápanyagot biztosít. A receptúra csak egyetlen fajta proteint tartalmaz, alkalmas a túlérzékenység és az élelmiszer intolerancia kockázatának csökkentésére. Teljes értékű állateledel felnőtt kutyák számára. Hogy a mi kis érzékeny emésztésű, összeférhetetlenségben, vagy éppen túlérzékenységben szenvedő szőrmókjaink hasiját elkényeztethessük, olyan étrendet kell számukra kialakítanunk, ami nem tartalmaz semmilyen káros allergén anyagot. Rátalálni arra, ami bajt okoz, olykor eltarthat egy ideig, és épp ebben tudnak besegíteni az egy fajta fehérjéből összeállított konzervek. Egyszerűen leellenőrizhetjük, miképp reagál a kutyus erre vagy arra a protein fajtára, és a nem kívánatosakat kiküszöbölő módszerrel kizárhatjuk. Mivelhogy vannak érzékeny emésztésű kutyák, amelyeknek a gyomra a nagyobb darabokat vagy a belsőségeket nem képes feldolgozni, a Brit Monoprotein konzervek finom pástétom állagúak – könnyebben emészthetők, és a magasabb életkorú, immár gyengébb fogazatú kutyák is képesek azokat nehézségmentesen elfogyasztani. Megfelel érzékeny emésztésű, túlérzékenységben vagy élelmiszer- összeférhetetlenségben szenvedő kutyáknak. A magas arányú minőségi hús és annak óvatos módon történő feldolgozása garantálja a kiváló ízt és illatot. Ideálisan kibővíti a szemcsézett állateledelt. Segíti a táplálék felvételének javulását és kiegészíti a folyadékigényt. Finom pástétom állag jobb emésztéshez és könnyebb elfogyasztáshoz magasabb életkorú kutyáknál. SIKÉRMENTES – SZÓJAMENTES – GMO MENTES Összetétel: 74% nyúl (hús és szervek), 3 % borsókeményítő, 1 % borsórost. Analitikai alkotóelemek: nyersfehérje 9 %, nyerszsír 6 %, nyershamu 2 %, nedvesség 78 %, nyersrost 0,5 %, kalcium 0,3 %, foszfor 0,3 %, nátrium 0,4 %. Tápanyag összetétele: D3 – Vitamin (3a671) 250 IU, E-vitamin (3a700) 100 mg, cink (3b606) 15 mg, vas (3b106) 10 mg, mangán (3b504) 3 mg, kálium-jodid (3b201) 0,75 mg, réz (3b406) 0,5 mg, biotin (3a880) 0,2 mg. Technológiai adalékanyagok 1 kg-ban: szentjánoskenyér-liszt (E410) 5000 mg. Metabolizable energy: 1 070 kcal/kg Tovább olvasok"}
{"breadcrumb": "Főoldal/Kutya/Eledelek/Nedves eledelek/Brit Mono Protein kutya konzerv tonhal&édesburgonya 6x400g", "product_name": "Brit Mono Protein kutya konzerv tonhal&édesburgonya 6x400gBrit Mono Protein kutya konzerv tonhal&édesburgonya 6x400g", "brand": "BRITMonoprotein201g – 400gFelnőtthal&tenger gyümölcseipástétomérzékeny emésztésűkonzerv", "regular_price": "5 094", "selling_price": "4 794", "price_per_unit": "849 Ft", "product_url": "https://webshop.fressnapf.hu/termekek/brit-mono-protein-kutya-konzerv-tonhaledesburgonya-400g/", "product_description": "A Brit Mono Protein komplett és kiegyensúlyozott tápanyagot biztosít. A receptúra csak egyetlen fajta proteint tartalmaz, alkalmas a túlérzékenység és az élelmiszer intolerancia kockázatának csökkentésére. Összetétel: 72% tonhal, 22,0% húslé, 5% édesburgonya, 1% ásványi anyag. Analitikai összetevők: nyersfehérje 10,0 %, zsírtartalom 7,0 %, nyershamu 3,0 %, nedvesség 80,0 %, nyersrost 0,3 %. Tápértékkel rendelkező adalékanyagok 1 kg-onként: D3-vitamin (E671) 250 IU, E-vitamin (3a700) 100 mg, cink (3b606) 15 mg, vas (E1) 10 mg, mangán (E5) 3 mg, jód (3b201) 0,75 mg, réz (E4) 0,5 mg, biotin (3a880) 0,2 mg Szobahőmérsékleten etesse. Mindig biztosítson kutyájának friss ivóvizet. Tovább olvasok"}
{"breadcrumb": "Főoldal/Kutya/Eledelek/Nedves eledelek/Brit Paté & Meat konzerv kacsa 6x400g", "product_name": "Brit Paté & Meat konzerv kacsa 6x400gBrit Paté & Meat konzerv kacsa 6x400g", "brand": "BRITPaté&Meat201g – 400gFelnőttszárnyaspástétomkonzerv", "regular_price": "8 994", "selling_price": "8 394", "price_per_unit": "799 Ft", "product_url": "https://webshop.fressnapf.hu/termekek/brit-pate-meat-konzerv-kacsa-400g/", "product_description": "Teljes értékű állateledel felnőtt kutyák számára. -Valódi húsdarabok, pástétomba darabolt belsőséggel. -A magas minőségi hústartalom és kíméletes feldolgozása garantálja a kitűnő ízt és illatot. A valódi húsdarabok és a pástétomba darabolt belsőségek tökéletesen kielégítik még a legínyencebb kutyákat is. -A Brit Paté & Meat ideálisan kibővíti a szemcsézett kutyaeledelt. Segít a táplálékfelvétel javításában és a folyadékigény utánpótlásában. -GABONAFÉLÉKTŐL MENTES – SZÓJAMENTES – GMO MENTES Összetétel: 44% csirke (hús és szervek), 26% kacsa (hús és szervek), 3 % borsó keményítő, 1 % borsórost, 0,5% lazacolaj. Analitikai alkotóelemek: nyersfehérje 9%, nyerszsír 6%, nyershamu 3%, nedvesség 78%, nyersrost 0,5%, kalcium 0,1 %, foszfor 0,3 %, nátrium 0,2 %. Tápanyag összetétele: D3 Vitamin (3a671) 250 IU, E-vitamin (3a700) 100 mg, cink (3b606) 15 mg, vas (3b106) 10 mg, mangán (3b504) 3 mg, kálium-jodid (3b201) 0,75 mg, réz (3b406) 0,5 mg, biotin (3a880) 0,2 mg. Technológiai adalékanyagok 1 kg-ban: szentjánoskenyér-liszt (E410) 5000 mg. Tovább olvasok"}
{"breadcrumb": "Főoldal/Kutya/Eledelek/Nedves eledelek/Brit Paté & Meat konzerv lazac 6x400g", "product_name": "Brit Paté & Meat konzerv lazac 6x400gBrit Paté & Meat konzerv lazac 6x400g", "brand": "BRITPaté&Meat201g – 400gFelnőtthal&tenger gyümölcseipástétomkonzerv", "regular_price": "8 994", "selling_price": "8 394", "price_per_unit": "799 Ft", "product_url": "https://webshop.fressnapf.hu/termekek/brit-pate-meat-konzerv-lazac-400g/", "product_description": "Teljes értékű állateledel felnőtt kutyák számára. -Valódi húsdarabok, pástétomba darabolt belsőséggel. -A magas minőségi hústartalom és kíméletes feldolgozása garantálja a kitűnő ízt és illatot. A valódi húsdarabok és a pástétomba darabolt belsőségek tökéletesen kielégítik még a legínyencebb kutyákat is. -A Brit Paté & Meat ideálisan kibővíti a szemcsézett kutyaeledelt. Segít a táplálékfelvétel javításában és a folyadékigény utánpótlásában. -GABONAFÉLÉKTŐL MENTES – SZÓJAMENTES – GMO MENTES Összetétel: 44% csirke (hús és szervek), 26% lazac, 3 % borsó keményítő, 1 % borsórost, 0,5% lazacolaj. Analitikai alkotóelemek: nyersfehérje 8%, nyerszsír 7%, nyershamu 3,5%, nedvesség 78%, nyersrost 0,5%, kalcium 0,1 %, foszfor 0,3 %, nátrium 0,2 %. Tápanyag összetétele: D3 Vitamin (3a671) 250 IU, E-vitamin (3a700) 100 mg, cink (3b606) 15 mg, vas (3b106) 10 mg, mangán (3b504) 3 mg, kálium-jodid (3b201) 0,75 mg, réz (3b406) 0,5 mg, biotin (3a880) 0,2 mg. Technológiai adalékanyagok 1 kg-ban: szentjánoskenyér-liszt (E410) 5000 mg. Tovább olvasok"}
{"breadcrumb": "Főoldal/Kutya/Eledelek/Nedves eledelek/Brit Paté & Meat konzerv marha 6x400g", "product_name": "Brit Paté & Meat konzerv marha 6x400gBrit Paté & Meat konzerv marha 6x400g", "brand": "BRITPaté&Meat201g – 400gFelnőttmarha&borjúpástétomkonzerv", "regular_price": "8 994", "selling_price": "8 394", "price_per_unit": "799 Ft", "product_url": "https://webshop.fressnapf.hu/termekek/brit-pate-meat-konzerv-marha-400g/", "product_description": "Teljes értékű állateledel felnőtt kutyák számára. -Valódi húsdarabok, pástétomba darabolt belsőséggel. -A magas minőségi hústartalom és kíméletes feldolgozása garantálja a kitűnő ízt és illatot. A valódi húsdarabok és a pástétomba darabolt belsőségek tökéletesen kielégítik még a legínyencebb kutyákat is. -A Brit Paté & Meat ideálisan kibővíti a szemcsézett kutyaeledelt. Segít a táplálékfelvétel javításában és a folyadékigény utánpótlásában. -GABONAFÉLÉKTŐL MENTES – SZÓJAMENTES – GMO MENTES Összetétel: 55% marha (hús és szervek), 15% pulyka (hús és szervek), 3 % borsó keményítő, 1 % borsórost, 0,5% lazacolaj. Analitikai alkotóelemek: nyersfehérje 9%, nyerszsír 8%, nyershamu 2,5%, nedvesség 78%, nyersrost 0,5%, kalcium 0,1 %, foszfor 0,3 %, nátrium 0,2 %. Tápanyag összetétele: D3 Vitamin (3a671) 250 IU, E-vitamin (3a700) 100 mg, cink (3b606) 15 mg, vas (3b106) 10 mg, mangán (3b504) 3 mg, kálium-jodid (3b201) 0,75 mg, réz (3b406) 0,5 mg, biotin (3a880) 0,2 mg. Technológiai adalékanyagok 1 kg-ban: szentjánoskenyér-liszt (E410) 5000 mg. Tovább olvasok"}
{"breadcrumb": "Főoldal/Kutya/Eledelek/Nedves eledelek/Brit Paté & Meat kutya konzerv nyúl 6x400g", "product_name": "Brit Paté & Meat kutya konzerv nyúl 6x400gBrit Paté & Meat kutya konzerv nyúl 6x400g", "brand": "BRITPaté&Meat201g – 400gFelnőttnyúlpástétomkonzerv", "regular_price": "8 994", "selling_price": "8 394", "price_per_unit": "899 Ft", "product_url": "https://webshop.fressnapf.hu/termekek/brit-pate-meat-kutya-konzerv-nyul-400g/", "product_description": "Teljes értékű állateledel felnőtt kutyák számára. -Valódi húsdarabok, pástétomba darabolt belsőséggel. -A magas minőségi hústartalom és kíméletes feldolgozása garantálja a kitűnő ízt és illatot. A valódi húsdarabok és a pástétomba darabolt belsőségek tökéletesen kielégítik még a legínyencebb kutyákat is. -A Brit Paté & Meat ideálisan kibővíti a szemcsézett kutyaeledelt. Segít a táplálékfelvétel javításában és a folyadékigény utánpótlásában. -GABONAFÉLÉKTŐL MENTES – SZÓJAMENTES – GMO MENTES Összetétel: 44% csirke (hús és szervek), 26% nyúl (hús és szervek), 3% borsó keményítő, 1% borsórost, 0,5% lazacolaj. Analitikai alkotóelemek: nyersfehérje 8%, nyerszsír 4%, nyershamu 3,5%, nedvesség 78%, nyersrost 0,5%, kalcium 0,1 %, foszfor 0,3 %, nátrium 0,2 %. Tápanyag összetétele: D3 Vitamin (3a671) 250 IU, E-vitamin (3a700) 100 mg, cink (3b606) 15 mg, vas (3b106) 10 mg, mangán (3b504) 3 mg, kálium-jodid (3b201) 0,75 mg, réz (3b406) 0,5 mg, biotin (3a880) 0,2 mg. Technológiai adalékanyagok 1 kg-ban: szentjánoskenyér-liszt (E410) 5000 mg. Tovább olvasok"}
{"breadcrumb": "Főoldal/Kutya/Eledelek/Nedves eledelek/Brit Paté&Meat kutya konzerv szarvas 6x400g", "product_name": "Brit Paté&Meat kutya konzerv szarvas 6x400gBrit Paté&Meat kutya konzerv szarvas 6x400g", "brand": "BRITPaté&Meat201g – 400gFelnőttvadpástétomkonzerv", "regular_price": "8 994", "selling_price": "8 394", "price_per_unit": "799 Ft", "product_url": "https://webshop.fressnapf.hu/termekek/brit-patemeat-kutya-konzerv-szarvas-400g-2/", "product_description": "70% vadhús és csirke + tiszta húspástétom. Teljes értékű állateledel felnőtt kutyák számára. Valódi húsdarabok, pástétomba darabolt belsőséggel. A magas minőségi hústartalom és kíméletes feldolgozása garantálja a kitűnő ízt és illatot. A valódi húsdarabok és a pástétomba darabolt belsőségek tökéletesen kielégítik még a legínyencebb kutyákat is. A Brit Paté & Meat ideálisan kibővíti a szemcsézett kutyaeledelt. Segít a táplálékfelvétel javításában és a folyadékigény utánpótlásában. GABONAFÉLÉKTŐL MENTES – SZÓJAMENTES – GMO MENTES Összetétel: 44% csirke (hús és szervek), 26% vadhús (hús és szervek), 3 % borsókeményítő, 1 % borsórost, 0,5% lazacolaj. Analitikai alkotóelemek: nyersfehérje 8%, nyerszsír 7%, nyershamu 3,5%, nedvesség 78%, nyersrost 0,5%, kalcium 0,1 %, foszfor 0,3 %, nátrium 0,2 %. Tápanyag összetétele: D3 Vitamin (3a671) 250 IU, E-vitamin (3a700) 100 mg, cink (3b606) 15 mg, vas (3b106) 10 mg, mangán (3b504) 3 mg, kálium-jodid (3b201) 0,75 mg, réz (3b406) 0,5 mg, biotin (3a880) 0,2 mg. Technológiai adalékanyagok 1 kg-ban: szentjánoskenyér-liszt (E410) 5000 mg. Tovább olvasok"}
{"breadcrumb": "Főoldal/Kutya/Eledelek/Nedves eledelek/Brit Premium by Nature kutya konzerv adult bárány&hajdina 6x800g", "product_name": "Brit Premium by Nature kutya konzerv adult bárány&hajdina 6x800gBrit Premium by Nature kutya konzerv adult bárány&hajdina 6x800g", "brand": "BRITPremium by Nature601g – 800gFelnőttjuh&bárány&kecskenagytestű 26kg-tólkonzerv", "regular_price": "8 994", "selling_price": "8 394", "price_per_unit": "1 149 Ft", "product_url": "https://webshop.fressnapf.hu/termekek/brit-premium-by-nature-kutya-konzerv-adult-baranyhajdina-6x800g/", "product_description": "Ideálisan kibővíti a száraz állateledelt. Teljes értékű állateledel, külön uzsonnaként, vagy a száraz állateledel ízgazdagítására, minden fajta felnőtt kutya részére. Segít az eledel feldolgozásánál, folyadék utánpótlást biztosít. Almával bővített (1%), ami rostanyag forrása érzékeny emésztéshez, továbbá lazacolajjal, valamint gyümölccsel és gyógyfüvekkel. Kitűnően emészthető, finom ízekkel Tápanyagok, vitaminok és ásványi anyagok kiegyensúlyozott mennyiségben GABONAMENTES – SÓMENTES – GMO nélkül Összetétel: bárányhús 36%, húslé 35,5%, csirke 22%, hajdina 4 %, alma 1%, ásványi anyag 1%, lazacolaj 0,5%. Analitikai alkotóelemek: nyersfehérje 8,0 %, zsírtartalom 5,0 %, nyersrost 0,3 %, nyershamu 2,7 %, nedvesség 78,0 %, kalcium 0,3 %, foszfor 0,3 %, nátrium 0,5 %. Tápanyag összetétele: D3-vitamin (E671) 200 IU, E-vitamin (3a700) 100 mg, cink (3b606) 10 mg, vas (3b103) 8 mg, mangán (3b502) 2 mg, jód (3b201) 0,5 mg, réz (3b405) 0,5 mg. Metabolizable energy: 1 000 kcal/kg Tovább olvasok"}
{"breadcrumb": "Főoldal/Kutya/Eledelek/Nedves eledelek/Brit Premium by Nature kutya konzerv adult hal&halbőr 6x800g", "product_name": "Brit Premium by Nature kutya konzerv adult hal&halbőr 6x800gBrit Premium by Nature kutya konzerv adult hal&halbőr 6x800g", "brand": "BRITPremium by Nature601g – 800gFelnőtthal&tenger gyümölcseinagytestű 26kg-tólkonzerv", "regular_price": "5 094", "selling_price": "4 794", "price_per_unit": "1 149 Ft", "product_url": "https://webshop.fressnapf.hu/termekek/brit-premium-by-nature-kutya-konzerv-adult-halhalbor-6x800g/", "product_description": "Ideálisan kibővíti a száraz állateledelt. Teljes értékű állateledel, külön uzsonnaként, vagy a száraz állateledel ízgazdagítására, minden fajta felnőtt kutya részére. Segít az eledel feldolgozásánál, folyadék utánpótlást biztosít. Nagyobb mennyiségű lazacolajjal bővített (1,5%), ami támogatja az egészséges és fényes szőrzetet, valamint Omega-3 forrása, továbbá gyümölccsel és gyógyfüvekkel. Kitűnően emészthető, finom ízekkel Tápanyagok, vitaminok és ásványi anyagok kiegyensúlyozott mennyiségben GABONAMENTES – SÓMENTES – GMO nélkül Összetétel: halhús 36 %, hallé 35,5 %, csirke 22 %, halbőr 4 %, lazacolaj 1,5 %, ásványi anyag 1 %. Analitikai alkotóelemek: nyersfehérje 8,5 %, zsírtartalom 5,0 %, nyersrost 0,3 %, nyershamu 2,8 %, nedvesség 78,0 %, kalcium 0,3 %, foszfor 0,3 %, nátrium 0,5 %. Tápanyag összetétele: D3-vitamin (E671) 200 IU, E-vitamin (3a700) 100 mg, cink (3b606) 10 mg, vas (3b103) 8 mg, mangán (3b502) 2 mg, jód (3b201) 0,5 mg, réz (3b405) 0,5 mg. Metabolizable energy: 1 000 kcal/kg Tovább olvasok"}
{"breadcrumb": "Főoldal/Kutya/Eledelek/Nedves eledelek/Brit Premium by Nature kutya konzerv adult marha&pacal 6x800g", "product_name": "Brit Premium by Nature kutya konzerv adult marha&pacal 6x800gBrit Premium by Nature kutya konzerv adult marha&pacal 6x800g", "brand": "BRITPremium by Nature601g – 800gFelnőttmarha&borjúnagytestű 26kg-tólkonzerv", "regular_price": "8 994", "selling_price": "8 394", "price_per_unit": "1 149 Ft", "product_url": "https://webshop.fressnapf.hu/termekek/brit-premium-by-nature-kutya-konzerv-adult-marhapacal-6x800g/", "product_description": "“Ideális szemcsézett állateledel kiegészítéseként. Teljes értékű állateledel, kisebb tízórai, vagy szemcsézett állateledel kiegészítéseként, bármilyen fajta kiskutya részére. Segíti az eledel emésztését, kiegészíti a folyadékigényt. A forgók kondíciójának fenntartásához kollagént, valamint lazacolajat, gyümölcsöt és gyógyfüveket tartalmaz. Kitűnően emészthető, finom ízekkel Tápanyagok, vitaminok és ásványi anyagok kiegyensúlyozott mennyiségben GABONAMENTES – SÓMENTES – GMO nélkül Összetétel: marhahús 36%, húslé 35,5 %, csirke 22 %, pacal 4 %, kollagén 1 %, ásványi anyag 1 %, lazacolaj 0,5 %. Analitikai alkotóelemek: nyersfehérje 9,0 %, zsírtartalom 6,5 %, nyersrost 0,4 %, nyershamu 2,7 %, nedvesség 78,0 %, kalcium 0,3 %, foszfor 0,3 %, nátrium 0,5 %. Tápanyag összetétele: D3-vitamin (E671) 200 IU, E-vitamin (3a700) 100 mg, cink (3b606) 10 mg, vas (3b103) 8 mg, mangán (3b502) 2 mg, jód (3b201) 0,5 mg, réz (3b405) 0,5 mg. Metabolizable energy: 1 065 kcal/kg” Tovább olvasok"}
{"breadcrumb": "Főoldal/Kutya/Eledelek/Nedves eledelek/Brit Premium by Nature kutya konzerv junior pulyka&máj 6x800g", "product_name": "Brit Premium by Nature kutya konzerv junior pulyka&máj 6x800gBrit Premium by Nature kutya konzerv junior pulyka&máj 6x800g", "brand": "BRITPremium by Nature601g – 800gFelnőttszárnyaskonzervnagytestű 26kg-tól", "regular_price": "8 994", "selling_price": "8 394", "price_per_unit": "1 149 Ft", "product_url": "https://webshop.fressnapf.hu/termekek/brit-premium-by-nature-kutya-konzerv-junior-pulykamaj-800g/", "product_description": "Ideálisan kibővíti a szemcsézett állateledelt. Teljes értékű állateledel, külön uzsonnaként, vagy a szemcsézett állateledel ízgazdagítására, minden fajta ifjabb kutya részére. Segít az eledel feldolgozásánál, folyadék utánpótlást biztosít. Kamillával bővített, ami nyugtatólag hat és befolyással van az érzékeny emésztésre, továbbá lazacolajjal, ami Omega-3 zsírsavak természetes forrása, valamint gyümölccsel és gyógyfüvekkel. Kitűnően emészthető, finom ízekkel Tápanyagok, vitaminok és ásványi anyagok kiegyensúlyozott mennyiségben GABONAMENTES – SÓMENTES – GMO nélkül Összetétel: pulyka 36%, húslé 35,5%, csirke 22%, pulykamáj 4%, kamilla 1%, ásványi anyag 1%, lazacolaj 0,5%. Analitikai alkotóelemek: nyersfehérje 8,0 %, zsírtartalom 5,5 %, nyersrost 0,4 %, nyershamu 2,8 %, nedvesség 78,0 %, kalcium 0,3 %, foszfor 0,3 %, nátrium 0,5 %. Tápanyag összetétele: D3-vitamin (E671) 200 IU, E-vitamin (3a700) 100 mg, cink (3b606) 10 mg, vas (3b103) 8 mg, mangán (3b502) 2 mg, jód (3b201) 0,5 mg, réz (3b405) 0,5 mg Metabolizable energy: 1 010 kcal/kg Tovább olvasok"}
{"breadcrumb": "Főoldal/Kutya/Eledelek/Száraz eledelek/Brit Premium by Nature kutya szárazeledel large adult 15kg", "product_name": "Brit Premium by Nature kutya szárazeledel large adult 15kgBrit Premium by Nature kutya szárazeledel large adult 15kg", "brand": "BRITPremium by Nature12, 1kg – 15kgFelnőttszárnyasnagytestű 26kg-tól", "regular_price": "3 499", "selling_price": "2 999", "price_per_unit": "1 kg=913 Ft", "product_url": "https://webshop.fressnapf.hu/termekek/brit-premium-by-nature-kutya-szarazeledel-large-adult-15kg/", "product_description": "TELJES ÉRTÉKŰ ÁLLATELEDEL CSIRKE FORMULA NAGY TESTMÉRETŰ (25–45 KG-OS) FELNŐTT KUTYÁKNAK. Forgók táplálása, mozgékonyság támogatása Egészséges bőr, fényes szőrzet Immunitás és erőnlét támogatása Még jobb íz és emészthetőség Kollagén, kékkagyló és rákhüvely a forgóknak és a porcoknak Magas omega-3 tartalom az egészséges szívnek, bőrnek és fényes szőrzetnek Gyümölcs és gyógyfüvek a jobb emésztésnek és az immunrendszernek Összetétel: csirke 45 % (dehidratált 25 %, kicsontozott 20 %), zab, búza, csirkezsír (kevert tokoferolokkal tartósítva), kukorica, szárított alma, lazacolaj (2 %), hidrolizált csirkemáj, sörélesztő, kollagén, rákhéj (glükózamin-forrás, 210 mg/kg), porckivonat (kondroitin-forrás, 150 mg/kg), gyógynövények és gyümölcsök (szegfűszeg, citrusfélék, rozmaring, kurkuma, 120 mg/kg), mannán-oligoszacharidok (120 mg/kg), frukto-oligoszacharidok (90 mg/kg), moháve-jukka (90 mg/kg), szárított kamilla (80 mg/kg), Green-kagyló (glikozaminoglikánok-forrás, 50 mg/kg), szárított fekete áfonya (50 mg/kg). Analitikai alkotóelemek: nyersfehérje 27,0 %, zsírtartalom 14,0 %, nedvesség 10,0 %, nyershamu 7,0 %, nyersrost 2,0 %, kalcium 1,5 %, foszfor 1,1 %, omega-3 0,2 %, omega-6 1,6 %. Tápanyag összetétele: A-vitamin (3a672a) 15 000 NE, D3-vitamin (E671) 1000 NE, E-vitamin (α-tokoferol) (3a700) 400 mg, biotin (3a880) 0,5 mg, kolin-klorid (3a890) 500 mg, aminosavak cink-kelátja, hidrát (3b606) 70 mg, aminosavak vas-kelátja, hidrát (E1) 60 mg, aminosavak mangán-kelátja, hidrát (E5) 30 mg, kálium-jodid (3b201) 0,5 mg, aminosavak réz-kelátja, hidrát (E4) 12 mg, a Saccharomyces cerevisiae által gyártott szerves szelén CNCM I-3060 (3b8.10) 0,2 mg. Az EU-ban engedélyezett antioxidánsokat tartalmaz: növényi olajokból származó tokoferolkivonatok (1b306), aszkorbil-palmitát (1b304) & rozmaring kivonat. Metabolizable energy: 3 770 kcal/kg Tovább olvasok"}
{"breadcrumb": "Főoldal/Kutya/Eledelek/Száraz eledelek/Brit Premium by Nature kutya szárazeledel large junior 15kg", "product_name": "Brit Premium by Nature kutya szárazeledel large junior 15kgBrit Premium by Nature kutya szárazeledel large junior 15kg", "brand": "BRITPremium by Nature12, 1kg – 15kgKölyökszárnyasnagytestű 26kg-tól", "regular_price": "3 699", "selling_price": "3 499", "price_per_unit": "1 kg=1000 Ft", "product_url": "https://webshop.fressnapf.hu/termekek/brit-premium-by-nature-kutya-szarazeledel-large-junior-15kg/", "product_description": "TELJES ÉRTÉKŰ ÁLLATELEDEL CSIRKE FORMULA NAGY TESTMÉRETŰ (25–45 KG-OS) FIATAL (1–24 HÓNAPOS) KUTYÁKNAK. Egészségesen fejlődő csontváz, csontozat, forgók és fogak Immunitás és erőnlét támogatása Testalkat és izomzat optimális növekedése Még jobb íz és emészthetőség Kollagén, kékkagyló és rákhüvely a forgóknak és a porcoknak Magas omega-3 tartalom az egészséges szívnek, bőrnek és fényes szőrzetnek Gyümölcs és gyógyfüvek a jobb emésztésnek és az immunrendszernek Összetétel: csirke 45 % (dehidratált 25 %, kicsontozott 20 %), zab, búza, csirkezsír (kevert tokoferolokkal tartósítva), kukorica, lazacolaj (2 %), szárított alma, hidrolizált csirkemáj, sörélesztő, kollagén, rákhéj (glükózamin-forrás, 260 mg/kg), porckivonat (kondroi tin-forrás, 180 mg/kg), gyógynövények és gyümölcsök (szegfűszeg, citrusfélék, rozmaring, kurkuma, 150 mg/kg), mannán-oligoszacharidok (150 mg/kg), frukto-oligoszacharidok (100 mg/kg), moháve-jukka (100 mg/kg), szárított kamilla (90 mg/kg), Green-kagyló (glikozaminoglikánokforrás, 60 mg/kg), szárított fekete áfonya (60 mg/kg). Analitikai alkotóelemek: nyersfehérje 28,0 %, zsírtartalom 16,0 %, nedvesség 10,0 %, nyershamu 7,2 %, nyersrost 2,0 %, kalcium 1,5 %, foszfor 1,1 %, omega-3 0,2 %, omega-6 1,8 %. Tápanyag összetétele: A-vitamin (3a672a) 20 000 NE, D3-vitamin (E671) 1200 NE, E-vitamin (α-tokoferol) (3a700) 500 mg, biotin (3a880) 0,6 mg, kolin-klorid (3a890) 600 mg, aminosavak cink-kelátja, hidrát (3b606) 90 mg, aminosavak vas-kelátja, hidrát (E1) 80 mg, aminosavak mangán-kelátja, hidrát (E5) 35 mg, kálium-jodid (3b201) 0,65 mg, aminosavak réz-kelátja, hidrát (E4) 15 mg, a Saccharomyces cerevisiae által gyártott szerves szelén CNCM I-3060 (3b8.10) 0,2 mg. Az EU-ban engedélyezett antioxidánsokat tartalmaz: növényi olajokból származó tokoferolkivonatok (1b306), aszkorbil-palmitát (1b304) & rozmaring kivonat. Metabolizable energy: 3 850 kcal/kg Tovább olvasok"}
{"breadcrumb": "Főoldal/Kutya/Eledelek/Száraz eledelek/Brit Premium by Nature kutya szárazeledel medium adult 15kg", "product_name": "Brit Premium by Nature kutya szárazeledel medium adult 15kgBrit Premium by Nature kutya szárazeledel medium adult 15kg", "brand": "BRITPremium by Nature12, 1kg – 15kgFelnőttszárnyasközepes testű 11-25kg", "regular_price": "3 499", "selling_price": "2 999", "price_per_unit": "1 kg=840 Ft", "product_url": "https://webshop.fressnapf.hu/termekek/brit-premium-by-nature-kutya-szarazeledel-medium-adult-15kg/", "product_description": "TELJES ÉRTÉKŰ ÁLLATELEDEL CSIRKE FORMULA KÖZEPES TESTMÉRETŰ (10–25 KG-OS) FELNŐTT KUTYÁKNAK. Egészséges bőr, fényes szőrzet Kiváló emészthetőség Immunitás és erőnlét támogatása Még jobb íz és emészthetőség Kollagén, kékkagyló és rákhüvely a forgóknak és a porcoknak Magas omega-3 tartalom az egészséges szívnek, bőrnek és fényes szőrzetnek Gyümölcs és gyógyfüvek a jobb emésztésnek és az immunrendszernek Összetétel: csirke 45 % (dehidratált 25 %, kicsontozott 20 %), zab, búza, csirkezsír (kevert tokoferolokkal tartósítva), kukorica, szárított alma, lazacolaj (2 %), hidrolizált csirkemáj, sörélesztő, kollagén, rákhéj (glükózamin-forrás, 210 mg/kg), porckivonat (kondroitin-forrás, 150 mg/kg), gyógynövények és gyümölcsök (szegfűszeg, citrusfélék, rozmaring, kurkuma, 120 mg/kg), mannán-oligoszacharidok (120 mg/kg), frukto-oligoszacharidok (90 mg/kg), moháve-jukka (90 mg/kg), szárított kamilla (80 mg/kg), Green-kagyló (glikozaminoglikánok-forrás, 50 mg/kg), szárított fekete áfonya (50 mg/kg). Analitikai alkotóelemek: nyersfehérje 26,0 %, zsírtartalom 15,0 %, nedvesség 10,0 %, nyershamu 7,0 %, nyersrost 2,2 %, kalcium 1,5 %, foszfor 1,1 %, omega-3 0,2 %, omega-6 1,7 %. Tápanyag összetétele: A-vitamin (3a672a) 15 000 NE, D3-vitamin (E671) 1000 NE, E-vitamin (α-tokoferol) (3a700) 400 mg, biotin (3a880) 0,5 mg, kolin-klorid (3a890) 500 mg, aminosavak cink-kelátja, hidrát (3b606) 70 mg, aminosavak vas-kelátja, hidrát (E1) 60 mg, aminosavak mangán-kelátja, hidrát (E5) 30 mg, kálium-jodid (3b201) 0,5 mg, aminosavak réz-kelátja, hidrát (E4) 12 mg, a Saccharomyces cerevisiae által gyártott szerves szelén CNCM I-3060 (3b8.10) 0,2 mg. Az EU-ban engedélyezett antioxidánsokat tartalmaz: növényi olajokból származó tokoferolkivonatok (1b306), aszkorbil-palmitát (1b304) & rozmaring kivonat. Metabolizable energy: 3 790 kcal/kg Tovább olvasok"}
{"breadcrumb": "Főoldal/Kutya/Eledelek/Száraz eledelek/Brit Premium by Nature száraz kutyaeledel Light 3kg", "product_name": "Brit Premium by Nature száraz kutyaeledel Light 3kgBrit Premium by Nature száraz kutyaeledel Light 3kg", "brand": "BRITPremium by Nature1,1kg – 4kgFelnőttszárnyassúlycsökkentő diéta", "regular_price": "3 499", "selling_price": "2 999", "price_per_unit": "1 KG=2000 Ft", "product_url": "https://webshop.fressnapf.hu/termekek/brit-premium-by-nature-szaraz-kutyaeledel-light-3kg/", "product_description": "TELJES ÉRTÉKŰ ÁLLATELEDEL PULYKA ÉS CSIRKES FORMULA BÁRMILYEN FAJTÁJÚ TÚLSÚLYOS KUTYÁK SZÁMÁRA. Testsúly optimális szabályozása Forgók táplálása, mozgékonyság támogatása Stresszellenes összetevő a szívműködés serkentéséhez magas tápértékű gluténmentes gabonafélék még jobb íz és emészthetőség kollagén, kékkagyló és rákhüvely a forgóknak és a porcoknak magas omega-3 tartalom az egészséges szívnek, bőrnek és fényes szőrzetnek gyümölcs és gyógyfüvek a jobb emésztésnek és az immunrendszernek Összetétel: pulyka 30 % (dehidratált 20 %, kicsontozott 10 %), dehidratált csirke (10 %), zab, búza, szárított alma, bambusz-lignocellulóz, kukorica,lazacolaj (2 %), hidrolizált csirkemáj, csirkezsír (kevert tokoferolokkal tartósítva), sörélesztő, kollagén, rákhéj (glükózamin-forrás, 260 mg/kg), porckivonat (kondroitin-forrás, 180 mg/kg), gyógynövények és gyümölcsök (szegfűszeg, citrus, rozmaring, kurkuma, 150 mg/kg), mannán-oligoszacharidok (150 mg/kg), frukto-oligoszacharidok (100 mg/kg), moháve-jukka (100 mg/kg), szárított kamilla (90 mg/kg), Green-kagyló (glikozaminoglikánok-forrás, 60 mg/kg), szárított fekete áfonya (60 mg/kg). analitikai alkotóelemek: nyersfehérje 25,0 %, zsírtartalom 8,0 %, nedvesség 10,0 %, nyershamu 7,6 %, nyersrost 6,5 %, kalcium 1,6 %, foszfor 1,2 %, omega-3 0,1 %, omega-6 0,7 %. Tápanyag összetétele: A-vitamin (3a672a) 20 000 NE, D3-vitamin (E671) 1 200 NE, E-vitamin (α-tokoferol) (3a700) 500 mg, L-karnitin (3a910) 100 mg, biotin (3a880) 0,6 mg, kolin-klorid (3a890) 600 mg, aminosavak cink-kelátja, hidrát (3b606) 90 mg, aminosavak vas-kelátja, hidrát (E1) 80 mg, aminosavak mangán-kelátja, hidrát (E5) 35 mg, kálium-jodid (3b201) 0,65 mg, aminosavak réz-kelátja, hidrát (E4) 15 mg, a Saccharomyces cerevisiae által gyártott szerves szelén CNCM I-3060 (3b8.10) 0,2 mg. Az EU-ban engedélyezett antioxidánsokat tartalmaz: növényi olajokból származó tokoferolkivonatok (1b306), aszkorbil-palmitát (1b304) & rozmaring kivonat. Metabolizable energy: 3 180 kcal/kg Tovább olvasok"}
{"breadcrumb": "Főoldal/Kutya/Eledelek/Táplálékkiegészítők&vitaminok/C-11 complex porcvédő tabletta 60db", "product_name": "C-11 complex porcvédő tabletta 60dbC-11 complex porcvédő tabletta 60db", "brand": "C-11Felnőtttablettaízület védelem", "regular_price": "9999", "selling_price": "", "price_per_unit": "1 db=167 Ft", "product_url": "https://webshop.fressnapf.hu/termekek/c-11-complex-porcvedo-tabletta-60db/", "product_description": "A C-11 Complex integrált porcvédő tabletta 11 összetevőt tartalmazó, második generációs porcregeneráló készítmény kutyáknak. Felhasználhatósága rendkívül széles: Védelmet jelenthet a fejlődés korai szakaszában, kölyökkutyák intenzív növekedési periódusában, amikor bármelyik porc- és ízületalkotó hiánya kritikus következményekkel járhat. Hozzájárul a felnőtt- és időskori porckárosodások megelőzéséhez, az egészséges ízületi működés támogatásához, az inak, a szalagok, az ízületi tok, a kötőszövet és az ízületi nedv regenerációjának elősegítéséhez. Különösen javasolt helyreállító ízületi műtétek előtt és után a regenerációs folyamatok felgyorsítására. Rendkívül biztonságos, mellékhatása még nagyobb dózisokban sem ismert, együtt alkalmazható bármilyen gyulladáscsökkentő kezeléssel. Ízületgyulladás és bármilyen típusú degeneratív porcelváltozás esetén használható. A legkomplexebb összetételű porcvédő. Nem csak a porc egyik alkotórészének (GAG) szintéziséhez szükséges alapanyagokat tartalmazza, de a porcképződéshez nélkülözhetetlen hialuronsavat és 2-es típusú kollagént, valamint a porcépítésben közreműködő enzimek kofaktorait adó mikroelemeket is. Az általánosan használt rákokból és kagylóból kivont alapanyagok helyett nagy tisztaságú, humán felhasználásra készült összetevőkkel és magas színvonalú gyártással biztosított a nagyobb biológiai hasznosulás és hatékonyság. Az alkotóelemek közül a kondroitin-4-szulfát, de különösen a hialuronsav nagyon érzékeny, könnyen elbomlana. Ezt egy különleges gyártási technológiai eljárás alkalmazása akadályozza meg. A KÉSZÍTMÉNY ÖSSZETÉTELE: tablettánként: Glükózamin-szulfát 400 mg, Kondroitin-4-szulfát 200 mg, Kollagén (2-es típusú) 100 mg, MSM 100 mg, Hialuronsav 50 mg, Foszfor 5,3 mg, Mangán-szulfát 5 mg, Réz-szulfát 5 mg, Cink-oxid 5 mg, Vas-fumarát 5 mg, Kalcium 3,7 mg, Nátrium-szelenit 20 µg. Segédanyagok: máj aroma, laktóz-monohidrát A KÉSZÍTMÉNY FELHASZNÁLÁSI TERÜLETE, FELHASZNÁLÁSI JAVASLAT, JAVALLATOK Ízületgyulladás, valamint degeneratív porc és ízületi elváltozások kiegészítő kezelésére. Kölyökkutyák intenzív növekedési periódusában, amikor a porcfejlődés támogatása javasolt. Hozzájárul a felnőtt- és időskori porckárosodások kiegészítő kezeléséhez, az egészséges ízületi működés támogatásához, az inak, a szalagok, az ízületi tok, a kötőszövet és az ízületi nedv regenerációjának támogatásához. Ízületi műtétek előtt és után a regenerációs folyamatok támogatására. Komplexebb összetételű porcvédő tabletta. Nemcsak a porc egyik alkotórészének (GAG) szintéziséhez szükséges alapanyagokat tartalmazza, de a porcképződéshez nélkülözhetetlen hialuronsavat és 2-es típusú kollagént, valamint a porcépítésben közreműködő enzimek kofaktorait adó mikroelemeket is. ADAGOLÁS ÉS ALKALMAZÁS MÓDJA Adagolás: 1 ízesített tabletta 20 testtömegkilogrammra naponta egyszer. Az alkalmazás első 5 hetében (ún. feltöltési időszak) dupla dózis, azaz 2 tabletta/20 ttkg adása javasolt. Alkalmazható 3 hónapon át folyamatosan, kúraszerűen. Súlyos ízületkárosodás esetén a tabletta folyamatos alkalmazása javasolt. A tablettát a máj ízesítésnek köszönhetően az állatok a legtöbb esetben szívesen elfogyasztják, de beadható kis falatban vagy eleséghez keverve is. FIGYELMEZTETÉSEK A termék alkalmazása nem helyettesíti az egyes kórképekben javasolt állatorvosi gyógyszeres kezelést. Alkalmazása előtt állatorvosi konzultáció javasolt. Tovább olvasok"}
{"breadcrumb": "Főoldal/Kutya/Eledelek/Táplálékkiegészítők&vitaminok/CAL-D-PH csonterősítő tabletta 75db", "product_name": "CAL-D-PH csonterősítő tabletta 75dbCAL-D-PH csonterősítő tabletta 75db", "brand": "VetmedFelnőttcsonterősítőtabletta", "regular_price": "4799", "selling_price": "", "price_per_unit": "1 db=64 Ft", "product_url": "https://webshop.fressnapf.hu/termekek/cal-d-ph-csonterosito-tabletta-75db/", "product_description": "Cal-D-Phos a kutyák, macskák és majmok normális csont- és fogfejlődéséhez szükséges anyagokat tartalmazó tabletta. Megfelelő mennyiségben és arányban tartalmaz kalciumot és foszfort és az ezek felszívódásához nélkülözhetetlen D-vitamint, amelyek szükségesek a megfelelő fog- és csonterősítéshez és az egészséges fejlődéshez. Mindezek miatt ideális választás fiatal, nagy testű (hirtelen növekedésű) kutyák csonterősítésére és egészséges fejlődéséhez. Célállat: Kutya, macska, majom. Összetétel (tablettánként): – Kalcium: 135-150 mg – Foszfor: 105 mg – D3-vitamin: 70 NE Segéd- és vivőanyagok: Cukor, mikrokristályos cellulóz, citromsav, magnézium-sztearát, málnaízű élelmiszer festék. Adagolás: Cal-D-Phos tabletta rendszeres adásával az ásványianyag-ellátás 70 %-ban biztosított. – Felnőtt kutya: 9 ttkg-onként 1 tabletta. – Vemhes és szoptató szuka: 9 ttkg-onként 2 tabletta. – Kölyökkutya: 2-3 ttkg-onként 1 tabletta. – Felnőtt macska 1/2 tabletta. – Vemhes és szoptató macska: 1 tabletta naponta. – Kölyök cica: 1 tabletta naponta. – Majom: 3 ttkg-onként 1 tabletta naponta. Tovább olvasok"}
{"breadcrumb": "Főoldal/Kutya/Eledelek/Táplálékkiegészítők&vitaminok/Calomax vitamin&ásványianyag paszta kutyák és macskák számára 120g", "product_name": "Calomax vitamin&ásványianyag paszta kutyák és macskák számára 120gCalomax vitamin&ásványianyag paszta kutyák és macskák számára 120g", "brand": "Calomax101g – 200gFelnőttpaszta", "regular_price": "5599", "selling_price": "", "price_per_unit": "1 kg=46658 Ft", "product_url": "https://webshop.fressnapf.hu/termekek/calomax-vitaminasvanyianyag-paszta-kutyak-es-macskak-szamara-120g/", "product_description": "A Calomax egy energiában gazdag kiegészítő állateledel vitaminokkal és ásványi anyagokkal, kutyák és macskák számára. Extra energiát biztosító könnyen emészthető paszta. Felhasználási útmutató: – Adjon 2 cm-nyi pasztát testtömeg kilogrammonként. – Felnőtt macskáknak ½ -1 teáskanálnyi elegendő. – Friss ivóvíz mindig álljon az állat rendelkezésére! Összetétel: Glükóz szirup, maláta kivonat, magnézium-szulfát, repce olaj, belsőség ízesítés. Tovább olvasok"}
{"breadcrumb": "Főoldal/Kutya/Eledelek/Jutalomfalatok&rágcsák/Caneo kutya jutalomfalat bárány 100g", "product_name": "Caneo kutya jutalomfalat bárány 100gCaneo kutya jutalomfalat bárány 100g", "brand": "Escapure0g – 100gFelnőttgabonamentesjuh&bárány&kecske", "regular_price": "1699", "selling_price": "", "price_per_unit": "1 kg=16990 Ft", "product_url": "https://webshop.fressnapf.hu/termekek/caneo-kutya-jutalomfalat-barany-100g/", "product_description": "Kiegészítő eledel felnőtt kutyák számára. Cukor-, gabona- és szójamentes. Magas hústartalmú jutalomfalat, támogatja az egészséges szőrt, erős izomzatot és megfelelő emésztést. Összetétel: 84% hús és állati melléktermékek (11% bárány), glicerin, 1% alma, 1% sütőtök, 0,6% lenmag, olajok és zsírok, növényi melléktermékek, ásványi anyagok. Analitikai összetevők: nyersfehérje 42,7%, nyerszsír 16,4%, nyershamu 8,8%, nyersrost 1,2%, nedvességtartalom 13%. Tápértékkel rendelkező hozzáadott anyagok/kg: cink (cinkszulfát-monohidrát) 48 mg, réz (glicin-réz-kelát-hidrát) 1 mg, mangán (mangán(II)szulfát-monohidrát) 2 mg, jód (kalcium-jodát) 0,4 mg. Technológiai hozzáadott anyagok/kg: bentonit 5 mg, tartósítószerek, antioxidánsok. Tovább olvasok"}
{"breadcrumb": "Főoldal/Kutya/Eledelek/Jutalomfalatok&rágcsák/Caneo kutya jutalomfalat lóhús 100g", "product_name": "Caneo kutya jutalomfalat lóhús 100gCaneo kutya jutalomfalat lóhús 100g", "brand": "Escapure0g – 100gFelnőttgabonamentesló", "regular_price": "1699", "selling_price": "", "price_per_unit": "1 kg=16990 Ft", "product_url": "https://webshop.fressnapf.hu/termekek/caneo-kutya-jutalomfalat-lohus-100g/", "product_description": "Kiegészítő eledel felnőtt kutyák számára. Cukor-, gabona- és szójamentes. Magas hústartalmú jutalomfalat, marhahússal mint kizárólagos fehérjeforrás. Összetétel: 84% hús és állati melléktermékek (11% lóhús), glicerin, 1% alma, 1% sütőtök, 0,6% lenmag, olajok és zsírok, növényi melléktermékek, ásványi anyagok. Analitikai összetevők: nyersfehérje 43,3%, nyerszsír 16%, nyershamu 1%, nyersrost 8,8%, nedvességtartalom 12,8%. Tápértékkel rendelkező hozzáadott anyagok/kg: cink (cinkszulfát-monohidrát) 48 mg, réz (glicin-réz-kelát-hidrát) 1 mg, mangán (mangán(II)szulfát-monohidrát) 2 mg, jód (kalcium-jodát) 0,4 mg. Technológiai hozzáadott anyagok/kg: bentonit 5 mg, tartósítószerek, antioxidánsok. Tovább olvasok"}
{"breadcrumb": "Főoldal/Kutya/Eledelek/Jutalomfalatok&rágcsák/Caneo kutya jutalomfalat marha 100g", "product_name": "Caneo kutya jutalomfalat marha 100gCaneo kutya jutalomfalat marha 100g", "brand": "Escapure0g – 100gFelnőttgabonamentesmarha&borjú", "regular_price": "1699", "selling_price": "", "price_per_unit": "1 kg=16990 Ft", "product_url": "https://webshop.fressnapf.hu/termekek/caneo-kutya-jutalomfalat-marha-100g/", "product_description": "Kiegészítő eledel felnőtt kutyák számára. Cukor-, gabona- és szójamentes. Magas hústartalmú jutalomfalat, marhahússal mint kizárólagos fehérjeforrás. Összetétel: 84% hús és állati melléktermékek (11% marha), glicerin, 1% alma, 1% sütőtök, 0,6% lenmag, olajok és zsírok, növényi melléktermékek, ásványi anyagok. Analitikai összetevők: nyersfehérje 34,9%, nyerszsír 20,6%, nyershamu 7,5%, nyersrost 1,4%, nedvességtartalom 20,9%. Tápértékkel rendelkező hozzáadott anyagok/kg: cink (cinkszulfát-monohidrát) 48 mg, réz (glicin-réz-kelát-hidrát) 1 mg, mangán (mangán(II)szulfát-monohidrát) 2 mg, jód (kalcium-jodát) 0,4 mg. Technológiai hozzáadott anyagok/kg: bentonit 5 mg, tartósítószerek, antioxidánsok. Tovább olvasok"}
{"breadcrumb": "Főoldal/Kutya/Eledelek/Száraz eledelek/Carnilove True Fresh Adult száraz kutyaeledel hal 4kg", "product_name": "Carnilove True Fresh Adult száraz kutyaeledel hal 4kgCarnilove True Fresh Adult száraz kutyaeledel hal 4kg", "brand": "Carnilove1,1kg – 4kgFelnőtthal&tenger gyümölcseigabonamentes", "regular_price": "3 799", "selling_price": "3 299", "price_per_unit": "1 kg=3750 Ft", "product_url": "https://webshop.fressnapf.hu/termekek/carnilove-true-fresh-adult-szaraz-kutyaeledel-hal-4kg/", "product_description": "Friss halból készült teljes értékű száraz kutyatáp, gabona- és burgonyamentes receptúrával, minden testméretű, felnőtt kutya számára Ez az eledel nagy arányban tartalmaz Északi-tengerből származó halat. A halak kizárólag fenntartható halászatból származnak. A hozzáadott csicseriborsó az egészséges anyagcseréhez szükséges növényi fehérje és ásványi anyagok természetes forrása. Az alma kiváló rostforrás, amely elengedhetetlen az emésztőrendszer általános egészségéhez. A gyömbér és az áfonya fontos antioxidánsokat biztosít és segít az erős természetes immunitás kialakításában, míg a cikóriagyökér prebiotikus funkciót tölt be inulin tartalmának köszönhetően. Összetétel: friss hal (60%), borsó, csirkezsír (tokoferolokkal konzervált, 7%), csicseriborsó, szárított alma, vörös lencse, sütőtök, lazacolaj (3%), természetes aroma (2%), sárgarépa (1%), szárított tojáshéj, békalencse fehérje (0,5%), spirulina (0,3%), szárított homoktövis (0,2%), szárított gyömbér (0,1%), szárított fekete áfonya (0,1%), szárított rozmaring (0,1%), szárított vörösáfonya (0,1%), szárított kakukkfű (0,1%), glükozamin (0,026%), zöldkagyló (0,025%), kondroitin-szulfát (0,016%), sörélesztő (mannan-oligoszacharidok forrása, 0,015%), cikóriagyökér (frukto-oligoszacharidok forrása, 0,01%), yucca schidigera (0,01%). Analitikai összevetők: nyersfehérje 25,0 %, zsírtartalom 15,0 %, nedvesség 10,0 %, nyershamu 7,0 %, nyersrost 4,0 %, kalcium 1,3 %, foszfor 0,9 %, nátrium 0,5 %, omega-3 0,6 %, omega-6 1,6 %, EPA (20:5 n-3) 0,15%, DHA (22:6 n-3) 0,2 %. Adalékanyagok: tápértékkel rendelkező adalékanyagok / 1 kg: A-vitamin (3a672a) 20000 NE, D3-vitamin (3a671) 1500 NE, E-vitamin (3a700) 400 mg, C-vitamin (3a312) 250 mg, taurin (3a370) 1500 mg, L-karnitin (3a910) 50 mg, kolin-klorid (3a890) 1800 mg, niacinamid (3a315) 20 mg, biotin (3a880) 0,5 mg, cink (3b606) 80 mg, vas (3b106) 60 mg, mangán (3b504) 35 mg, jód (3b201) 0,65 mg, réz (3b406) 15 mg, szelén (3b810) 0,2 mg. Természetes antioxidánsokat tartalmaz: növényi olajok tokoferol tartalmú kivonatai (1b306(i)), aszkorbil-palmitát (1b304) és rozmaring kivonat. Metabolizálható energia: 3670 kcal/kg. Tovább olvasok"}
{"breadcrumb": "Főoldal/Kutya/Eledelek/Száraz eledelek/Carnilove True Fresh Adult száraz kutyaeledel marha 11,4kg", "product_name": "Carnilove True Fresh Adult száraz kutyaeledel marha 11,4kgCarnilove True Fresh Adult száraz kutyaeledel marha 11,4kg", "brand": "Carnilove10,1 – 12kgFelnőttmarha&borjúgabonamentes", "regular_price": "9 999", "selling_price": "8 999", "price_per_unit": "1 kg=3070 Ft", "product_url": "https://webshop.fressnapf.hu/termekek/carnilove-true-fresh-adult-szaraz-kutyaeledel-marha-114kg/", "product_description": "Friss marhahúsból készült teljes értékű száraz kutyatáp, gabona- és burgonyamentes receptúrával, minden testméretű, felnőtt kutya számára Ez az eledel nagy arányban tartalmaz friss, farmokról és helyi forrásokból beszerzett marhahúst, amely emberi fogyasztásra engedélyezett állatokból származik. A hozzáadott borsó és tojáshéj olyan ásványi anyagokat tartalmaz, amelyek fontos szerepet játszanak a csontok egészségének fenntartásában. A sütőtök kiváló minőségű rostforrás, amely támogatja az emésztőrendszer egészségét és biztosítja az alapvető tápanyagok hatékony felszívódását, míg a homoktövis és a rozmaring antioxidáns tulajdonságokkal rendelkezik, és védi a szervezetet a szabad gyökök hatásaitól. Összetétel: friss marhahús (60%), borsó, marhafaggyú (tokoferolokkal konzervált, 4%), csicseriborsó, szárított alma, vörös lencse, sütőtök, természetes aromák (2%), lazacolaj (1%), sárgarépa (1%), szárított tojáshéj, békalencse fehérje (0,5%), spirulina (0,3%), szárított homoktövis (0,2%), szárított gyömbér (0,1%), szárított fekete áfonya (0,1%), szárított rozmaring (0,1%), szárított vörösáfonya (0,1%), szárított kakukkfű (0,1%), glükozamin (0,026%), zöldkagyló (0,025%), kondroitin-szulfát (0,016%), sörélesztő (mannan-oligoszacharidok forrása, 0,015%), cikóriagyökér (frukto-oligoszacharidok forrása, 0,01%), yucca schidigera (0,01%). Analitikai összetevők: nyersfehérje 26,0 %, zsírtartalom 19,0 %, nedvesség 10,0 %, nyershamu 6,5 %, nyersrost 4,5 %, kalcium 1,3 %, foszfor 0,9 %, nátrium 0,3 %, omega-3 0,2 %, omega-6 1,3 %, EPA (20:5 n-3) 0,05 %, DHA (22:6 n-3) 0,1 %. Adalékanyagok: tápértékkel rendelkező adalékanyagok / 1 kg: A-vitamin (3a672a) 20000 NE, D3-vitamin (3a671) 1500 NE, E-vitamin (3a700) 400 mg, C-vitamin (3a312) 250 mg, taurin (3a370) 1500 mg, L-karnitin (3a910) 50 mg, kolin-klorid (3a890) 1800 mg, niacinamid (3a315) 20 mg, biotin (3a880) 0,5 mg, cink (3b606) 80 mg, vas (3b106) 60 mg, mangán (3b504) 35 mg, jód (3b201) 0,65 mg, réz (3b406) 15 mg, szelén (3b810) 0,2 mg. Természetes antioxidánsokat tartalmaz: növényi olajok tokoferol tartalmú kivonatai (1b306(i)), aszkorbil-palmitát (1b304) és rozmaring kivonat. Metabolizálható energia: 3840 kcal/kg. Tovább olvasok"}
{"breadcrumb": "Főoldal/Kutya/Eledelek/Száraz eledelek/Carnilove True Fresh Adult száraz kutyaeledel marha 4kg", "product_name": "Carnilove True Fresh Adult száraz kutyaeledel marha 4kgCarnilove True Fresh Adult száraz kutyaeledel marha 4kg", "brand": "Carnilove1,1kg – 4kgFelnőttmarha&borjúgabonamentes", "regular_price": "3 799", "selling_price": "3 299", "price_per_unit": "1 kg=4000 Ft", "product_url": "https://webshop.fressnapf.hu/termekek/carnilove-true-fresh-adult-szaraz-kutyaeledel-marha-4kg/", "product_description": "Friss marhahúsból készült teljes értékű száraz kutyatáp, gabona- és burgonyamentes receptúrával, minden testméretű, felnőtt kutya számára Ez az eledel nagy arányban tartalmaz friss, farmokról és helyi forrásokból beszerzett marhahúst, amely emberi fogyasztásra engedélyezett állatokból származik. A hozzáadott borsó és tojáshéj olyan ásványi anyagokat tartalmaz, amelyek fontos szerepet játszanak a csontok egészségének fenntartásában. A sütőtök kiváló minőségű rostforrás, amely támogatja az emésztőrendszer egészségét és biztosítja az alapvető tápanyagok hatékony felszívódását, míg a homoktövis és a rozmaring antioxidáns tulajdonságokkal rendelkezik, és védi a szervezetet a szabad gyökök hatásaitól. Összetétel: friss marhahús (60%), borsó, marhafaggyú (tokoferolokkal konzervált, 4%), csicseriborsó, szárított alma, vörös lencse, sütőtök, természetes aromák (2%), lazacolaj (1%), sárgarépa (1%), szárított tojáshéj, békalencse fehérje (0,5%), spirulina (0,3%), szárított homoktövis (0,2%), szárított gyömbér (0,1%), szárított fekete áfonya (0,1%), szárított rozmaring (0,1%), szárított vörösáfonya (0,1%), szárított kakukkfű (0,1%), glükozamin (0,026%), zöldkagyló (0,025%), kondroitin-szulfát (0,016%), sörélesztő (mannan-oligoszacharidok forrása, 0,015%), cikóriagyökér (frukto-oligoszacharidok forrása, 0,01%), yucca schidigera (0,01%). Analitikai összetevők: nyersfehérje 26,0 %, zsírtartalom 19,0 %, nedvesség 10,0 %, nyershamu 6,5 %, nyersrost 4,5 %, kalcium 1,3 %, foszfor 0,9 %, nátrium 0,3 %, omega-3 0,2 %, omega-6 1,3 %, EPA (20:5 n-3) 0,05 %, DHA (22:6 n-3) 0,1 %. Adalékanyagok: tápértékkel rendelkező adalékanyagok / 1 kg: A-vitamin (3a672a) 20000 NE, D3-vitamin (3a671) 1500 NE, E-vitamin (3a700) 400 mg, C-vitamin (3a312) 250 mg, taurin (3a370) 1500 mg, L-karnitin (3a910) 50 mg, kolin-klorid (3a890) 1800 mg, niacinamid (3a315) 20 mg, biotin (3a880) 0,5 mg, cink (3b606) 80 mg, vas (3b106) 60 mg, mangán (3b504) 35 mg, jód (3b201) 0,65 mg, réz (3b406) 15 mg, szelén (3b810) 0,2 mg. Természetes antioxidánsokat tartalmaz: növényi olajok tokoferol tartalmú kivonatai (1b306(i)), aszkorbil-palmitát (1b304) és rozmaring kivonat. Metabolizálható energia: 3840 kcal/kg. Tovább olvasok"}
{"breadcrumb": "Főoldal/Kutya/Eledelek/Száraz eledelek/Carnilove True Fresh Adult száraz kutyaeledel pulyka 11,4kg", "product_name": "Carnilove True Fresh Adult száraz kutyaeledel pulyka 11,4kgCarnilove True Fresh Adult száraz kutyaeledel pulyka 11,4kg", "brand": "Carnilove10,1 – 12kgFelnőttszárnyasgabonamentes", "regular_price": "9 999", "selling_price": "8 999", "price_per_unit": "1 kg=2807 Ft", "product_url": "https://webshop.fressnapf.hu/termekek/carnilove-true-fresh-adult-szaraz-kutyaeledel-pulyka-114kg/", "product_description": "“Friss pulykahúsból készült teljes értékű száraz eledel, gabona- és burgonyamentes receptúrával, minden méretű, felnőtt kutya számára. Ez az eledel nagy arányban tartalmaz friss, farmokról és helyi forrásokból beszerzett pulykahúst, amely emberi fogyasztásra engedélyezett állatokból származik. A hozzáadott vörös lencse kiváló ásványi anyag- és rostforrás, a békalencse pedig omega-3 esszenciális zsírsavakat biztosít. A spirulina ásványi anyagokban és aminosavakban gazdag, ezek fontos szerepet játszanak az anyagcserében. Az áfonya és a kakukkfű alapvető antioxidánsokat biztosít, amik megvédik a sejteket az öregedés hatásaitól, és hozzájárulnak a megfelelő anyagcsere fenntartásához is. Összetétel: friss pulyka (60%), borsó, csirkezsír (tokoferolokkal konzervált, 5%), csicseriborsó, szárított alma, vörös lencse, sütőtök, természetes aroma (2%), lazacolaj (2%), sárgarépa (1%), szárított tojáshéj, békalencse fehérje (0,5%), spirulina (0,3%), szárított homoktövis (0,2%), szárított gyömbér (0,1%), szárított fekete áfonya (0,1%), szárított rozmaring (0,1%), szárított vörösáfonya (0,1%), szárított kakukkfű (0,1%), glükozamin (0,026%), zöldkagyló (0,025%), kondroitin-szulfát (0,016%), sörélesztő (mannan-oligoszacharidok forrása, 0,015%), cikóriagyökér (frukto-oligoszacharidok forrása, 0,01%), yucca schidigera (0,01%). Analitikai összetevők: nyersfehérje 26,0 %, zsírtartalom 18,0 %, nedvesség 10,0 %, nyershamu 9,5 %, nyersrost 4,0 %, kalcium 1,3 %, foszfor 0,9 %, nátrium 0,3 %, omega-3 0,25 %, omega-6 1,7 %, EPA (20:5 n-3) 0,1 %, DHA (22:6 n-3) 0,15 %. Adalékanyagok: tápértékkel rendelkező adalékanyagok / 1 kg: A-vitamin (3a672a) 20000 NE, D3-vitamin (3a671) 1500 NE, E-vitamin (3a700) 400 mg, C-vitamin (3a312) 250 mg, taurin (3a370) 1500 mg, L-karnitin (3a910) 50 mg, kolin-klorid (3a890) 1800 mg, niacinamid (3a315) 20 mg, biotin (3a880) 0,5 mg, cink (3b606) 80 mg, vas (3b106) 60 mg, mangán (3b504) 35 mg, jód (3b201) 0,65 mg, réz (3b406) 15 mg, szelén (3b810) 0,2 mg. Természetes antioxidánsokat tartalmaz: növényi olajok tokoferol tartalmú kivonatai (1b306(i)), aszkorbil-palmitát (1b304) és rozmaring kivonat. Metabolizálható energia: 3720 kcal/kg.” Tovább olvasok"}
{"breadcrumb": "Főoldal/Kutya/Eledelek/Száraz eledelek/Carnilove True Fresh Adult száraz kutyaeledel pulyka 4kg", "product_name": "Carnilove True Fresh Adult száraz kutyaeledel pulyka 4kgCarnilove True Fresh Adult száraz kutyaeledel pulyka 4kg", "brand": "Carnilove1,1kg – 4kgFelnőttszárnyasgabonamentes", "regular_price": "3 799", "selling_price": "3 299", "price_per_unit": "1 kg=3750 Ft", "product_url": "https://webshop.fressnapf.hu/termekek/carnilove-true-fresh-adult-szaraz-kutyaeledel-pulyka-4kg/", "product_description": "“Friss pulykahúsból készült teljes értékű száraz eledel, gabona- és burgonyamentes receptúrával, minden méretű, felnőtt kutya számára. Ez az eledel nagy arányban tartalmaz friss, farmokról és helyi forrásokból beszerzett pulykahúst, amely emberi fogyasztásra engedélyezett állatokból származik. A hozzáadott vörös lencse kiváló ásványi anyag- és rostforrás, a békalencse pedig omega-3 esszenciális zsírsavakat biztosít. A spirulina ásványi anyagokban és aminosavakban gazdag, ezek fontos szerepet játszanak az anyagcserében. Az áfonya és a kakukkfű alapvető antioxidánsokat biztosít, amik megvédik a sejteket az öregedés hatásaitól, és hozzájárulnak a megfelelő anyagcsere fenntartásához is. Összetétel: friss pulyka (60%), borsó, csirkezsír (tokoferolokkal konzervált, 5%), csicseriborsó, szárított alma, vörös lencse, sütőtök, természetes aroma (2%), lazacolaj (2%), sárgarépa (1%), szárított tojáshéj, békalencse fehérje (0,5%), spirulina (0,3%), szárított homoktövis (0,2%), szárított gyömbér (0,1%), szárított fekete áfonya (0,1%), szárított rozmaring (0,1%), szárított vörösáfonya (0,1%), szárított kakukkfű (0,1%), glükozamin (0,026%), zöldkagyló (0,025%), kondroitin-szulfát (0,016%), sörélesztő (mannan-oligoszacharidok forrása, 0,015%), cikóriagyökér (frukto-oligoszacharidok forrása, 0,01%), yucca schidigera (0,01%). Analitikai összetevők: nyersfehérje 26,0 %, zsírtartalom 18,0 %, nedvesség 10,0 %, nyershamu 9,5 %, nyersrost 4,0 %, kalcium 1,3 %, foszfor 0,9 %, nátrium 0,3 %, omega-3 0,25 %, omega-6 1,7 %, EPA (20:5 n-3) 0,1 %, DHA (22:6 n-3) 0,15 %. Adalékanyagok: tápértékkel rendelkező adalékanyagok / 1 kg: A-vitamin (3a672a) 20000 NE, D3-vitamin (3a671) 1500 NE, E-vitamin (3a700) 400 mg, C-vitamin (3a312) 250 mg, taurin (3a370) 1500 mg, L-karnitin (3a910) 50 mg, kolin-klorid (3a890) 1800 mg, niacinamid (3a315) 20 mg, biotin (3a880) 0,5 mg, cink (3b606) 80 mg, vas (3b106) 60 mg, mangán (3b504) 35 mg, jód (3b201) 0,65 mg, réz (3b406) 15 mg, szelén (3b810) 0,2 mg. Természetes antioxidánsokat tartalmaz: növényi olajok tokoferol tartalmú kivonatai (1b306(i)), aszkorbil-palmitát (1b304) és rozmaring kivonat. Metabolizálható energia: 3720 kcal/kg.” Tovább olvasok"}
{"breadcrumb": "Főoldal/Kutya/Eledelek/Nedves eledelek/Cesar kutya tálka marha&máj 14x150g", "product_name": "Cesar kutya tálka marha&máj 14x150gCesar kutya tálka marha&máj 14x150g", "brand": "CesarFelnőttmarha&borjú101g – 200gtálkakistestű 10kg-ig", "regular_price": "8 994", "selling_price": "8 394", "price_per_unit": "599 Ft", "product_url": "https://webshop.fressnapf.hu/termekek/cesar-kutya-talka-marhamaj-150g/", "product_description": "Cesar teljes értékű nedves eledel felnőtt kutyák számára, zamatos marhával és májjal. Összetevők: Hús és állati származékok (55%, amiből 95% természetes*, ebből 4% marha, 4% csirkemáj), Válogatott gabonafélék, Ásványi anyagok, Növényi eredetű származékok, Növényi fehérje kivonatok *természetes összetevők Analitikai összetevők (%): Fehérje: 10,0, Zsírtartalom: 5,0, Szervetlen anyag: 2,3, Nyers rost: 0,50, Nedvességtartalom: 80,5 Adalékanyagok/kg: Tápértékkel rendelkező adalékanyagok: D3-vitamin: 250 NE, Réz (réz(II)-szulfát-pentahidrát): 1,1 mg, Jód (kalcium-jód, kötött vizet nem tartalmazó): 0,23 mg, Vas (vas(II)-szulfát, monohidrát): 3,0 mg, Mangán (mangán-szulfát, monohidrát): 1,8 mg, Cink (cink-szulfát, monohidrát): 16,2 mg Technológiai adalékanyagok: Kasszia gumi: 2000 mg, Nátrium-nitrit: 12,8 mg Tovább olvasok"}
{"breadcrumb": "Főoldal/Kutya/Eledelek/Nedves eledelek/Cesar kutya tálka pulya&borjú 14x150g", "product_name": "Cesar kutya tálka pulya&borjú 14x150gCesar kutya tálka pulya&borjú 14x150g", "brand": "Cesar101g – 200gFelnőttvegyespástétomtálka", "regular_price": "5 094", "selling_price": "4 794", "price_per_unit": "619 Ft", "product_url": "https://webshop.fressnapf.hu/termekek/cesar-kutya-talka-pulyaborju-14x150g/", "product_description": "A Cesar ízletes, élvezetes nedveseledel kisebb méretű kutyáknak, amely ízletes receptúra alapján, nagy odafigyeléssel készül, válogatott összetevőkkel. Minden fontos vitaminnal, ásványi és tápanyaggal, melyek kutyája egészségét támogatják. A Cesar nedvestápok kitűnő minőségű összetevőkből készülnek, kíméletes módon, mesterséges színező anyagok, aromák hozzáadása nélkül. Összetétel: hús és állati melléktermékek (55%, ebből 4% pulyka és 4% borjú), hal és halszármazékok, ásványi anyagok, növényi melléktermékek, növényi fehérje kivonatok. Analitikai összetevők: fehérje 9%, zsírtartalom 5,5%, nyershamu 2%, nyersrost 0,4%, nedvességtartalom 81% Adalékanyagok / kg: Tápértékkel rendelkező adalékanyagok: D3-vitamin 150 NE, vízmentes 0,39 mg kalcium-jodát, 4,1 mg réz-szulfát-pentahidrát, 10 mg vas-szulfát-monohidrát, 5,6 mg mangán (II) -szulfát-monohidrát, 44,5 mg cink-szulfát-monohidrát Tovább olvasok"}
{"breadcrumb": "Főoldal/Kutya/Eledelek/Nedves eledelek/Cesar kutya tálka pulyka&marha 14x150g", "product_name": "Cesar kutya tálka pulyka&marha 14x150gCesar kutya tálka pulyka&marha 14x150g", "brand": "Cesar101g – 200gFelnőttvegyestálka", "regular_price": "8 994", "selling_price": "8 394", "price_per_unit": "599 Ft", "product_url": "https://webshop.fressnapf.hu/termekek/cesar-kutya-talka-pulykamarha-150g/", "product_description": "Cesar teljes értékű nedves eledel felnőtt kutyák számára, omlós pulykával, marhával és fűszerekkel. Összetevők: Hús és állati származékok (43%, amiből 92% természetes*, ebből 4% pulyka, 4% marha, 4% máj), Növényi eredetű származékok, Ásványi anyagok, Növényi fehérje kivonatok, Fűszerek (0,08% rozmaring, 0,02% petrezselyem), Zöldségek *természetes összetevők Analitikai összetevők (%): Fehérje: 8,5, Zsírtartalom: 4,5, Szervetlen anyag: 2,0, Nyers rost: 0,60, Nedvességtartalom: 81,0 Adalékanyagok/kg: Tápértékkel rendelkező adalékanyagok: D3-vitamin: 250 NE, Réz (réz(II)-szulfát-pentahidrát): 1,1 mg, Jód (kalcium-jód, kötött vizet nem tartalmazó): 0,22 mg, Vas (vas(II)-szulfát, monohidrát): 2,9 mg, Mangán (mangán-szulfát, monohidrát): 1,7 mg, Cink (cink-szulfát, monohidrát): 16,1 mg Tovább olvasok"}
{"breadcrumb": "Főoldal/Kutya/Eledelek/Nedves eledelek/Cesar kutya tasak csirke&zöldség 24x100g", "product_name": "Cesar kutya tasak csirke&zöldség 24x100gCesar kutya tasak csirke&zöldség 24x100g", "brand": "Cesar0g – 100gFelnőttszárnyastasak", "regular_price": "8 994", "selling_price": "8 394", "price_per_unit": "369 Ft", "product_url": "https://webshop.fressnapf.hu/termekek/cesar-kutya-tasak-csirkezoldseg-100g/", "product_description": "Cesar teljes értékű nedves eledel felnőtt kutyák számára, csirkével és zöldségekkel. Összetevők: Hús és állati származékok (45%, ebből 4% csirke), Zöldségek (ebből 4% borsó és sárgarépa), Válogatott gabonafélék, Ásványi anyagok, Növényi eredetű származékok Analitikai összetevők: Fehérje 8%, zsír 5,5%, szervetlen anyag 2,3%, nyersrost 0,5%, nedvesség 81%. Tápértékkel rendelkező adalékanyagok: D3-vitamin 150 NE, kálcium-jodát (vízmentes) 0,39 mg, réz-szulfát pentahidrát 4,1 mg, vas-szulfát monohidrát 10mg, mangán-szulfát monohidrát 5,6 mg, cink-szulfát monohidrát 44,5 mg. Tovább olvasok"}
{"breadcrumb": "Főoldal/Kutya/Eledelek/Nedves eledelek/Cesar kutya tasak marha&zöldség 24x100g", "product_name": "Cesar kutya tasak marha&zöldség 24x100gCesar kutya tasak marha&zöldség 24x100g", "brand": "Cesar0g – 100gFelnőttmarha&borjútasak", "regular_price": "8 994", "selling_price": "8 394", "price_per_unit": "369 Ft", "product_url": "https://webshop.fressnapf.hu/termekek/cesar-kutya-tasak-marhazoldseg-100g/", "product_description": "Cesar teljes értékű nedves eledel felnőtt kutyák számára, marha és zöldségekkel. Összetevők: Hús és állati termékek (44%, 92% természetes*, 4% marhahúst tartalmaz), Zöldségek (beleértve 0,8% szárított borsó és sárgarépa keveréket, ami 4% borsó és sárgarépa keveréknek felel meg), Ásványi anyagok. Növényi eredetű termékek *természetes összetevők Analitikai összetevők: Fehérje 8,5%, zsírtartalom 5%, szervetlen anyag tartalom 2,1%, nyersrost 0,5%, nedvesség 82%. Adalékanyagok: D3-vitamin: 250 NE, réz 1,3 mg, jód 0,28 mg, vas 3,6 mg, mangán 2,2 mg, cink 19,4 mg. Szénfekete 1,900 mg. Tovább olvasok"}
{"breadcrumb": "Főoldal/Kutya/Eledelek/Nedves eledelek/Cesar kutya tasak MP aszpikos válogatás 4x100g", "product_name": "Cesar kutya tasak MP aszpikos válogatás 4x100gCesar kutya tasak MP aszpikos válogatás 4x100g", "brand": "CesarFelnőttvegyesmultipackkistestű 10kg-igtasak", "regular_price": "8 994", "selling_price": "8 394", "price_per_unit": "1 kg=2998 Ft", "product_url": "https://webshop.fressnapf.hu/termekek/cesar-kutya-tasak-mp-aszpikos-valogatas-4x100g/", "product_description": "Alutasakos válogatás aszpikban. Teljes értékű állateledel felnőtt kutyák számára. Könnyen felhasználható, zamatosan friss, önmagában vagy száraz kutyatáppal fogyasztható CESAR® tasakos eledel. Minőségi állateledel gondosan válogatott összetevőkből. Ízletes kutyaeledel receptek hozzáadott cukor, mesterséges ételszínezékek és aromák nélkül. Összetétel: hús és állati származékok (45%, ebből 4% csirkével, 4% marhával), zöldségek (ebből 4% sárgarépa, 4% borsó és répa keveréke), válogatott gabonafélék, ásványi anyagok, növényi eredetű származékok. Analitikai összetevők (%): Fehérje: 8, Zsírtartalom: 5,5, Szervetlen anyag: 2,3, Nyersrost: 0,5, Nedvességtartalom: 82, Adalékanyagok/kg: Tápértékkel rendelkező adalékanyagok: D₃-vitamin: 150 NE, Kalcium-jodát (vízmentes): 0,39 mg, Réz-szulfát pentahidrát: 4,1 mg, Vas-szulfát monohidrát: 10 mg, Mangán-szulfát monohidrát: 5,6 mg, Cink-szulfát monohidrát: 44,5 mg, Technológiai adalékanyagok: Kasszia gumi: 2000 mg. Etetési útmutató: érdemes a táplálék mennyiségét a kutya aktivitásának, fajtájának és életkorának figyelembevételével megállapítani. Étrendváltáskor érdemes bizonyos átállási időt hagyni, hogy kedvence alkalmazkodjon az új eledelhez. Hogyan etesse kutyáját? Látogasson el honlapunkra vagy hívja információs vonalunkat. Mindig gondoskodjon megfelelő mennyiségű friss ivóvízről kisállata számára. Szobahőmérsékleten tálalva a legfinomabb. Tovább olvasok"}
{"breadcrumb": "Főoldal/Kutya/Eledelek/Nedves eledelek/Cesar kutya tasak MP mártásos válogatás 4x100g", "product_name": "Cesar kutya tasak MP mártásos válogatás 4x100gCesar kutya tasak MP mártásos válogatás 4x100g", "brand": "CesarFelnőttvegyesmultipackkistestű 10kg-igtasak", "regular_price": "8 994", "selling_price": "8 394", "price_per_unit": "1 kg=2998 Ft", "product_url": "https://webshop.fressnapf.hu/termekek/cesar-kutya-tasak-mp-martasos-valogatas-4x100g/", "product_description": "Alutasakos válogatás mártásban. Teljes értékű állateledel felnőtt kutyák számára. Könnyen felhasználható, zamatosan friss, önmagában vagy száraz kutyatáppal fogyasztható CESAR® tasakos eledel. Minőségi állateledel gondosan válogatott összetevőkből. Ízletes kutyaeledel receptek hozzáadott cukor, mesterséges ételszínezékek és aromák nélkül. Összetétel: hús és állati származékok (45%, ebből 4% csirkével, 4% marhával), zöldségek (ebből 4% sárgarépa, 4% borsó és répa keveréke), válogatott gabonafélék, ásványi anyagok, növényi eredetű származékok. Analitikai összetevők (%): Fehérje: 8, Zsírtartalom: 5,5, Szervetlen anyag: 2,3, Nyersrost: 0,5, Nedvességtartalom: 81, Adalékanyagok/kg: Tápértékkel rendelkező adalékanyagok: D₃-vitamin: 150 NE, Kalcium-jodát (vízmentes): 0,39 mg, Réz-szulfát pentahidrát: 4,1 mg, Vas-szulfát monohidrát: 10 mg, Mangán-szulfát monohidrát: 5,6 mg, Cink-szulfát monohidrát: 44,5 mg. Etetési útmutató: érdemes a táplálék mennyiségét a kutya aktivitásának, fajtájának és életkorának figyelembevételével megállapítani. Étrendváltáskor érdemes bizonyos átállási időt hagyni, hogy kedvence alkalmazkodjon az új eledelhez. Hogyan etesse kutyáját? Látogasson el honlapunkra vagy hívja információs vonalunkat. Mindig gondoskodjon megfelelő mennyiségű friss ivóvízről kisállata számára. Szobahőmérsékleten tálalva a legfinomabb. Tovább olvasok"}
{"breadcrumb": "Főoldal/Kutya/Eledelek/Jutalomfalatok&rágcsák/Chewies kutya jutalomfalat rágóbot kávéfa L 1db", "product_name": "Chewies kutya jutalomfalat rágóbot kávéfa L 1dbChewies kutya jutalomfalat rágóbot kávéfa L 1db", "brand": "ChewiesLFelnőttrágóbot&agancsfogápolásnagytestű 26kg-tól", "regular_price": "5999", "selling_price": "", "price_per_unit": "1 db=5999 Ft", "product_url": "https://webshop.fressnapf.hu/termekek/chewies-kutya-jutalomfalat-ragobot-kavefa-l-1db/", "product_description": "Rágásélmény és fogápolás egyben: a Chewies kávéfa rágóbot különösen kemény, és így hosszan tartó rágásélményről gondoskodik. Rágás során finom farostok válnak le a botról, amelyek a fogselyemhez hasonló hatást gyakorolhatnak. Teljesen ártalmatlanok, kedvence nyugodtan lenyelheti azokat, hiszen megemészthetőek. A rágóbot segít a fogak ledörzsölésében, és erősíti kutyája rágóizomzatát. A 100% természetes termék állati és mesterséges alkotóelemeket sem tartalmaz. Kalóriamentes, és nem hizlal. Ez a kávéfa bot allergiás kutyáknak is javasolható, és a hús- és cukortartalmú rágósnackek alternatíváját kínálja. Az állkapocs méretének függvényében különböző hosszokban és átmérővel kapható. Kínáljon kutyájának olyan környezettudatos játékot, ami segít természetes rágóösztöne kiélésében, és gyógyászati hasznokat is hordoz magában kutyája számára. -100% természetes: mesterséges adalékok és állati összetevők nélkül -Különösen kemény kávéfából: sokáig eltart, hosszan tartó elfoglaltságról gondoskodik -Fogápolás: segíti a foglepedék ledörzsölését, erősíti a rágóizomzatot -Fogselyem-effektus: rágása közben rostok válnak le róla, melyek még kiegészítőleg is tisztítják a fogakat -Ártalmatlan: alig forgácsolódó fa, levált rostjai lenyelhetők és megemészthetők -Segít a természetes rágásigény kielégítésében -Kalóriaszegény: a zsír- és cukortartalmú rágósnackek ideális alternatívája -S méret : kis testű kutyáknak -M méret: közepes testű kutyáknak -L méret: nagy testű kutyáknak Összetevők: 100% kávéfából. Természetes termék, így súlyban, formában, színben eltérő lehet. Tovább olvasok"}
{"breadcrumb": "Főoldal/Kutya/Eledelek/Jutalomfalatok&rágcsák/Chewies kutya jutalomfalat rágóbot kávéfa M 1db", "product_name": "Chewies kutya jutalomfalat rágóbot kávéfa M 1dbChewies kutya jutalomfalat rágóbot kávéfa M 1db", "brand": "ChewiesMFelnőttrágóbot&agancsfogápolásközepes testű 11-25kg", "regular_price": "4999", "selling_price": "", "price_per_unit": "1 db=4999 Ft", "product_url": "https://webshop.fressnapf.hu/termekek/chewies-ragobot-kavefa-m-1db/", "product_description": "Rágásélmény és fogápolás egyben: a Chewies kávéfa rágóbot különösen kemény, és így hosszan tartó rágásélményről gondoskodik. Rágás során finom farostok válnak le a botról, amelyek a fogselyemhez hasonló hatást gyakorolhatnak. Teljesen ártalmatlanok, kedvence nyugodtan lenyelheti azokat, hiszen megemészthetőek. A rágóbot segít a fogak ledörzsölésében, és erősíti kutyája rágóizomzatát. A 100% természetes termék állati és mesterséges alkotóelemeket sem tartalmaz. Kalóriamentes, és nem hizlal. Ez a kávéfa bot allergiás kutyáknak is javasolható, és a hús- és cukortartalmú rágósnackek alternatíváját kínálja. Az állkapocs méretének függvényében különböző hosszokban és átmérővel kapható. Kínáljon kutyájának olyan környezettudatos játékot, ami segít természetes rágóösztöne kiélésében, és gyógyászati hasznokat is hordoz magában kutyája számára. -100% természetes: mesterséges adalékok és állati összetevők nélkül -Különösen kemény kávéfából: sokáig eltart, hosszan tartó elfoglaltságról gondoskodik -Fogápolás: segíti a foglepedék ledörzsölését, erősíti a rágóizomzatot -Fogselyem-effektus: rágása közben rostok válnak le róla, melyek még kiegészítőleg is tisztítják a fogakat -Ártalmatlan: alig forgácsolódó fa, levált rostjai lenyelhetők és megemészthetők -Segít a természetes rágásigény kielégítésében -Kalóriaszegény: a zsír- és cukortartalmú rágósnackek ideális alternatívája -S méret : kis testű kutyáknak -M méret: közepes testű kutyáknak -L méret: nagy testű kutyáknak Összetevők: 100% kávéfából. Természetes termék, így súlyban, formában, színben eltérő lehet. Tovább olvasok"}
{"breadcrumb": "Főoldal/Kutya/Eledelek/Jutalomfalatok&rágcsák/Chewies kutya jutalomfalat rágóbot kávéfa S 1db", "product_name": "Chewies kutya jutalomfalat rágóbot kávéfa S 1dbChewies kutya jutalomfalat rágóbot kávéfa S 1db", "brand": "ChewiesSFelnőttrágóbot&agancsfogápoláskistestű 10kg-ig", "regular_price": "3999", "selling_price": "", "price_per_unit": "1 db=3999 Ft", "product_url": "https://webshop.fressnapf.hu/termekek/chewies-ragobot-kavefa-s-1db/", "product_description": "Rágásélmény és fogápolás egyben: a Chewies kávéfa rágóbot különösen kemény, és így hosszan tartó rágásélményről gondoskodik. Rágás során finom farostok válnak le a botról, amelyek a fogselyemhez hasonló hatást gyakorolhatnak. Teljesen ártalmatlanok, kedvence nyugodtan lenyelheti azokat, hiszen megemészthetőek. A rágóbot segít a fogak ledörzsölésében, és erősíti kutyája rágóizomzatát. A 100% természetes termék állati és mesterséges alkotóelemeket sem tartalmaz. Kalóriamentes, és nem hizlal. Ez a kávéfa bot allergiás kutyáknak is javasolható, és a hús- és cukortartalmú rágósnackek alternatíváját kínálja. Az állkapocs méretének függvényében különböző hosszokban és átmérővel kapható. Kínáljon kutyájának olyan környezettudatos játékot, ami segít természetes rágóösztöne kiélésében, és gyógyászati hasznokat is hordoz magában kutyája számára. -100% természetes: mesterséges adalékok és állati összetevők nélkül -Különösen kemény kávéfából: sokáig eltart, hosszan tartó elfoglaltságról gondoskodik -Fogápolás: segíti a foglepedék ledörzsölését, erősíti a rágóizomzatot -Fogselyem-effektus: rágása közben rostok válnak le róla, melyek még kiegészítőleg is tisztítják a fogakat -Ártalmatlan: alig forgácsolódó fa, levált rostjai lenyelhetők és megemészthetők -Segít a természetes rágásigény kielégítésében -Kalóriaszegény: a zsír- és cukortartalmú rágósnackek ideális alternatívája -S méret : kis testű kutyáknak -M méret: közepes testű kutyáknak -L méret: nagy testű kutyáknak Összetevők: 100% kávéfából. Természetes termék, így súlyban, formában, színben eltérő lehet. Tovább olvasok"}
{"breadcrumb": "Főoldal/Kutya/Eledelek/Száraz eledelek/Darling kutya szárazeledel hús&zöldség 15kg", "product_name": "Darling kutya szárazeledel hús&zöldség 15kgDarling kutya szárazeledel hús&zöldség 15kg", "brand": "Darling12,1kg – 15kghús és állati származékokFelnőttnagytestű 26kg-tól", "regular_price": "9 999", "selling_price": "8 999", "price_per_unit": "1 kg=900 Ft", "product_url": "https://webshop.fressnapf.hu/termekek/darling-kutya-szarazeledel-huszoldseg-15kg/", "product_description": "Teljes értékű állateledel felnőtt kutyák számára, hússal és hozzáadott, válogatott zöldségekkel. Összetétel: Gabonafélék, Hús és állati származékok (16%, melyből 2% marha és 2% csirke), Növényi eredetű származékok, Olajok és zsírok, Növényi fehérjekivonatok, Ásványi anyagok, Zöldségek (0,08% szárított borsó, egyenértékű 0,5% rehidratált borsóval) Analitikai összetevők: Fehérje: 17%, Zsírtartalom: 8%, Nyershamu: 7,5%, Nyersrost: 3%, Adalékanyagok: Tápértékkel rendelkező adalékanyagok: NE/kg: A-vitamin: 16700, D3-vitamin: 970, mg/kg: Vas(II)-szulfát monohidrát: (Fe: 69), Vízmentes kalcium-jodát: (I: 1,7), Réz(II)-szulfát pentahidrát: (Cu: 7,7), Mangán-szulfát monohidrát: (Mn: 5,2), Cink-szulfát monohidrát: (Zn: 100), Nátrium-szelenit: (Se: 0,16), Színezékek, Antioxidánsok Tovább olvasok"}
{"breadcrumb": "Főoldal/Kutya/Eledelek/Száraz eledelek/Darling kutya szárazeledel szárnyas&zöldség 15kg", "product_name": "Darling kutya szárazeledel szárnyas&zöldség 15kgDarling kutya szárazeledel szárnyas&zöldség 15kg", "brand": "Darling12,1kg – 15kgszárnyasFelnőttnagytestű 26kg-tól", "regular_price": "9 999", "selling_price": "8 999", "price_per_unit": "1 kg=900 Ft", "product_url": "https://webshop.fressnapf.hu/termekek/darling-kutya-szarazeledel-szarnyaszoldseg-15kg/", "product_description": "A Darling teljes értékű állateledel felnőtt kutyák számára. Nagyszerű ízért a gondosan válogatott összetevőknek köszönheti. A benne található vitaminok és ásványi anyagok megadják a szervezet számára szükséges tápanyagokat, omega-3 zsírsavtartalma pedig gondoskodik a ragyogó és egészséges szőrzetről. Nem tartalmaz hozzáadott mesterséges színezékeket. Darling – Szeretettel készítve! Összetétel: Gabonafélék, Hús és állati származékok (12%*), Növényi eredetű származékok (szárított cukorrépa-apríték 2,5%), Olajok és zsírok, Növényi fehérjekivonatok, Ásványi anyagok, Zöldségek (0,08% szárított sárgarépa, mely 0,5% zöldségekkel egyenértékű), *24% rehidratált hús és állati származéknak felel meg, min. 4% szárnyassal. Analitikai összetevők: Fehérje: 17%, Zsírtartalom: 8%, Nyershamu: 8%, Nyersrost: 3%, Adalékanyagok: Tápértékkel rendelkező adalékanyagok: NE/kg: Vit A: 16 700, Vit D₃: 975, mg/kg: Vas-szulfát monohidrát: (Fe: 68), Vízmentes kalcium-jodát: (I: 1,7), Réz-szulfát pentahidrát: (Cu: 7,6), Mangán-szulfát monohidrát: (Mn: 5,2), Cink-szulfát monohidrát: (Zn: 100), Nátrium-szelenit: (Se: 0,15), Színezékek* és antioxidánsok., *Hozzáadott mesterséges színezékek nélkül Tovább olvasok"}
{"breadcrumb": "Főoldal/Kutya/Eledelek/Jutalomfalatok&rágcsák/DentaLife dental snack kutya jutalomfalat  small 115g 7db", "product_name": "DentaLife dental snack kutya jutalomfalat  small 115g 7dbDentaLife dental snack kutya jutalomfalat  small 115g 7db", "brand": "DentaLifeDentalFelnőtthús és állati származékokfogápolásfogápoláskistestű 10kg-ig", "regular_price": "779", "selling_price": "", "price_per_unit": "1 DB=111 Ft", "product_url": "https://webshop.fressnapf.hu/termekek/dentalife-dental-snack-kutya-jutalomfalat-small-115g-7db/", "product_description": "Kiegészítő állateledel felnőtt kutyák számára Természetes tisztító hatás Mindennapos használatával megtisztítja a nehezen hozzáférhető, lepedék- és fogkőképződésnek leginkább kitett hátsó fogakat is. Alacsony zsírtartalom Kutyájának egyedi egészségügyi igényei vannak, és a megfelelő szájhigiénia fenntartása hozzájárul általános jóllétéhez. A Purina® szakértői ezért alkották meg a Purina® DentaLife®-ot, egy innovatív fogápoló rágó jutalomfalatot, amely tudományosan bizonyítottan tisztítja még a nehezen hozzáférhető, lepedék- és fogkőképződésnek leginkább kitett hátsó fogakat is. Fogápoló jutalomfalatjainkat mindennapos használatra szánjuk, hiszen a napi rágcsálás gyakoribb, alaposabb fogtisztítást is jelent. Összetétel: gabonafélék, glicerin, ásványi anyagok, élesztők, hús és állati származékok, olajok és zsírok Analitikai összetevők: nedvességtartalom: 14,5%, fehérje: 7,0%, zsírtartalom: 2,5%, nyershamu: 4,5%, nyersrost: 0,7%, Kalcium: 1,1%, adalékanyagok: tápértékkel rendelkező adalékanyagok: NE/kg: Vit A: 8500, Vit D₃: 570, Vit E: 60, mg/kg: vízmentes kalcium-jodát: (I: 2,2), mangán-szulfát monohidrát: (Mn: 12,5), cink-szulfát monohidrát: (Zn: 280), nátrium-szelenit: (Se: 0,31), antioxidánsok. Tovább olvasok"}
{"breadcrumb": "Főoldal/Kutya/Eledelek/Jutalomfalatok&rágcsák/DentaLife dental snack kutya jutalomfalat large 142g 4db", "product_name": "DentaLife dental snack kutya jutalomfalat large 142g 4dbDentaLife dental snack kutya jutalomfalat large 142g 4db", "brand": "DentaLifeDentalFelnőtthús és állati származékokfogápolásfogápolásnagytestű 26kg-tól", "regular_price": "779", "selling_price": "", "price_per_unit": "1 DB=195 Ft", "product_url": "https://webshop.fressnapf.hu/termekek/dentalife-dental-snack-kutya-jutalomfalat-large-142g-4db/", "product_description": "Kiegészítő állateledel felnőtt kutyák számára Természetes tisztító hatás Mindennapos használatával megtisztítja a nehezen hozzáférhető, lepedék- és fogkőképződésnek leginkább kitett hátsó fogakat is. Alacsony zsírtartalom Kutyájának egyedi egészségügyi igényei vannak, és a megfelelő szájhigiénia fenntartása hozzájárul általános jóllétéhez. A Purina® szakértői ezért alkották meg a Purina® DentaLife®-ot, egy innovatív fogápoló rágó jutalomfalatot, amely tudományosan bizonyítottan tisztítja még a nehezen hozzáférhető, lepedék- és fogkőképződésnek leginkább kitett hátsó fogakat is. Fogápoló jutalomfalatjainkat mindennapos használatra szánjuk, hiszen a napi rágcsálás gyakoribb, alaposabb fogtisztítást is jelent. Összetétel: gabonafélék, glicerin, ásványi anyagok, élesztők, hús és állati származékok, olajok és zsírok Analitikai összetevők: nedvességtartalom: 14,5%, fehérje: 7,0%, zsírtartalom: 2,5%, nyershamu: 4,5%, nyersrost: 0,7%, Kalcium: 1,1%, adalékanyagok: tápértékkel rendelkező adalékanyagok: NE/kg: Vit A: 8500, Vit D₃: 570, Vit E: 60, mg/kg: vízmentes kalcium-jodát: (I: 2,2), mangán-szulfát monohidrát: (Mn: 12,5), cink-szulfát monohidrát: (Zn: 280), nátrium-szelenit: (Se: 0,31), antioxidánsok. Tovább olvasok"}
{"breadcrumb": "Főoldal/Kutya/Eledelek/Jutalomfalatok&rágcsák/DentaLife dental snack kutya jutalomfalat medium 115g 5db", "product_name": "DentaLife dental snack kutya jutalomfalat medium 115g 5dbDentaLife dental snack kutya jutalomfalat medium 115g 5db", "brand": "DentaLifeDentalFelnőtthús és állati származékokfogápolásfogápolásközepes testű 11-25kg", "regular_price": "779", "selling_price": "", "price_per_unit": "1 DB=156 Ft", "product_url": "https://webshop.fressnapf.hu/termekek/dentalife-dental-snack-kutya-jutalomfalat-medium-115g-6x5db/", "product_description": "Kiegészítő állateledel felnőtt kutyák számára Természetes tisztító hatás Mindennapos használatával megtisztítja a nehezen hozzáférhető, lepedék- és fogkőképződésnek leginkább kitett hátsó fogakat is. Alacsony zsírtartalom Kutyájának egyedi egészségügyi igényei vannak, és a megfelelő szájhigiénia fenntartása hozzájárul általános jóllétéhez. A Purina® szakértői ezért alkották meg a Purina® DentaLife®-ot, egy innovatív fogápoló rágó jutalomfalatot, amely tudományosan bizonyítottan tisztítja még a nehezen hozzáférhető, lepedék- és fogkőképződésnek leginkább kitett hátsó fogakat is. Fogápoló jutalomfalatjainkat mindennapos használatra szánjuk, hiszen a napi rágcsálás gyakoribb, alaposabb fogtisztítást is jelent. Összetétel: gabonafélék, glicerin, ásványi anyagok, élesztők, hús és állati származékok, olajok és zsírok Analitikai összetevők: nedvességtartalom: 14,5%, fehérje: 7,0%, zsírtartalom: 2,5%, nyershamu: 4,5%, nyersrost: 0,7%, Kalcium: 1,1%, adalékanyagok: tápértékkel rendelkező adalékanyagok: NE/kg: Vit A: 8500, Vit D₃: 570, Vit E: 60, mg/kg: vízmentes kalcium-jodát: (I: 2,2), mangán-szulfát monohidrát: (Mn: 12,5), cink-szulfát monohidrát: (Zn: 280), nátrium-szelenit: (Se: 0,31), antioxidánsok. Tovább olvasok"}
{"breadcrumb": "Főoldal/Kutya/Eledelek/Jutalomfalatok&rágcsák/DentaLife kutya jutalomfalat MP large 636g 18 db", "product_name": "DentaLife kutya jutalomfalat MP large 636g 18 dbDentaLife kutya jutalomfalat MP large 636g 18 db", "brand": "DentaLifemultipackFelnőtthús és állati származékokfogápolásnagytestű 26kg-tól", "regular_price": "2899", "selling_price": "", "price_per_unit": "1 db=161 Ft", "product_url": "https://webshop.fressnapf.hu/termekek/dentalife-kutya-jutalomfalat-mp-large-636g-18-db/", "product_description": "Rágó, nagytestű kutyák számára Rágós, porózus állag Megtisztítja még akár a nehezen hozzáférhető fogakat is Tudományosan bizonyítottan csökkenti a fogkőképződést Segít csökkenteni a lepedékképződést Természetes összetevőkkel készült Bordás felülete masszírozza a fogínyt Elősegíti a friss leheletet Ízletes receptúra Nem tartalmaz hozzáadott mesterséges ízesítőanyagokat vagy színezékeket D-vitaminnal és kalciummal az erős fogakért Nem tartalmaz hozzáadott cukrot és alacsony a zsírtartalma Kutyájának egyedi egészségügyi igényei vannak, és a megfelelő szájhigiénia fenntartása hozzájárul általános jóllétéhez. A Purina szakértői ezért alkották meg a Purina® DentaLife­­™-ot, egy olyan fogápoló rágó jutalomfalatot, amely tudományosan bizonyítottan tisztítja még akár a nehezen hozzáférhető, lepedék- és fogkőképződésnek leginkább kitett hátsó fogakat is. Fogápoló jutalomfalatjainkat mindennapos használatra szánjuk, hiszen a napi rágcsálás gyakoribb, alaposabb fogtisztítást is jelent. Már ma vezesse be a napi szájápolást kutyája számára. Összetétel: gabonafélék, glicerin, ásványi anyagok, élesztők, hús és állati származékok, olajok és zsírok. Analitikai összetevők: Fehérje: 7,1%, Zsírtartalom: 2,4%, Nyersrost: 0,7%, Nyershamu: 4,3%, Kalcium: 0,9%, Nedvességtartalom: 14,5%, Adalékanyagok: Tápértékkel rendelkező adalékanyagok: NE/kg: Vit A: 8500, Vit D3: 570, Vit E: 60, mg/kg: Vízmentes kalcium-jodát: I: 1,4, Mangán-szulfát monohidrát: Mn: 4,0, Cink-szulfát monohidrát: Zn: 100, Nátrium-szelenit: Se: 0,14, Antioxidánsok Etetési útmutató: 25 és 40 kg közötti nagytestű kutyáknak: napi 1 rudacska. Mindig tegyen friss, tiszta vizet az eledel mellé. Felügyelje kutyáját a jutalomfalattal való etetés során. Kutyája egészsége érdekében tartsa be az etetési útmutatót és biztosítsa számára a napi testmozgást. Tovább olvasok"}
{"breadcrumb": "Főoldal/Kutya/Eledelek/Jutalomfalatok&rágcsák/DentaLife kutya jutalomfalat MP medium 552g 24 db", "product_name": "DentaLife kutya jutalomfalat MP medium 552g 24 dbDentaLife kutya jutalomfalat MP medium 552g 24 db", "brand": "DentaLifemultipackFelnőtthús és állati származékokfogápolásközepes testű 11-25kg", "regular_price": "2899", "selling_price": "", "price_per_unit": "1 db=121 Ft", "product_url": "https://webshop.fressnapf.hu/termekek/dentalife-kutya-jutalomfalat-mp-medium-552g-24-db/", "product_description": "Rágó, közepes testű kutyák számára Rágós, porózus állag Megtisztítja még akár a nehezen hozzáférhető fogakat is Tudományosan bizonyítottan csökkenti a fogkőképződést Segít csökkenteni a lepedékképződést Természetes összetevőkkel készült Bordás felülete masszírozza a fogínyt Elősegíti a friss leheletet Ízletes receptúra Nem tartalmaz hozzáadott mesterséges ízesítőanyagokat vagy színezékeket D-vitaminnal és kalciummal az erős fogakért Nem tartalmaz hozzáadott cukrot és alacsony a zsírtartalma Kutyájának egyedi egészségügyi igényei vannak, és a megfelelő szájhigiénia fenntartása hozzájárul általános jóllétéhez. A Purina szakértői ezért alkották meg a Purina® DentaLife­­™-ot, egy olyan fogápoló rágó jutalomfalatot, amely tudományosan bizonyítottan tisztítja még akár a nehezen hozzáférhető, lepedék- és fogkőképződésnek leginkább kitett hátsó fogakat is. Fogápoló jutalomfalatjainkat mindennapos használatra szánjuk, hiszen a napi rágcsálás gyakoribb, alaposabb fogtisztítást is jelent. Már ma vezesse be a napi szájápolást kutyája számára. Összetétel: gabonafélék, glicerin, ásványi anyagok, élesztők, hús és állati származékok, olajok és zsírok. Analitikai összetevők: Fehérje: 7,1%, Zsírtartalom: 2,4%, Nyersrost: 0,7%, Nyershamu: 4,3%, Kalcium: 0,9%, Nedvességtartalom: 14,5%, Adalékanyagok: Tápértékkel rendelkező adalékanyagok: NE/kg: Vit A: 8500, Vit D3: 570, Vit E: 60, mg/kg: Vízmentes kalcium-jodát: I: 1,4, Mangán-szulfát monohidrát: Mn: 4,0, Cink-szulfát monohidrát: Zn: 100, Nátrium-szelenit: Se: 0,14, Antioxidánsok Etetési útmutató: 12 és 25 kg közötti közepes testű kutyáknak: 1 rudacska naponta. Mindig tegyen friss, tiszta vizet az eledel mellé. Felügyelje kutyáját a jutalomfalattal való etetés során. Kutyája egészsége érdekében tartsa be az etetési útmutatót és biztosítsa számára a napi testmozgást. Tovább olvasok"}
{"breadcrumb": "Főoldal/Kutya/Eledelek/Jutalomfalatok&rágcsák/DentaLife kutya jutalomfalat MP small 490g 30 db", "product_name": "DentaLife kutya jutalomfalat MP small 490g 30 dbDentaLife kutya jutalomfalat MP small 490g 30 db", "brand": "DentaLifemultipackFelnőtthús és állati származékokfogápoláskistestű 10kg-ig", "regular_price": "2899", "selling_price": "", "price_per_unit": "1 db=97 Ft", "product_url": "https://webshop.fressnapf.hu/termekek/dentalife-kutya-jutalomfalat-mp-small-490g-30-db/", "product_description": "Rágó, kistestű kutyák számára Rágós, porózus állag Megtisztítja még akár a nehezen hozzáférhető fogakat is Tudományosan bizonyítottan csökkenti a fogkőképződést Segít csökkenteni a lepedékképződést Természetes összetevőkkel készült Bordás felülete masszírozza a fogínyt Elősegíti a friss leheletet Ízletes receptúra Nem tartalmaz hozzáadott mesterséges ízesítőanyagokat vagy színezékeket D-vitaminnal és kalciummal az erős fogakért Nem tartalmaz hozzáadott cukrot és alacsony a zsírtartalma Kutyájának egyedi egészségügyi igényei vannak, és a megfelelő szájhigiénia fenntartása hozzájárul általános jóllétéhez. A Purina szakértői ezért alkották meg a Purina® DentaLife­­™-ot, egy olyan fogápoló rágó jutalomfalatot, amely tudományosan bizonyítottan tisztítja még akár a nehezen hozzáférhető, lepedék- és fogkőképződésnek leginkább kitett hátsó fogakat is. Fogápoló jutalomfalatjainkat mindennapos használatra szánjuk, hiszen a napi rágcsálás gyakoribb, alaposabb fogtisztítást is jelent. Már ma vezesse be a napi szájápolást kutyája számára. Összetétel: gabonafélék, glicerin, ásványi anyagok, élesztők, hús és állati származékok, olajok és zsírok. Analitikai összetevők: Fehérje: 7,1%, Zsírtartalom: 2,4%, Nyersrost: 0,7%, Nyershamu: 4,3%, Kalcium: 0,9%, Nedvességtartalom: 14,5%, Adalékanyagok: Tápértékkel rendelkező adalékanyagok: NE/kg: Vit A: 8500, Vit D3: 570, Vit E: 60, mg/kg: Vízmentes kalcium-jodát: I: 1,4, Mangán-szulfát monohidrát: Mn: 4,0, Cink-szulfát monohidrát: Zn: 100, Nátrium-szelenit: Se: 0,14, Antioxidánsok Etetési útmutató: 7 és 12 kg közötti kistestű kutyáknak: napi 1 rudacska. Mindig tegyen friss, tiszta vizet az eledel mellé. Felügyelje kutyáját a jutalomfalattal való etetés során. Kutyája egészsége érdekében tartsa be az etetési útmutatót és biztosítsa számára a napi testmozgást. Tovább olvasok"}
{"breadcrumb": "Főoldal/Kutya/Eledelek/Táplálékkiegészítők&vitaminok/Dermato bőrtápláló olaj 200ml", "product_name": "Dermato bőrtápláló olaj 200mlDermato bőrtápláló olaj 200ml", "brand": "DERMATO101ml – 250mlFelnőttbőr&szőr ápoló", "regular_price": "9499", "selling_price": "", "price_per_unit": "1 l=47495 Ft", "product_url": "https://webshop.fressnapf.hu/termekek/dermato-bortaplalo-olaj-200ml/", "product_description": "A bőr, szőrzet és karmok egészséges állapotának fenntartásához nélkülözhetetlen, létfontosságú zsírsavakat tartalmazó állatgyógyászati gyógyhatású termék. A Dermato a létfontosságú omega-6 és omega-3 zsírsavakat a kutyák és macskák szükségleteihez optimalizált összetételben, 5:1 arányban tartalmazza. Kiegészítésként a minden hámsejt számára nélkülözhetetlen koenzim Q10-et és az egyik legmodernebb antioxidánst, astaxantint tartalmaz. Magas – hámvédő hatású – A-, D- és E-vitamin tartalommal. Alkalmazható az alábbi esetekben: • Különböző oktanú allergiás bőrgyulladások (eleség, pollen, bolhanyál, háziporatka okozta), valamint bakteriális és parazitás bőrfertőzések, seborrhoea kiegészítő kezelésére. • Alkalmazható kiegészítő kezelésként fokozott viszketés, száraz, korpázó bőr, fénytelen szőrzet, gyakori samponos fürdetés esetén. • Vemhes és szoptató szukák bőr- és szőrminőségének javítására. • Immunhiányos állapotok, hormonális rendellenességek következtében kialakuló bőrproblémák kiegészítő kezelésére. • Táplálkozási hiányosságok következtében fellépő omega-6 és omega-3 és egyéb telítetlen zsírsavak, illetve A-, D- és E-vitamin hiány pótlására. • Kiállítási és tenyészállatok optimális szőrkondíciójának elérésére ÖSSZETÉTEL 1 ml-ben: Linolsav (Ω-6) 422 mg, Alfa-linolénsav (Ω-3) 10 mg, Gamma-linolénsav (Ω-6) 14 mg Olajsav 208 mg, Arachidinsav (Ω-6) 24 mg, Arachidonsav (Ω-6) 36 mg, Sztearinsav 33 mg, Palmitinsav 56 mg, Eikozapentaénsav (EPA/Ω-3) 50 mg, Dokozahexaénsav (DHA/Ω-3) 37 mg, Dokozapentaénsav (DPA/Ω-3) 6 mg, Koenzim Q10 5 mg, Astaxantin 2 mg, A-vitamin 300 NE, D-vitamin 50 NE, E-vitamin 5 NE ADAGOLÁS (szájon át): 1 adag=1 pumpálás Javasolt adagolási időtartam: 4-8 hét 6 ttkg alatt és macskáknak 1 adag 6-12 ttkg 2 adag 13-18 ttkg 3 adag 19-24 ttkg 4 adag 25-35 ttkg 5 adag 36 ttkg-tól 6 adag Vemhes állatoknak 1 pumpálás/4 ttkg ajánlott. Súlyosabb probléma esetén a fenti adagok 2-3-szorosa is adható. Bőrproblémák megállapításához kérje állatorvosa segítségét! Tovább olvasok"}
{"breadcrumb": "Főoldal/Kutya/Eledelek/Táplálékkiegészítők&vitaminok/DMGuard immunerősítő oldat 30ml", "product_name": "DMGuard immunerősítő oldat 30mlDMGuard immunerősítő oldat 30ml", "brand": "DMGuard0ml – 100mlFelnőttimmunerősítő", "regular_price": "8499", "selling_price": "", "price_per_unit": "1 db=8499 Ft", "product_url": "https://webshop.fressnapf.hu/termekek/dmguard-immunerosito-oldat-30ml/", "product_description": "Támogatja az immunrendszer működését bakteriális és vírusos betegségek esetén (pl. FeLV, FIV, FIP). Javítja az általános állapotot, így az erős szervezet jobb eséllyel veszi fel a harcot a kórokozókkal. Munkakutyáknál fokozza a fizikai teljesítőképességet és elősegíti a regenerációt. Támogatja a máj méregtelenítő hatását, ezáltal a szervezet gyorsabban szabadul meg a toxikus anyagoktól. Támogatja a szervezet daganatok elleni küzdelmét. Madaraknál kedvező hatása van hirtelen stresszhatás és környezetváltozás esetén, illetve tolltépés, túlzott vedlés, visszatérő gombás, parazitás problémák esetén. Alkalmazható betegségek utáni lábadozás, valamint étvágytalanság esetén. Idős állatok vitalitását fokozza. Adagolás kutyáknak és macskáknak: 10 ttkg alatt: 0,5 ml (10 csepp) naponta 10 – 20 ttkg: 1 ml (20 csepp) naponta 20 – 30 ttkg: 1,5 ml (30 csepp) naponta 30 ttkg felett: 2 ml (40 csepp) naponta A napi adagot ajánlott két részre osztva, a táplálékba keverve beadni. Adagolás kisemlősöknek, madaraknak, halaknak: 1 csepp / 100 g testtömeg Szükség esetén a napi dózisok megduplázhatók. ÖSSZETÉTEL (1ml): 125 mg N,N-dimetil-glicin (DMG), 50 mg U-vitamin (metil-metionin), 30 μg B12-vitamin Ellenjavallat, nemkívánatos hatás nem ismert. Alkalmazás előtt olvassa el a termékismertetőt! Tovább olvasok"}
{"breadcrumb": "Főoldal/Kutya/Eledelek/Táplálékkiegészítők&vitaminok/DMGuard T2 immunerősítő oldat 120ml", "product_name": "DMGuard T2 immunerősítő oldat 120mlDMGuard T2 immunerősítő oldat 120ml", "brand": "DMGuard101ml – 250mlFelnőttimmunerősítő", "regular_price": "25999", "selling_price": "", "price_per_unit": "1 l=216658 Ft", "product_url": "https://webshop.fressnapf.hu/termekek/dmguard-t2-immunerosito-oldat-120ml/", "product_description": "Támogatja az immunrendszer működését bakteriális és vírusos betegségek esetén (pl. FeLV, FIV, FIP). Javítja az általános állapotot, így az erős szervezet jobb eséllyel veszi fel a harcot a kórokozókkal. Munkakutyáknál fokozza a fizikai teljesítőképességet és elősegíti a regenerációt. Támogatja a máj méregtelenítő hatását, ezáltal a szervezet gyorsabban szabadul meg a toxikus anyagoktól. Támogatja a szervezet daganatok elleni küzdelmét. Madaraknál kedvező hatása van hirtelen stresszhatás és környezetváltozás esetén, illetve tolltépés, túlzott vedlés, visszatérő gombás, parazitás problémák esetén. Alkalmazható betegségek utáni lábadozás, valamint étvágytalanság esetén. Idős állatok vitalitását fokozza. Macskák számára a taurin esszenciális aminosav. Adagolás kutyáknak és macskáknak: 10 ttkg alatt: 0,5 ml (10 csepp) naponta 10 – 20 ttkg: 1 ml (20 csepp) naponta 20 – 30 ttkg: 1,5 ml (30 csepp) naponta 30 ttkg felett: 2 ml (40 csepp) naponta A napi adagot ajánlott két részre osztva, a táplálékba keverve beadni. Adagolás kisemlősöknek, madaraknak, halaknak: 1 csepp / 100 g testtömeg Szükség esetén a napi dózisok megduplázhatók. ÖSSZETÉTEL: (1ml): 125 mg N,N-dimetil-glicin (DMG), 10 mg taurin, 1 mg orotsav Ellenjavallat, nemkívánatos hatás nem ismert. Alkalmazás előtt olvassa el a termékismertetőt! Tovább olvasok"}
{"breadcrumb": "Főoldal/Kutya/Eledelek/Táplálékkiegészítők&vitaminok/DMGuard T2 immunerősítő oldat 30ml", "product_name": "DMGuard T2 immunerősítő oldat 30mlDMGuard T2 immunerősítő oldat 30ml", "brand": "DMGuard0ml – 100mlFelnőttimmunerősítő", "regular_price": "8499", "selling_price": "", "price_per_unit": "1 db=8499 Ft", "product_url": "https://webshop.fressnapf.hu/termekek/dmguard-t2-immunerosito-oldat-30ml/", "product_description": "Támogatja az immunrendszer működését bakteriális és vírusos betegségek esetén (pl. FeLV, FIV, FIP). Javítja az általános állapotot, így az erős szervezet jobb eséllyel veszi fel a harcot a kórokozókkal. Munkakutyáknál fokozza a fizikai teljesítőképességet és elősegíti a regenerációt. Támogatja a máj méregtelenítő hatását, ezáltal a szervezet gyorsabban szabadul meg a toxikus anyagoktól. Támogatja a szervezet daganatok elleni küzdelmét. Madaraknál kedvező hatása van hirtelen stresszhatás és környezetváltozás esetén, illetve tolltépés, túlzott vedlés, visszatérő gombás, parazitás problémák esetén. Alkalmazható betegségek utáni lábadozás, valamint étvágytalanság esetén. Idős állatok vitalitását fokozza. Macskák számára a taurin esszenciális aminosav. Adagolás kutyáknak és macskáknak: 10 ttkg alatt: 0,5 ml (10 csepp) naponta 10 – 20 ttkg: 1 ml (20 csepp) naponta 20 – 30 ttkg: 1,5 ml (30 csepp) naponta 30 ttkg felett: 2 ml (40 csepp) naponta A napi adagot ajánlott két részre osztva, a táplálékba keverve beadni. Adagolás kisemlősöknek, madaraknak, halaknak: 1 csepp / 100 g testtömeg Szükség esetén a napi dózisok megduplázhatók. ÖSSZETÉTEL: (1ml): 125 mg N,N-dimetil-glicin (DMG), 10 mg taurin, 1 mg orotsav Ellenjavallat, nemkívánatos hatás nem ismert. Alkalmazás előtt olvassa el a termékismertetőt! Tovább olvasok"}
{"breadcrumb": "Főoldal/Kutya/Eledelek/Száraz eledelek/Dog Chow kutya szárazeledel adult bárány 14kg", "product_name": "Dog Chow kutya szárazeledel adult bárány 14kgDog Chow kutya szárazeledel adult bárány 14kg", "brand": "Dog Chow12,1kg – 15kgjuh&bárány&kecskeFelnőttnagytestű 26kg-tól", "regular_price": "3 699", "selling_price": "3 299", "price_per_unit": "1 kg=1357 Ft", "product_url": "https://webshop.fressnapf.hu/termekek/dog-chow-kutya-szarazeledel-adult-barany-14kg/", "product_description": "Teljes értékű állateledel felnőtt kutyák számára Válogatott természetes összetevőkkel készült Naturium™ formulával az egészséges emésztés támogatásáért Nem tartalmaz hozzáadott mesterséges színezékeket, ízanyagokat, tartósítószereket Önhöz hasonlóan mi is tudjuk, hogy egy kutya akkor a legboldogabb és legegészségesebb, ha szabadon, póráz nélkül élhet, ahogy az igazi kutyáknak kell… kint a szabadban, felfedezve a világot. Ezért alkotta meg a Purina a kutyatáplálkozásban és viselkedésben felhalmozott szakértelmére alapozva a Dog Chow® eledeleket. Az egyedi igényekre szabott Dog Chow® termékeinket a természet inspirálta, válogatott, természetes összetevőkkel készülnek, és 1926 óta nyújtanak egészséges táplálást a kutyáknak, segítve, hogy aktív és kíváncsi életet élhessenek. Természetesen testreszabott táplálás: 100%-ban teljes értékű és kiegyensúlyozott táplálás kutyája igényeire szabva. Egészséges emésztés: Naturium™ formulával, mely természetes forrásból származó rostok és egy természetes prebiotikum különleges kombinációja. Erős izmok: fehérjetartalmával segíti az erős izomzat fenntartását. Egészséges bőr és fényes szőrzet: vitaminokkal, cinkkel és Omega-3 & -6 zsírsavakkal. Egészséges fogak és csontok: létfontosságú vitaminokkal és ásványi anyagokkal segíti a csontok növekedését. Összetétel: gabonafélék (50% teljes kiőrlésű gabona), hús és állati származékok (16%*), növényi fehérjekivonatok, olajok és zsírok, növényi eredetű származékok, zöldségek (1,1% szárított cikória gyökér, 0,07% szárított sárgarépa, 0,07% szárított spenót), ásványi anyagok, természetes összetevők, *32% rehidratált hús és állati származéknak felel meg: minimum 4% bárány. Analitikai összetevők: fehérje: 25%, zsírtartalom: 12%, nyershamu: 8,0%, nyersrost: 3,0%, Omega-3 zsírsavak: 0,15%, Omega-6 zsírsavak: 2,0%, adalékanyagok: tápértékkel rendelkező adalékanyagok: NE/kg: Vit A: 21000, Vit D₃: 1200, Vit E: 100, mg/kg: vas-szulfát monohidrát: 260, vízmentes kalcium-jodát: 3,3, réz-szulfát pentahidrát: 38, mangán-szulfát monohidrát: 20, cink-szulfát monohidrát: 350, nátrium-szelenit: 0,45, antioxidánsok Tovább olvasok"}
{"breadcrumb": "Főoldal/Kutya/Eledelek/Száraz eledelek/Dog Chow kutya szárazeledel adult bárány 2,5kg", "product_name": "Dog Chow kutya szárazeledel adult bárány 2,5kgDog Chow kutya szárazeledel adult bárány 2,5kg", "brand": "Dog Chow1,1kg – 4kgjuh&bárány&kecskeFelnőttkistestű 10kg-ig", "regular_price": "3 799", "selling_price": "3 299", "price_per_unit": "1 kg=1976 Ft", "product_url": "https://webshop.fressnapf.hu/termekek/dog-chow-kutya-szarazeledel-adult-barany-25kg/", "product_description": "Teljes értékű állateledel felnőtt kutyák számára Válogatott természetes összetevőkkel készült Naturium™ formulával az egészséges emésztés támogatásáért Nem tartalmaz hozzáadott mesterséges színezékeket, ízanyagokat, tartósítószereket Önhöz hasonlóan mi is tudjuk, hogy egy kutya akkor a legboldogabb és legegészségesebb, ha szabadon, póráz nélkül élhet, ahogy az igazi kutyáknak kell… kint a szabadban, felfedezve a világot. Ezért alkotta meg a Purina a kutyatáplálkozásban és viselkedésben felhalmozott szakértelmére alapozva a Dog Chow® eledeleket. Az egyedi igényekre szabott Dog Chow® termékeinket a természet inspirálta, válogatott, természetes összetevőkkel készülnek, és 1926 óta nyújtanak egészséges táplálást a kutyáknak, segítve, hogy aktív és kíváncsi életet élhessenek. Természetesen testreszabott táplálás: 100%-ban teljes értékű és kiegyensúlyozott táplálás kutyája igényeire szabva. Egészséges emésztés: Naturium™ formulával, mely természetes forrásból származó rostok és egy természetes prebiotikum különleges kombinációja. Erős izmok: fehérjetartalmával segíti az erős izomzat fenntartását. Egészséges bőr és fényes szőrzet: vitaminokkal, cinkkel és Omega-3 & -6 zsírsavakkal. Egészséges fogak és csontok: létfontosságú vitaminokkal és ásványi anyagokkal segíti a csontok növekedését. Összetétel: gabonafélék (50% teljes kiőrlésű gabona), hús és állati származékok (16%*), növényi fehérjekivonatok, olajok és zsírok, növényi eredetű származékok, zöldségek (1,1% szárított cikória gyökér, 0,07% szárított sárgarépa, 0,07% szárított spenót), ásványi anyagok, természetes összetevők, *32% rehidratált hús és állati származéknak felel meg: minimum 4% bárány. Analitikai összetevők: fehérje: 25%, zsírtartalom: 12%, nyershamu: 8,0%, nyersrost: 3,0%, Omega-3 zsírsavak: 0,15%, Omega-6 zsírsavak: 2,0%, adalékanyagok: tápértékkel rendelkező adalékanyagok: NE/kg: Vit A: 21000, Vit D₃: 1200, Vit E: 100, mg/kg: vas-szulfát monohidrát: 260, vízmentes kalcium-jodát: 3,3, réz-szulfát pentahidrát: 38, mangán-szulfát monohidrát: 20, cink-szulfát monohidrát: 350, nátrium-szelenit: 0,45, antioxidánsok Tovább olvasok"}
{"breadcrumb": "Főoldal/Kutya/Eledelek/Száraz eledelek/Dog Chow kutya szárazeledel adult LB pulyka 14kg", "product_name": "Dog Chow kutya szárazeledel adult LB pulyka 14kgDog Chow kutya szárazeledel adult LB pulyka 14kg", "brand": "Dog Chow12,1kg – 15kgszárnyasFelnőttnagytestű 26kg-tól", "regular_price": "11 499", "selling_price": "9 999", "price_per_unit": "1 kg=1357 Ft", "product_url": "https://webshop.fressnapf.hu/termekek/dog-chow-kutya-szarazeledel-adult-lb-pulyka-14kg/", "product_description": "Teljes értékű állateledel felnőtt kutyák számára Válogatott természetes összetevőkkel készült Naturium™ formulával az egészséges emésztés támogatásáért Nem tartalmaz hozzáadott mesterséges színezékeket, ízanyagokat, tartósítószereket Önhöz hasonlóan mi is tudjuk, hogy egy kutya akkor a legboldogabb és legegészségesebb, ha szabadon, póráz nélkül élhet, ahogy az igazi kutyáknak kell… kint a szabadban, felfedezve a világot. Ezért alkotta meg a Purina a kutyatáplálkozásban és viselkedésben felhalmozott szakértelmére alapozva a Dog Chow® eledeleket. Az egyedi igényekre szabott Dog Chow® termékeinket a természet inspirálta, válogatott, természetes összetevőkkel készülnek, és 1926 óta nyújtanak egészséges táplálást a kutyáknak, segítve, hogy aktív és kíváncsi életet élhessenek. Természetesen testreszabott táplálás: 100%-ban teljes értékű és kiegyensúlyozott táplálás kutyája igényeire szabva. Egészséges emésztés: Naturium™ formulával, mely természetes forrásból származó rostok és egy természetes prebiotikum különleges kombinációja. A szív egészsége: esszenciális aminosavakkal segít támogatni a létfontosságú szervek működését. Mozgékony ízületek: Omega-3 zsírsavval támogatja az ízületek egészségét. Egészséges bőr és fényes szőrzet: vitaminokkal, cinkkel és Omega-3 & -6 zsírsavakkal. Összetétel: gabonafélék (61% teljes kiőrlésű gabona), hús és állati származékok (16%)*, növényi fehérjekivonatok, olajok és zsírok, növényi eredetű származékok, zöldségek (1,1% szárított cikória gyökér, 0,07% szárított sárgarépa, 0,07% szárított spenót), ásványi anyagok, természetes összetevők , *32% rehidratált hús és állati származéknak felel meg: minimum 4% pulyka. Analitikai összetevők: fehérje: 23%, zsírtartalom: 9%, nyershamu: 8,0%, nyersrost: 3,0%, Omega-3 zsírsavak: 0,3%, Omega-6 zsírsavak: 1,6%, adalékanyagok: tápértékkel rendelkező adalékanyagok: NE/kg: Vit A: 18200, Vit D₃: 1060, Vit E: 85, mg/kg: vas-szulfát monohidrát: 230, vízmentes kalcium-jodát: 2,8, réz-szulfát pentahidrát: 33, mangán-szulfát monohidrát: 17,0, cink-szulfát monohidrát: 300, nátrium-szelenit: 0,40, antioxidánsok Tovább olvasok"}
{"breadcrumb": "Főoldal/Kutya/Eledelek/Száraz eledelek/Dog Chow kutya szárazeledel light pulyka 2,5kg", "product_name": "Dog Chow kutya szárazeledel light pulyka 2,5kgDog Chow kutya szárazeledel light pulyka 2,5kg", "brand": "Dog ChowFelnőttszárnyas1,1kg – 4kgközepes testű 11-25kg", "regular_price": "11 499", "selling_price": "9 999", "price_per_unit": "1 kg=1976 Ft", "product_url": "https://webshop.fressnapf.hu/termekek/dog-chow-kutya-szarazeledel-light-pulyka-25kg/", "product_description": "Válassza a természet által ihletett táplálást – Válogatott természetes összetevőkkel készült – Naturium™ formulával az egészséges emésztés támogatásáért – Nem tartalmaz hozzáadott mesterséges színezékeket, ízanyagokat, tartósítószereket – Kétféle méretű és alakú tápszemcse Természetesen testreszabott táplálás 100%-ban teljes értékű és kiegyensúlyozott táplálás kutyája igényeire szabva. Naturium™ formulával, mely természetes forrásból származó rostok és egy természetes prebiotikum különleges kombinációja. Az Adult formulához képest 20%-kal kevesebb zsírt tartalmaz az egészséges súlymenedzsment érdekében. Megfelelő fehérje-zsír arány támogatja a megfelelő fizikai kondíciót a súlymenedzsment során. Cukorrépa-aprítékkal segít javítani a bélsár minőségét és a rendszeres székletürítést. Önhöz hasonlóan mi is tudjuk, hogy egy kutya akkor a legboldogabb és legegészségesebb, ha szabadon, póráz nélkül élhet, ahogy az igazi kutyáknak kell… kint a szabadban, felfedezve a világot. Ezért alkotta meg a Purina a kutyatáplálkozásban és viselkedésben felhalmozott szakértelmére alapozva a Dog Chow® eledeleket. Összetétel: Gabonafélék (59% teljes kiőrlésű gabona), Hús és állati származékok (16%*), Növényi fehérjekivonatok, Növényi eredetű származékok (2% cukorrépa-apríték), Olajok és zsírok, Zöldségek (1,1% szárított cikória gyökér, 0,07% szárított sárgarépa, 0,07% szárított spenót), Ásványi anyagok, Természetes összetevők, *32% rehidratált hús és állati származéknak felel meg: minimum 4% pulyka. Analitikai összetevők: Fehérje: 25%, Zsírtartalom: 8%, Nyershamu: 8,0%, Nyersrost: 3,0%, Adalékanyagok: Tápértékkel rendelkező adalékanyagok: NE/kg: Vit A: 18900, Vit D₃: 1100, Vit E: 90, mg/kg: Vas-szulfát monohidrát: 230, Vízmentes kalcium-jodát: 3,0, Réz-szulfát pentahidrát: 34, Mangán-szulfát monohidrát: 18, Cink-szulfát monohidrát: 310, Nátrium-szelenit: 0,42, Antioxidánsok Etetési útmutató: Az ajánlott napi etetési mennyiséget lásd a termékcsomagoláson. Az ajánlott mennyiségek tájékoztató jellegűek. Kutyája ideális testalkatának fenntartásához módosítsa az etetési mennyiséget kutyája aktivitási szintjének, fizikai állapotának, és egyéni szükségleteinek megfelelően. Biztosítson mindig friss és tiszta ivóvizet. Kutyája egészségi állapotának fenntartása érdekében rendszeresen konzultáljon állatorvosával. A termékre való átállási időszak 7 nap. Tovább olvasok"}
{"breadcrumb": "Főoldal/Kutya/Eledelek/Száraz eledelek/Dog Chow kutya szárazeledel puppy bárány 14kg", "product_name": "Dog Chow kutya szárazeledel puppy bárány 14kgDog Chow kutya szárazeledel puppy bárány 14kg", "brand": "Dog Chow12,1kg – 15kgjuh&bárány&kecskeKölyöknagytestű 26kg-tól", "regular_price": "11 499", "selling_price": "9 999", "price_per_unit": "1 kg=1493 Ft", "product_url": "https://webshop.fressnapf.hu/termekek/dog-chow-kutya-szarazeledel-puppy-barany-14kg/", "product_description": "Teljes értékű állateledel kölyökkutyák számára Válogatott természetes összetevőkkel készült Naturium™ formulával az egészséges emésztés támogatásáért Nem tartalmaz hozzáadott mesterséges színezékeket, ízanyagokat, tartósítószereket Önhöz hasonlóan mi is tudjuk, hogy egy kutya akkor a legboldogabb és legegészségesebb, ha szabadon, póráz nélkül élhet, ahogy az igazi kutyáknak kell… kint a szabadban, felfedezve a világot. Ezért alkotta meg a Purina a kutyatáplálkozásban és viselkedésben felhalmozott szakértelmére alapozva a Dog Chow® eledeleket. Az egyedi igényekre szabott Dog Chow® termékeinket a természet inspirálta, válogatott, természetes összetevőkkel készülnek, és 1926 óta nyújtanak egészséges táplálást a kutyáknak, segítve, hogy aktív és kíváncsi életet élhessenek. Természetesen testreszabott táplálás: 100%-ban teljes értékű és kiegyensúlyozott táplálás kutyája igényeire szabva. Egészséges emésztés: Naturium™ formulával, mely természetes forrásból származó rostok és egy természetes prebiotikum különleges kombinációja. Egészséges immunrendszer: antioxidánsokkal a természetes védekezőképesség támogatására. Agy és látás fejlődése: DHA-val, mely létfontosságú a növekedésben lévő kölykök számára. Egészséges fogak és csontok: létfontosságú vitaminokkal és ásványi anyagokkal segíti a csontok növekedését. Összetétel: gabonafélék (44% teljes kiőrlésű gabona), hús és állati származékok (16%*), növényi fehérjekivonatok, olajok és zsírok, növényi eredetű származékok, zöldségek (1,1% szárított cikória gyökér, 0,07% szárított sárgarépa, 0,07% szárított spenót), ásványi anyagok, természetes összetevők, * 32% rehidratált hús és állati származéknak felel meg: minimum 4% bárány. Analitikai összetevők: fehérje: 28%, zsírtartalom: 14%, nyershamu: 7,5%, nyersrost: 2,5%, DHA: 0,05%, adalékanyagok: tápértékkel rendelkező adalékanyagok: NE/kg: Vit A: 22600, Vit D₃: 1300, Vit E: 105, mg/kg: vas-szulfát monohidrát: 280, vízmentes kalcium-jodát: 3,5, réz-szulfát pentahidrát: 40, mangán-szulfát monohidrát: 21, cink-szulfát monohidrát: 380, nátrium-szelenit: 0,50, antioxidánsok Tovább olvasok"}
{"breadcrumb": "Főoldal/Kutya/Eledelek/Száraz eledelek/Dog Chow kutya szárazeledel puppy bárány 2,5kg", "product_name": "Dog Chow kutya szárazeledel puppy bárány 2,5kgDog Chow kutya szárazeledel puppy bárány 2,5kg", "brand": "Dog Chow1,1kg – 4kgjuh&bárány&kecskeKölyökkistestű 10kg-ig", "regular_price": "9 999", "selling_price": "8 999", "price_per_unit": "1 kg=1976 Ft", "product_url": "https://webshop.fressnapf.hu/termekek/dog-chow-kutya-szarazeledel-puppy-barany-25kg/", "product_description": "Teljes értékű állateledel kölyökkutyák számára Válogatott természetes összetevőkkel készült Naturium™ formulával az egészséges emésztés támogatásáért Nem tartalmaz hozzáadott mesterséges színezékeket, ízanyagokat, tartósítószereket Önhöz hasonlóan mi is tudjuk, hogy egy kutya akkor a legboldogabb és legegészségesebb, ha szabadon, póráz nélkül élhet, ahogy az igazi kutyáknak kell… kint a szabadban, felfedezve a világot. Ezért alkotta meg a Purina a kutyatáplálkozásban és viselkedésben felhalmozott szakértelmére alapozva a Dog Chow® eledeleket. Az egyedi igényekre szabott Dog Chow® termékeinket a természet inspirálta, válogatott, természetes összetevőkkel készülnek, és 1926 óta nyújtanak egészséges táplálást a kutyáknak, segítve, hogy aktív és kíváncsi életet élhessenek. Természetesen testreszabott táplálás: 100%-ban teljes értékű és kiegyensúlyozott táplálás kutyája igényeire szabva. Egészséges emésztés: Naturium™ formulával, mely természetes forrásból származó rostok és egy természetes prebiotikum különleges kombinációja. Egészséges immunrendszer: antioxidánsokkal a természetes védekezőképesség támogatására. Agy és látás fejlődése: DHA-val, mely létfontosságú a növekedésben lévő kölykök számára. Egészséges fogak és csontok: létfontosságú vitaminokkal és ásványi anyagokkal segíti a csontok növekedését. Összetétel: gabonafélék (44% teljes kiőrlésű gabona), hús és állati származékok (16%*), növényi fehérjekivonatok, olajok és zsírok, növényi eredetű származékok, zöldségek (1,1% szárított cikória gyökér, 0,07% szárított sárgarépa, 0,07% szárított spenót), ásványi anyagok, természetes összetevők, * 32% rehidratált hús és állati származéknak felel meg: minimum 4% bárány. Analitikai összetevők: fehérje: 28%, zsírtartalom: 14%, nyershamu: 7,5%, nyersrost: 2,5%, DHA: 0,05%, adalékanyagok: tápértékkel rendelkező adalékanyagok: NE/kg: Vit A: 22600, Vit D₃: 1300, Vit E: 105, mg/kg: vas-szulfát monohidrát: 280, vízmentes kalcium-jodát: 3,5, réz-szulfát pentahidrát: 40, mangán-szulfát monohidrát: 21, cink-szulfát monohidrát: 380, nátrium-szelenit: 0,50, antioxidánsok Tovább olvasok"}
{"breadcrumb": "Főoldal/Kutya/Eledelek/Száraz eledelek/Dog Chow kutya szárazeledel sensitive lazac 14kg", "product_name": "Dog Chow kutya szárazeledel sensitive lazac 14kgDog Chow kutya szárazeledel sensitive lazac 14kg", "brand": "Dog Chow12,1kg – 15kghal&tenger gyümölcseiFelnőttnagytestű 26kg-tól", "regular_price": "3 799", "selling_price": "3 299", "price_per_unit": "1 kg=1357 Ft", "product_url": "https://webshop.fressnapf.hu/termekek/dog-chow-kutya-szarazeledel-sensitive-lazac-14kg/", "product_description": "Teljes értékű állateledel felnőtt kutyák számára Válogatott természetes összetevőkkel készült Naturium™ formulával az egészséges emésztés támogatásáért Nem tartalmaz hozzáadott mesterséges színezékeket, ízanyagokat, tartósítószereket Önhöz hasonlóan mi is tudjuk, hogy egy kutya akkor a legboldogabb és legegészségesebb, ha szabadon, póráz nélkül élhet, ahogy az igazi kutyáknak kell… kint a szabadban, felfedezve a világot. Ezért alkotta meg a Purina a kutyatáplálkozásban és viselkedésben felhalmozott szakértelmére alapozva a Dog Chow® eledeleket. Az egyedi igényekre szabott Dog Chow® termékeinket a természet inspirálta, válogatott, természetes összetevőkkel készülnek, és 1926 óta nyújtanak egészséges táplálást a kutyáknak, segítve, hogy aktív és kíváncsi életet élhessenek. Természetesen testreszabott táplálás: 100%-ban teljes értékű és kiegyensúlyozott táplálás kutyája igényeire szabva. Egészséges emésztés: Naturium™ formulával, mely természetes forrásból származó rostok és egy természetes prebiotikum különleges kombinációja. Érzékeny emésztés: magas minőségű fehérjével (lazac) segít támogatni a megfelelő emésztést. Érzékeny bőr: vitaminokkal, cinkkel és omega-3 és -6 zsírsavakkal a bőrreakciók kezeléséért. Egészséges immunrendszer: antioxidánsokkal a természetes védekezőképesség támogatásáért. Összetétel: gabonafélék (63% teljes kiőrlésű gabona), hús és állati származékok, növényi fehérjekivonatok, olajok és zsírok, Hal és halszármazékok (1,8%*), növényi eredetű származékok, zöldségek (1,1% szárított cikória gyökér, 0,07% szárított sárgarépa, 0,07% szárított spenót), ásványi anyagok, természetes összetevők, *4% rehidratált hal és halszármazéknak felel meg: 4% lazaccal egyenértékű. Analitikai összetevők: fehérje: 23%, zsírtartalom: 10%, nyershamu: 8,0%, nyersrost: 3,0%, Omega-3 zsírsavak: 0,2%, Omega-6 zsírsavak: 1,4%, adalékanyagok: tápértékkel rendelkező adalékanyagok: NE/kg: Vit A: 20300, Vit D₃: 1180, Vit E: 96, mg/kg: vas-szulfát monohidrát: 250, vízmentes kalcium-jodát: 3,2, réz-szulfát pentahidrát: 36, mangán-szulfát monohidrát: 19, cink-szulfát monohidrát: 340, nátrium-szelenit: 0,45, antioxidánsok Tovább olvasok"}
{"breadcrumb": "Főoldal/Kutya/Eledelek/Száraz eledelek/Dog Chow kutya szárazeledel sensitive lazac 2,5kg", "product_name": "Dog Chow kutya szárazeledel sensitive lazac 2,5kgDog Chow kutya szárazeledel sensitive lazac 2,5kg", "brand": "Dog Chow1,1kg – 4kghal&tenger gyümölcseiFelnőttkistestű 10kg-ig", "regular_price": "3 799", "selling_price": "3 299", "price_per_unit": "1 kg=1976 Ft", "product_url": "https://webshop.fressnapf.hu/termekek/dog-chow-kutya-szarazeledel-sensitive-lazac-25kg/", "product_description": "Teljes értékű állateledel felnőtt kutyák számára Válogatott természetes összetevőkkel készült Naturium™ formulával az egészséges emésztés támogatásáért Nem tartalmaz hozzáadott mesterséges színezékeket, ízanyagokat, tartósítószereket Önhöz hasonlóan mi is tudjuk, hogy egy kutya akkor a legboldogabb és legegészségesebb, ha szabadon, póráz nélkül élhet, ahogy az igazi kutyáknak kell… kint a szabadban, felfedezve a világot. Ezért alkotta meg a Purina a kutyatáplálkozásban és viselkedésben felhalmozott szakértelmére alapozva a Dog Chow® eledeleket. Az egyedi igényekre szabott Dog Chow® termékeinket a természet inspirálta, válogatott, természetes összetevőkkel készülnek, és 1926 óta nyújtanak egészséges táplálást a kutyáknak, segítve, hogy aktív és kíváncsi életet élhessenek. Természetesen testreszabott táplálás: 100%-ban teljes értékű és kiegyensúlyozott táplálás kutyája igényeire szabva. Egészséges emésztés: Naturium™ formulával, mely természetes forrásból származó rostok és egy természetes prebiotikum különleges kombinációja. Érzékeny emésztés: magas minőségű fehérjével (lazac) segít támogatni a megfelelő emésztést. Érzékeny bőr: vitaminokkal, cinkkel és omega-3 és -6 zsírsavakkal a bőrreakciók kezeléséért. Egészséges immunrendszer: antioxidánsokkal a természetes védekezőképesség támogatásáért. Összetétel: gabonafélék (63% teljes kiőrlésű gabona), hús és állati származékok, növényi fehérjekivonatok, olajok és zsírok, Hal és halszármazékok (1,8%*), növényi eredetű származékok, zöldségek (1,1% szárított cikória gyökér, 0,07% szárított sárgarépa, 0,07% szárított spenót), ásványi anyagok, természetes összetevők, *4% rehidratált hal és halszármazéknak felel meg: 4% lazaccal egyenértékű. Analitikai összetevők: fehérje: 23%, zsírtartalom: 10%, nyershamu: 8,0%, nyersrost: 3,0%, Omega-3 zsírsavak: 0,2%, Omega-6 zsírsavak: 1,4%, adalékanyagok: tápértékkel rendelkező adalékanyagok: NE/kg: Vit A: 20300, Vit D₃: 1180, Vit E: 96, mg/kg: vas-szulfát monohidrát: 250, vízmentes kalcium-jodát: 3,2, réz-szulfát pentahidrát: 36, mangán-szulfát monohidrát: 19, cink-szulfát monohidrát: 340, nátrium-szelenit: 0,45, antioxidánsok Tovább olvasok"}
{"breadcrumb": "Főoldal/Kutya/Eledelek/Száraz eledelek/Dog Chow Mature senior száraz kutyaeledel bárány 14kg", "product_name": "Dog Chow Mature senior száraz kutyaeledel bárány 14kgDog Chow Mature senior száraz kutyaeledel bárány 14kg", "brand": "Dog Chow12,1kg – 15kgIdősjuh&bárány&kecske", "regular_price": "9 999", "selling_price": "8 999", "price_per_unit": "1 kg=1357 Ft", "product_url": "https://webshop.fressnapf.hu/termekek/dog-chow-szaraz-kutyaeledel-senior-barany-14kg/", "product_description": "Válassza a természet által ihletett táplálást – Válogatott természetes összetevőkkel készült – Naturium™ formulával az egészséges emésztés támogatásáért – Nem tartalmaz hozzáadott mesterséges színezékeket, ízanyagokat, tartósítószereket – Kétféle méretű és alakú tápszemcse Természetesen testreszabott táplálás 100%-ban teljes értékű és kiegyensúlyozott táplálás kutyája igényeire szabva. Egészséges emésztés Naturium™ formulával, mely természetes forrásból származó rostok és egy természetes prebiotikum különleges kombinációja. Mozgékony ízületek Omega-3 zsírsavakkal segít támogatni az ízületek mozgékonyságát. A szív egészsége Esszenciális aminosavakkal segít támogatni a létfontosságú szervek működését. Egészséges immunrendszer Antioxidánsokkal a természetes védekezőképesség támogatására. Összetevők: Gabonafélék (57% teljes kiőrlésű gabona), Hús és állati származékok (16%*), Növényi fehérjekivonatok, Növényi eredetű származékok, Olajok és zsírok, Zöldségek (1,1% szárított cikória gyökér, 0,07% szárított sárgarépa, 0,07% szárított spenót), Ásványi anyagok, Természetes összetevők *32% rehidratált hús és állati származéknak felel meg: minimum 4% bárány. Analitikai összetevők: Fehérje:25%, Zsírtartalom: 8%, Nyershamu: 7,5%, Nyersrost: 2,5%, Omega-3 zsírsavak: 0,2%, Adalékanyagok: Tápértékkel rendelkező adalékanyagok: NE/kg: Vit A: 20100, Vit D₃: 1170, Vit E: 95 mg/kg: Vas-szulfát monohidrát: 250, Vízmentes kalcium-jodát: 3,0, Réz-szulfát pentahidrát: 35, Mangán-szulfát monohidrát: 19, Cink-szulfát monohidrát: 330, Nátrium-szelenit: 0,44, Antioxidánsok Tovább olvasok"}
{"breadcrumb": "Főoldal/Kutya/Eledelek/Jutalomfalatok&rágcsák/Duvo+ Farmz Serrano kutya rágósertéscsont 18cm", "product_name": "Duvo+ Farmz Serrano kutya rágósertéscsont 18cmDuvo+ Farmz Serrano kutya rágósertéscsont 18cm", "brand": "Duvo+Felnőttmalac", "regular_price": "1199", "selling_price": "", "price_per_unit": "1 DB=1199 Ft", "product_url": "https://webshop.fressnapf.hu/termekek/duvo-farmz-serrano-kutya-ragosertescsont-18cm/", "product_description": "Kiváló minőségű, vákuumcsomagolt hús alapú rágcsálnivaló kutyája számára hozzáadott ízesítők, színezékek és aromák nélkül. Rágcsálás közben tisztítja a fogakat. Etetés közben ajánlatos a felügyelet! Összetétel: 100% sertés Analitikai összetevők: nyersfehérje 37%, zsír 14%, hamu 30%, nedvesség 19%. Tovább olvasok"}
{"breadcrumb": "Főoldal/Kutya/Eledelek/Jutalomfalatok&rágcsák/Duvo+ Farmz Serrano mini kutya rágócsont 3db", "product_name": "Duvo+ Farmz Serrano mini kutya rágócsont 3dbDuvo+ Farmz Serrano mini kutya rágócsont 3db", "brand": "Duvo+0g – 100gFelnőttmalac", "regular_price": "1099", "selling_price": "", "price_per_unit": "1 DB=366 Ft", "product_url": "https://webshop.fressnapf.hu/termekek/duvo-farmz-serrano-mini-kutya-ragocsont-3db/", "product_description": "Kiváló minőségű, vákuumcsomagolt hús alapú rágcsálnivaló kutyája számára hozzáadott ízesítők, színezékek és aromák nélkül. Rágcsálás közben tisztítja a fogakat. Etetés közben ajánlatos a felügyelet! Összetétel: 100% sertés Analitikai összetevők: nyersfehérje 37%, zsír 14%, hamu 30%, nedvesség 19%. Tovább olvasok"}
{"breadcrumb": "Főoldal/Kutya/Eledelek/Jutalomfalatok&rágcsák/Duvo+ Farmz Serrano sertéscsont XL", "product_name": "Duvo+ Farmz Serrano sertéscsont XLDuvo+ Farmz Serrano sertéscsont XL", "brand": "Duvo+FelnőttmalacXL", "regular_price": "2399", "selling_price": "", "price_per_unit": "1 DB=2399 Ft", "product_url": "https://webshop.fressnapf.hu/termekek/duvo-farmz-serrano-sertescsont-xl/", "product_description": "Kiváló minőségű, vákuumcsomagolt hús alapú rágcsálnivaló kutyája számára hozzáadott ízesítők, színezékek és aromák nélkül. Rágcsálás közben tisztítja a fogakat. Etetés közben ajánlatos a felügyelet! Összetétel: 100% sertés Analitikai összetevők: nyersfehérje 37%, zsír 14%, hamu 30%, nedvesség 19%. Tovább olvasok"}
{"breadcrumb": "Főoldal/Kutya/Eledelek/Jutalomfalatok&rágcsák/Duvo+ Farmz Serrano sertésláb 1db", "product_name": "Duvo+ Farmz Serrano sertésláb 1dbDuvo+ Farmz Serrano sertésláb 1db", "brand": "Duvo+Felnőttmalac", "regular_price": "1399", "selling_price": "", "price_per_unit": "1 DB=1399 Ft", "product_url": "https://webshop.fressnapf.hu/termekek/duvo-farmz-serrano-serteslab-1db/", "product_description": "Kiváló minőségű, vákuumcsomagolt hús alapú rágcsálnivaló kutyája számára hozzáadott ízesítők, színezékek és aromák nélkül. Rágcsálás közben tisztítja a fogakat. Etetés közben ajánlatos a felügyelet! Összetétel: 100% sertés Analitikai összetevők: nyersfehérje 37%, zsír 14%, hamu 30%, nedvesség 19%. Tovább olvasok"}
{"breadcrumb": "Főoldal/Kutya/Eledelek/Jutalomfalatok&rágcsák/Duvo+ Farmz Serrano sonka 200g", "product_name": "Duvo+ Farmz Serrano sonka 200gDuvo+ Farmz Serrano sonka 200g", "brand": "Duvo+101g – 200gFelnőttmalac", "regular_price": "1199", "selling_price": "", "price_per_unit": "1 KG=5995 Ft", "product_url": "https://webshop.fressnapf.hu/termekek/duvo-farmz-serrano-sonka-200g/", "product_description": "Kiváló minőségű, vákuumcsomagolt hús alapú rágcsálnivaló kutyája számára hozzáadott ízesítők, színezékek és aromák nélkül. Rágcsálás közben tisztítja a fogakat. Etetés közben ajánlatos a felügyelet! Összetétel: 100% sertés Analitikai összetevők: nyersfehérje 37%, zsír 14%, hamu 30%, nedvesség 19%. Tovább olvasok"}
{"breadcrumb": "Főoldal/Kutya/Eledelek/Jutalomfalatok&rágcsák/Duvo+ Garden Bites Fruity Friends kutya jutalomfalat 18db", "product_name": "Duvo+ Garden Bites Fruity Friends kutya jutalomfalat 18dbDuvo+ Garden Bites Fruity Friends kutya jutalomfalat 18db", "brand": "Duvo+Garden BitesFelnőttzöldség&gyümölcsfogápolásgluténmentes", "regular_price": "5999", "selling_price": "", "price_per_unit": "1 db=333 Ft", "product_url": "https://webshop.fressnapf.hu/termekek/duvo-garden-bites-fruity-friends-kutya-jutalomfalat-18db/", "product_description": "Kiváló csemege allergiában szenvedő kutyák számára, mert ez a finomság 100% gluténmentes és könnyen emészthető. Különleges formáinak köszönhetően segít a fogak tisztításában és masszírozásában. A természetes mentaolaj kivonat biztosítja a friss leheletet. Összetétel: 55% édesburgonya, gyümölcs (4% banán, 4% őszibarack, 4% körte),növényi melléktermékek, ásványi anyagok, élesztő, olajok és zsírok (0,1% természetes borsmentaolaj) Analitikai összetevők: Nyersfehérje 1 , 5%, zsírtartalom 0,5%, rost 2,5%, hamu 6,5%, nedvesség 15%, kalcium 2,4%, foszfor 0,3%, magnézium 0,1%. Tovább olvasok"}
{"breadcrumb": "Főoldal/Kutya/Eledelek/Jutalomfalatok&rágcsák/Duvo+ Garden Bites Veggie Friends kutya jutalomfalat 18db", "product_name": "Duvo+ Garden Bites Veggie Friends kutya jutalomfalat 18dbDuvo+ Garden Bites Veggie Friends kutya jutalomfalat 18db", "brand": "Duvo+Garden BitesFelnőttzöldség&gyümölcsfogápolásgluténmentes", "regular_price": "5999", "selling_price": "", "price_per_unit": "1 DB=333 Ft", "product_url": "https://webshop.fressnapf.hu/termekek/duvo-garden-bites-veggie-friends-kutya-jutalomfalat-18db/", "product_description": "Kiváló csemege allergiában szenvedő kutyák számára, mert ez a finomság 100% gluténmentes és könnyen emészthető. Különleges formáinak köszönhetően segít a fogak tisztításában és masszírozásában. A természetes mentaolaj kivonat biztosítja a friss leheletet. Összetétel: Zöldségek (55% édesburgonya, 4,5% brokkoli, 4,5% paprika), növényi melléktermékek, ásványi anyagok, élesztő, olajok és zsírok (0,1% természetes borsmentaolaj) Analitikai összetevők: Nyersfehérje 1 , 5%, zsírtartalom 0,5%, rost 2,5%, hamu 6,5%, nedvesség 15%, kalcium 2,4%, foszfor 0,3%, magnézium 0,1%. EU által jóváhagyott festékeket és tartósítószereket tartalmaz. Tovább olvasok"}
{"breadcrumb": "Főoldal/Kutya/Eledelek/Táplálékkiegészítők&vitaminok/DYNA-LODE tabletta idősödő kutyák és macskák számára 50db", "product_name": "DYNA-LODE tabletta idősödő kutyák és macskák számára 50dbDYNA-LODE tabletta idősödő kutyák és macskák számára 50db", "brand": "DYNA-LODEIdőstablettakomplex", "regular_price": "10499", "selling_price": "", "price_per_unit": "1 db=210 Ft", "product_url": "https://webshop.fressnapf.hu/termekek/dyna-lode-tabletta-idosodo-kutyak-es-macskak-szamara-50db/", "product_description": "Speciálisan kifejlesztett táplálékkiegészítő idősödő kutyák és macskák optimális tápanyagellátottságának biztosítására. A benne levő kiemelkedően magas kolin és egyéb foszfolipid tartalma az idegrendszer zavartalan működésének nélkülözhetetlen elemei. – Az idősödő állatok jó közérzetének és szellemi képességének fokozására, valamint az idő előtti öregedési tünetek megelőzésére – Alkalmazható a rossz étvágy javítására, általános gyengeségre és a rossz minőségű szőrzet javítására – Perifériás idegkárosodás esetén, valamint az epilepszia gyógyszeres kezelésének kiegészítésére. – Az anti-oxidánsok javítják a szervezet védekező mechanizmusát, lassítják az öregedési folyamatot. Terápiás felhasználás: Idegrendszeri betegségek, epilepszia Anti-epileptikumokkal együtt adható: fokozza hatásukat, kiküszöböli mellékhatásukat (májkárosodás!) Kognitív működészavar szindróma (Kutya Alzheimer-kór): jellemezhető az agyi elöregedéssel kísért megjegyző-emlékező funkció romlásával, a viselkedés megváltozásával, majd a fizikai teljesítmény csökkenésével Összetevői: – Lecitin: a lecitin formában alkalmazott foszfolipid foszfor forrásként is szolgál. A foszfolipidek a membrán legfontosabb alkotórészeit képezik. Irányítják annak felépítését, áteresztőképességét, ugyanúgy, mint a membrán enzimkötő-képességét is. A lecitin és a kolin az agyi folyamatok irányításán kívül fontos szerepet játszanak a máj működésében. – B6, E-vitamin, Cink, Szelén és Q10 koenzim (antioxidánsok): a sejtek oxidatív károsodásának csökkentésével lassítja a szervrendszerekben végbemenő degeneratív elváltozásokat, késlelteti az öregedési folyamatot. Az E-vitamin, szelén és Q10 koenzim a szív- és vázizom tökéletes működéséhez fontosok. Erősítik az immunrendszert. – B-vitamin komplex: kedvező hatást gyakorol a tágabb anyagcserére és az idegrendszerre. -Metionin, inozit és kolin: csökkentik a máj zsíros infiltrációját. – Kolin: metilcsoportokat biztosít az acetilkolin idegközvetítő anyag termeléséhez. – Foszfolipidek: segít a centrális és periferiás idegek sejtmembránjának épségének fenntartásában. A kolin és a foszfatidilszerin azon anyagok közé tartoznak, melyek drámai módon javítják a koncentrációs, emlékező- és döntési képességet (un. kognitív agyfunkciók). Összetétel (1 tabletta tartalma): Lecitin 600mg, DL-metionin 55mg, Kolin 25mg, Inozit 25mg, B1-vitamin 2mg, Niacinamid 8mg, B2-vitamin 2mg, B6-vitamin 1mg, B12-vitamin 10mcg, E-vitamin 15NE, Szelén 20mcg, Cink 10 mcg, Koenzim Q10 2mg. Adagolása: – Macska és kistestű kutya: 1 tabletta/nap – Közepes testű kutya (11-25 ttkg): 2 tabletta/nap – Nagytestű kutya (26-40 ttkg): 2-3 tabletta/nap – Óriás testű kutya (>40 ttkg): 4-4 tabletta/nap Tovább olvasok"}
{"breadcrumb": "Főoldal/Kutya/Eledelek/Jutalomfalatok&rágcsák/EDGARD & COOPER DoggyDental alma&eukaliptusz L 240g", "product_name": "EDGARD & COOPER DoggyDental alma&eukaliptusz L 240gEDGARD & COOPER DoggyDental alma&eukaliptusz L 240g", "brand": "Edgard&Cooper201g – 400gFelnőttzöldség&gyümölcsfogápolás", "regular_price": "2599", "selling_price": "", "price_per_unit": "1 kg=10829 Ft", "product_url": "https://webshop.fressnapf.hu/termekek/edgard-cooper-doggydental-almaeukaliptusz-l-240g/", "product_description": "Összetevők: Burgonya (szárított, 47,5%), burgonyakeményítő (szárított, 23,5%), növényi glicerin, cellulóz, ásványi anyagok, alma (szárított, 0,3%), gránátalma (0,3%), kókuszolaj (0,1%), eukaliptuszolaj (0,05%) ), aloe vera (szárított, 0,05%). Táplálék-adalékanyagok / kg: antioxidánsok Analitikai komponensek: nyersfehérje 3%, nyerszsír 1%, nyersrost 4%, nyershamu 4,8%, nedvesség 22%, kalcium 0,5%, energiatartalom 257 (kcal / 100g) Bővebb információ az Edgard&Cooper márkáról Tovább olvasok"}
{"breadcrumb": "Főoldal/Kutya/Eledelek/Jutalomfalatok&rágcsák/EDGARD & COOPER DoggyDental alma&eukaliptusz S 105g", "product_name": "EDGARD & COOPER DoggyDental alma&eukaliptusz S 105gEDGARD & COOPER DoggyDental alma&eukaliptusz S 105g", "brand": "Edgard&Cooper101g – 200gFelnőttkistestű 10kg-igzöldség&gyümölcsfogápolás", "regular_price": "1799", "selling_price": "", "price_per_unit": "1 kg=17133 Ft", "product_url": "https://webshop.fressnapf.hu/termekek/edgard-cooper-doggydental-almaeukaliptusz-s-105g/", "product_description": "Összetevők: Burgonya (szárított, 47,5%), burgonyakeményítő (szárított, 23,5%), növényi glicerin, cellulóz, ásványi anyagok, alma (szárított, 0,3%), gránátalma (0,3%), kókuszolaj (0,1%), eukaliptuszolaj (0,05%) ), aloe vera (szárított, 0,05%). Táplálék-adalékanyagok / kg: antioxidánsok Analitikai komponensek: nyersfehérje 3%, nyerszsír 1%, nyersrost 4%, nyershamu 4,8%, nedvesség 22%, kalcium 0,5%, energiatartalom 257 (kcal / 100g) Bővebb információ az Edgard&Cooper márkáról Tovább olvasok"}
{"breadcrumb": "Főoldal/Kutya/Eledelek/Nedves eledelek/EDGARD & COOPER kutya konzerv adult marha&bárány 6x400g", "product_name": "EDGARD & COOPER kutya konzerv adult marha&bárány 6x400gEDGARD & COOPER kutya konzerv adult marha&bárány 6x400g", "brand": "Edgard&Cooper201g – 400gFelnőttvegyesgabonamenteskonzerv", "regular_price": "8 994", "selling_price": "8 394", "price_per_unit": "1 299 Ft", "product_url": "https://webshop.fressnapf.hu/termekek/edgard-cooper-kutya-konzerv-adult-marhabarany-6x400g/", "product_description": "Összetevők: Bárány 37%, marhahús 30%, sárgarépa 2%, brokkoli 1%, cékla 1%, ásványi anyagok, mannan oligoszacharidok, spenót 0,25%, alma 0,25%, lenmagolaj 0,25%, lazacolaj 0,2%, körte 0,2%, fruktó-oligoszacharidok , kelkáposzta 0,1%, banán 0,1%, áfonya 0,1%, szárított csalán, szárított édeskömény, szárított köménymag, szárított cickafark, szárított szederlevél, szárított fagyöngy, szárított kamilla virág, szárított gentian gyökér, szárított centaury. Táplálék-adalékanyagok / kg: D3-vitamin 450 NE, E-vitamin 40 mg, cink 30 mg, mangán 2 mg, réz 0,4 mg, jód 0,3 mg. Analitikai komponensek: Nyersfehérje 10%, nyersolajok és zsírok 6%, nyersrost 1%, nyershamu 2%, nedvesség 78%. Tovább olvasok"}
{"breadcrumb": "Főoldal/Kutya/Eledelek/Nedves eledelek/EDGARD & COOPER kutya konzerv adult marha&cékla 6x400g", "product_name": "EDGARD & COOPER kutya konzerv adult marha&cékla 6x400gEDGARD & COOPER kutya konzerv adult marha&cékla 6x400g", "brand": "Edgard&Cooper201g – 400gFelnőttmarha&borjúgabonamenteskonzerv", "regular_price": "5 094", "selling_price": "4 794", "price_per_unit": "1 299 Ft", "product_url": "https://webshop.fressnapf.hu/termekek/edgard-cooper-kutya-konzerv-adult-marhacekla-6x400g/", "product_description": "Összetevők: Marhahús 67%, sárgarépa 2%, brokkoli 2%, ásványi anyagok, cékla 0,5%, körte 0,3%, mannan-oligoszacharidok, lenmagolaj 0,25%, fruktó-oligoszacharidok, mangó 0,1%, avokádó 0, 1%, szárított csalán, szárított édeskömény , szárított köménymag, szárított cickafark, szárított szederlevelek, szárított fagyöngy, szárított kamilla virágok, szárított gentian gyökér, szárított centaury. Táplálék-adalékanyagok / kg: D3-vitamin 450 NE, E-vitamin 40 mg, cink 30 mg, mangán 2 mg, réz 0,4 mg, jód 0,3 mg. Analitikai komponensek: Nyersfehérje 11%, nyersolajok és zsírok 6%, nyersrost 1%, nyershamu 2,3%, nedvesség 78%. Tovább olvasok"}
{"breadcrumb": "Főoldal/Kutya/Eledelek/Nedves eledelek/EDGARD & COOPER kutya konzerv adult vad&kacsa 6x400g", "product_name": "EDGARD & COOPER kutya konzerv adult vad&kacsa 6x400gEDGARD & COOPER kutya konzerv adult vad&kacsa 6x400g", "brand": "Edgard&Cooper201g – 400gFelnőttvegyesgabonamenteskonzerv", "regular_price": "8 994", "selling_price": "8 394", "price_per_unit": "1 299 Ft", "product_url": "https://webshop.fressnapf.hu/termekek/edgard-cooper-kutya-konzerv-adult-vadkacsa-6x400g/", "product_description": "Összetevők: Vad 37%, kacsa 30%, édesburgonya 2%, cékla 2%, ásványi anyagok, alma 0,5%, mannan oligoszacharidok, lenmag olaj 0,25%, körte 0,2%, fruktó-oligoszacharidok, áfonya 0,15%, Áfonya 0,15%, szárított csalán, szárított édeskömény, szárított köménymag, szárított cickafark, szárított szederlevelek, szárított fagyöngy, szárított kamilla virágok, szárított gentian gyökér, szárított centaury. Táplálék-adalékanyagok / kg: D3-vitamin 450 NE, E-vitamin 40 mg, cink 30 mg, mangán 2 mg, réz 0,4 mg, jód 0,3 mg. Analitikai komponensek: Nyersfehérje 11%, nyersolajok és zsírok 7%, nyersrost 1%, nyershamu 2,5%, nedvesség 78%. Tovább olvasok"}
{"breadcrumb": "Főoldal/Kutya/Eledelek/Nedves eledelek/EDGARD & COOPER kutya tálka adult bio marha 17x100g", "product_name": "EDGARD & COOPER kutya tálka adult bio marha 17x100gEDGARD & COOPER kutya tálka adult bio marha 17x100g", "brand": "Edgard&Cooper0g – 100gFelnőttmarha&borjútálka", "regular_price": "8 994", "selling_price": "8 394", "price_per_unit": "599 Ft", "product_url": "https://webshop.fressnapf.hu/termekek/edgard-cooper-kutya-talka-adult-bio-marha-17x100g/", "product_description": "Összetevők: Bio marhahús * 51%, bio sertéshús *, bio csirke *, ásványi anyagok, bio kókuszdió * 0,15%, bio chia mag * 0,15%, bio csipkebogyó * 0,1%, bio kamilla * 0,1%. * 100% ellenőrzött ökológiai mezőgazdaságból. Táplálék-adalékanyagok / kg: D3-vitamin 140 NE, cink 12 mg, mangán 1 mg, réz 0,5 mg, jód 0,3 mg. Analitikai komponensek: Nyersfehérje 9,5%, nyersolajok és zsírok 5,5%, nyersrost 0,3%, nyershamu 2,2%, nedvesség 82%. Tovább olvasok"}
{"breadcrumb": "Főoldal/Kutya/Eledelek/Nedves eledelek/EDGARD & COOPER kutya tálka adult vad&kacsa 11x150g", "product_name": "EDGARD & COOPER kutya tálka adult vad&kacsa 11x150gEDGARD & COOPER kutya tálka adult vad&kacsa 11x150g", "brand": "Edgard&Cooper101g – 200gFelnőttvegyestálka", "regular_price": "8 994", "selling_price": "8 394", "price_per_unit": "599 Ft", "product_url": "https://webshop.fressnapf.hu/termekek/edgard-cooper-kutya-talka-adult-vadkacsa-11x150g/", "product_description": "Összetevők: Vad 30%, kacsa 26%, ásványi anyagok, sárgarépa 2%, édesburgonya 1%, cékla 1%, áfonya 1%, alma 1%, petrezselyem 0,1%, kapor 0,1%. Táplálék-adalékanyagok / kg: D3-vitamin 140 NE, cink 12 mg, mangán 1 mg, réz 0,5 mg, jód 0,3 mg. Analitikai komponensek: Nyersfehérje 9%, nyersolajok és zsírok 5%, nyersrost 0,3%, nyershamu 2,2%, nedvesség 82%. Tovább olvasok"}
{"breadcrumb": "Főoldal/Kutya/Eledelek/Táplálékkiegészítők&vitaminok/Endia paszta emésztőrendszeri problémára 15ml", "product_name": "Endia paszta emésztőrendszeri problémára 15mlEndia paszta emésztőrendszeri problémára 15ml", "brand": "ENDIA0ml – 100mlFelnőttgyomor&emésztés", "regular_price": "6299", "selling_price": "", "price_per_unit": "1 db=6299 Ft", "product_url": "https://webshop.fressnapf.hu/termekek/endia-paszta-emesztorendszeri-problemara-15ml/", "product_description": "Az ENDIA egy különleges, rendkívül komplex összetételű, szájon át adható paszta kutyák és macskák hasmenésére. Megköti a káros anyagokat, védi a bélnyálkahártyát, pótolja a hasmenéssel keletkező elektrolit- és energiaveszteséget. Az Endia különleges hatóanyaga a montmorillonit, mely speciális szerkezetének köszönhetően óriási felülettel és abszorpciós képességgel rendelkezik. Méregteleníti és védi a bélrendszert, mivel bevonja a bélnyálkahártyát és megköti a káros anyagokat (pl. enzimeket, vírusokat, baktériumtoxinokat). A káros anyagokat megkötő képessége 15-ször nagyobb, mint a széles körben alkalmazott kaoliné. A montmorillonit meggátolja a nyálkahártya károsodását az emésztési rendellenességek során, mivel védi a nyálkahártyát és megnyugtatja a beleket. A frukto-oligoszacharidok (prebiotikumok) olyan természetes tápanyagok, amelyekre a gyomor-bélrendszer felső szakaszában található emésztőenzimek nem hatnak, és változatlan formában jutnak el a vastagbélig, ahol serkentik a hasznos bélbaktériumok (probiotikumok) szaporodását. A prebiotikumok ezen kívül megakadályozzák a kórokozó baktériumok megtapadását a bélfalon, valamint elősegítik egyes ásványi anyagok és nyomelemek felszívódását. A prebiotikumok stabilizálják a bélflórát, így csökken a hasmenéses megbetegedések súlyossága és időtartama, illetve antibiotikumos kezelés esetén csökken a bélrendszeri mellékhatások gyakorisága. Az aktív szenet kókuszhéjból állítják elő, mely a ma ismert legfontosabb természetes eredetű abszorbens, így nagyon jól alkalmazható hasmenés kezelésére, megköti a baktériumokat, toxinokat és védi a bélcsatornát. A dextróz azonnal hasznosuló energiaforrás, megelőzi a vércukorszint csökkenését és minimálisra csökkenti a koplaló állatok energiahiányát. A szorbitol elősegíti a zsírsavak lebomlását, az epesavak képződését és az emésztőenzimek termelődését, valamint fokozza a vitaminok és a tápanyagok felszívódását. A szentjánoskenyér-liszt magas rost, tannin és polifenol tartalma, valamint alacsony fehérje és zsírtartalma révén fejti ki kedvező hatását. Galaktomannánt is tartalmaz, mely száraz tömegének 40-szeresét képes megkötni. Az elektrolitok az őket felépítő ionok révén elősegítik az állat sav-bázis háztartás egyensúlyának biztosítását. Extrém nagy víz- és elektrolit veszteség (például hasmenéssel járó betegségek) esetén ezen anyagok pótlása szükséges megfelelő formában a regenerálódás biztosításához. ÖSSZETÉTEL: Montmorillonit, prebiotikumok (frukto-oligoszacharid), dextróz, szorbitol, nátrium-klorid, nátrium-propionát, kálium-klorid, magnézium-klorid, szentjánoskenyér-liszt, xantángumi, aktív szén, szorbinsav, ízesítő. ADAGOLÁS: Testtömeg (kg)\tNapi adag 40\t2×8 ml Nagyon súlyos hasmenés esetén a fenti adag duplájára emelhető. Az Endia paszta használata általában 1-3 napon keresztül elegendő. Fontos, hogy a tünetek megjelenése esetén alkalmazását minél előbb kezdjük el. Amennyiben kedvence lázas vagy a hasmenés nem csillapodik az Endia hatására, kérjük, haladéktalanul keresse fel állatorvosát! Tovább olvasok"}
{"breadcrumb": "Főoldal/Kutya/Eledelek/Táplálékkiegészítők&vitaminok/EPATO Plus májvédő tabletta 32db", "product_name": "EPATO Plus májvédő tabletta 32dbEPATO Plus májvédő tabletta 32db", "brand": "EpatoFelnőtttablettamájdiéta", "regular_price": "9999", "selling_price": "", "price_per_unit": "1 db=312 Ft", "product_url": "https://webshop.fressnapf.hu/termekek/epato-plus-majvedo-tablett-32db/", "product_description": "Epato 1500 Plus Tabletta Szilimarin és MOS tartalmú májvédő készítmény ÖSSZETÉTELE: máriatövis kivonat (szilimarinban gazdag), lecitin (foszfatidilkolin), élesztő (mannánoligoszacharid és béta-glükán forrás), fruktooligoszacharidok, mikrokapszulázott halolaj (EPA és DHA forrás), alumínium-szilikát ALKALMAZÁSA: Kitűnően alkalmazható primer és szekunder májbetegségek esetén. Támogatja a máj működését hosszantartó antibiotikumos, antimikotikumos kezelés során. Támogatja a máj működését babesiosis, leishmaniosis és erlichiosis elleni kezelés során. Étvágyjavító hatású. o Az antiepilepticumok alkalmazása során megelőzi az autointoxicatio kialakulását. Csökkenti a májban zajló gyulladásos folyamatokat. Normalizálja a lipaemiát, koleszterol és triglicerid szintet. Fokozza a máj méregtelenítő képességét. Nincs mellékhatása. (Ritkán a kezelés első néhány napján enyhe hasmenés előfordulhat az epehólyag ürülése miatt.) TULAJDONSÁGAI, HATÁSAI: A szilimarint a máriatövisből (Silybum marianum) vonják ki. Elősegíti a SOD enzim termelődését, mely védi a sejtmembránban és a riboszomális membránban található lipideket. Így megelőzi az oxidatív stressz által kiváltott májkárosodáskor fellépő membránsérülést. Fokozza a redukált és az összes glutation feldolgozását, így növeli a máj méregtelenítő kapacitását. Fokozza a riboszomális RNS szintézisét, ezáltal elősegíti a máj regenerációját. o Normalizálja a lipaemiát. Gátolja a COX-2 enzimet, amely az arachidonsavból prosztaglandint állít elő (PGE2), ezért gyulladáscsökkentő hatású. A mannán-oligoszacharidokat (MOS) a Saccharomyces cerevisiae sejtfalából állítják elő. A MOS béta-glukánokat is tartalmaznak, melyek fokozzák a T- és B-sejtek és a makrofágok képzését, ily módon elősegítik az immunrendszer működését. Mivel ez a keményítő rendkívül ellenálló, ezért eredeti formájában jut a vastagbélbe, és azonnal fermentálják a hasznos baktériumok, pl. a Bifidobaktériumok. Más egysejtűek, például az Eubaktériumok és a Clostridiumok nem bontanak oligoszacharidokat. A baktériumok eme kedvező erjesztési tulajdonságai elősegítik a hasznos bélbaktériumok szaporodását! A MOS (mannán-oligoszacharidok) képesek megakadályozni a takarmányban található toxinok és a mikotoxinok májkárosító hatását is, mivel elfoglalják a májsejtek receptorait, így a toxinok már nem tudnak a receptorokhoz kötődni. Az alumínium-szilikátok megkötik a nehézfémeket és a mikotoxinokat, miközben nem befolyásolják a vitaminok, ásványi anyagok és aminosavak hasznosulását. A foszfatidilkolin elősegíti a szilimarin felszívódását. ADAGOLÁSA: Epato 1500 Plusz tabletta: 1 tabletta / 20 ttkg / nap. Tovább olvasok"}
{"breadcrumb": "Főoldal/Kutya/Eledelek/Jutalomfalatok&rágcsák/Escapure Hupferl kutya jutalomfalat lóhús 150g", "product_name": "Escapure Hupferl kutya jutalomfalat lóhús 150gEscapure Hupferl kutya jutalomfalat lóhús 150g", "brand": "Escapure101g – 200gFelnőttlótréning falatok", "regular_price": "3299", "selling_price": "", "price_per_unit": "1 kg=21993 Ft", "product_url": "https://webshop.fressnapf.hu/termekek/escapure-hupferl-kutya-jutalomfalat-lohus-150g/", "product_description": "Kutyához illő jutalomfalat sétáltatáskor vagy egy eredményes edzés után! A rágcsálás és rágás a kutya egyik legtermészetesebb ösztöne. Kutyabarát, finom darabokra formázva, kedvencei lelkiismeret-furdalás nélkül lakmározhatnak. A legjobb húsfajták közül választhat, kíméletesen és természetesen szárítva, bükkfa füsttel finomítva. Kiegészítő eledel kutyák számára. Összetétel: 98% levegőn szárított lóhús, 1,5% nyers alma rost, 0,5% tengeri só, allergénmentes. Analitikai összetevők: fehérje 54,5%, zsír 29,6%, hamu 4,9%, nyersrost 2,9%, nedvességtartalom 6,7% Tovább olvasok"}
{"breadcrumb": "Főoldal/Kutya/Eledelek/Jutalomfalatok&rágcsák/Escapure Hupferl kutya jutalomfalat strucc 150g", "product_name": "Escapure Hupferl kutya jutalomfalat strucc 150gEscapure Hupferl kutya jutalomfalat strucc 150g", "brand": "Escapure101g – 200gFelnőttegzotikustréning falatok", "regular_price": "3699", "selling_price": "", "price_per_unit": "1 kg=24660 Ft", "product_url": "https://webshop.fressnapf.hu/termekek/escapure-hupferl-kutya-jutalomfalat-strucc-150g/", "product_description": "Kutyához illő jutalomfalat sétáltatáskor vagy egy eredményes edzés után! A rágcsálás és rágás a kutya egyik legtermészetesebb ösztöne. Kutyabarát, finom darabokra formázva, kedvencei lelkiismeret-furdalás nélkül lakmározhatnak. A legjobb húsfajták közül választhat, kíméletesen és természetesen szárítva, bükkfa füsttel finomítva. Kiegészítő eledel kutyák számára. Összetétel: 98% strucchús levegőn szárítva, 1,5% nyers alma rost, 0,5% tengeri só, allergénmentes. Analitikai összetevők: fehérje 74,5%, zsír 12,9%, hamu 3,9%, nyersrost 1,8%, nedvességtartalom 5,3%. Tovább olvasok"}
{"breadcrumb": "Főoldal/Kutya/Eledelek/Jutalomfalatok&rágcsák/Escapure Hupferl kutya jutalomfalat vadhús 150g", "product_name": "Escapure Hupferl kutya jutalomfalat vadhús 150gEscapure Hupferl kutya jutalomfalat vadhús 150g", "brand": "Escapure101g – 200gFelnőttvadtréning falatok", "regular_price": "2899", "selling_price": "", "price_per_unit": "1 kg=19327 Ft", "product_url": "https://webshop.fressnapf.hu/termekek/escapure-hupferl-kutya-jutalomfalat-vadhus-150g/", "product_description": "Kutyához illő jutalomfalat sétáltatáskor vagy egy eredményes edzés után! A rágcsálás és rágás a kutya egyik legtermészetesebb ösztöne. Kutyabarát, finom darabokra formázva, kedvencei lelkiismeret-furdalás nélkül lakmározhatnak. A legjobb húsfajták közül választhat, kíméletesen és természetesen szárítva, bükkfa füsttel finomítva. Kiegészítő eledel kutyák számára. Összetétel: 98 % Szarvashús 1,5 % Alma nyers rost 0,5 % Tengeri só allergénmentes Analitikai összetevők: fehérje 45%, zsír 25,6%, hamu 19.5%, nyersrost 2,9%, nedvességtartalom 19,5%. Tovább olvasok"}
{"breadcrumb": "Főoldal/Kutya/Eledelek/Jutalomfalatok&rágcsák/Escapure kutya jutalomfalat rágócsík bárány 150g", "product_name": "Escapure kutya jutalomfalat rágócsík bárány 150gEscapure kutya jutalomfalat rágócsík bárány 150g", "brand": "Escapure101g – 200gFelnőttjuh&bárány&kecskerágócsíkok", "regular_price": "2699", "selling_price": "", "price_per_unit": "1 kg=17993 Ft", "product_url": "https://webshop.fressnapf.hu/termekek/escapure-kutya-jutalomfalat-ragocsik-barany-150g/", "product_description": "Húskülönlegesség, kíméletesen és természetesen szárítva és bükkfa füstben finomítva. Hagyományos, bajor finomság az ínyenceknek. A kutyák tudni fogják, miért szeretik annyira az ízét. Kiegészítő eledel kutyák számára. Összetétel: 98% levegőn szárított bárányhús, 1,5% nyers alma rost, 0,5% tengeri só, allergénmentes. Analitikai összetevők: fehérje 54,4%, zsír 29,9%, hamu 4,6%, nyersrost 3,3%, nedvességtartalom 5,9%. Tovább olvasok"}
{"breadcrumb": "Főoldal/Kutya/Eledelek/Jutalomfalatok&rágcsák/Escapure kutya jutalomfalat rágócsík lóhús 150g", "product_name": "Escapure kutya jutalomfalat rágócsík lóhús 150gEscapure kutya jutalomfalat rágócsík lóhús 150g", "brand": "Escapure101g – 200gFelnőttlórágócsíkok", "regular_price": "3299", "selling_price": "", "price_per_unit": "1 kg=21993 Ft", "product_url": "https://webshop.fressnapf.hu/termekek/escapure-kutya-jutalomfalat-ragocsik-lohus-150g/", "product_description": "Húskülönlegesség, kíméletesen és természetesen szárítva és bükkfa füstben finomítva. Hagyományos, bajor finomság az ínyenceknek. A kutyák tudni fogják, miért szeretik annyira az ízét. Kiegészítő eledel kutyák számára. Összetétel: 98% levegőn szárított lóhús, 1,5% nyers alma rost, 0,5% tengeri só, allergénmentes. Analitikai összetevők: fehérje 54,5%, zsír 29,6%, hamu 4,9%, nyersrost 2,9%, nedvességtartalom 6,7%. Tovább olvasok"}
{"breadcrumb": "Főoldal/Kutya/Eledelek/Jutalomfalatok&rágcsák/Escapure kutya jutalomfalat rágócsík marha 150g", "product_name": "Escapure kutya jutalomfalat rágócsík marha 150gEscapure kutya jutalomfalat rágócsík marha 150g", "brand": "Escapure101g – 200gFelnőttmarha&borjúrágócsíkok", "regular_price": "2699", "selling_price": "", "price_per_unit": "1 kg=17993 Ft", "product_url": "https://webshop.fressnapf.hu/termekek/escapure-kutya-jutalomfalat-ragocsik-marha-150g/", "product_description": "Húskülönlegesség, kíméletesen és természetesen szárítva és bükkfa füstben finomítva. Hagyományos, bajor finomság az ínyenceknek. A kutyák tudni fogják, miért szeretik annyira az ízét. Kiegészítő eledel kutyák számára. Összetétel: 98% levegőn szárított marhahús, 1,5% nyers alma rost, 0,5% tengeri só, allergénmentes. Analitikai összetevők: fehérje 53,2%, zsír 32,2%, hamu 3,8%, nyersrost 4,3%, nedvességtartalom 5,6%. Tovább olvasok"}
{"breadcrumb": "Főoldal/Kutya/Eledelek/Jutalomfalatok&rágcsák/Escapure kutya jutalomfalat rágócsík vadhús 150g", "product_name": "Escapure kutya jutalomfalat rágócsík vadhús 150gEscapure kutya jutalomfalat rágócsík vadhús 150g", "brand": "Escapure101g – 200gFelnőttvadrágócsíkok", "regular_price": "2699", "selling_price": "", "price_per_unit": "1 kg=17993 Ft", "product_url": "https://webshop.fressnapf.hu/termekek/escapure-kutya-jutalomfalat-ragocsik-vadhus-150g/", "product_description": "Húskülönlegesség, kíméletesen és természetesen szárítva és bükkfa füstben finomítva. Hagyományos, bajor finomság az ínyenceknek. A kutyák tudni fogják, miért szeretik annyira az ízét. Kiegészítő eledel kutyák számára. Összetétel: 98% levegőn szárított szarvashús, 1,5% nyers alma rost, 0,5% tengeri só, allergénmentes. Analitikai összetevők: fehérje 50,7%, zsír 31,9%, hamu 4,7%, nyersrost 3,9%, nedvességtartalom 7,8%. Tovább olvasok"}
{"breadcrumb": "Főoldal/Kutya/Eledelek/Jutalomfalatok&rágcsák/Escapure Softies kutya jutalomfalat bárány 150g", "product_name": "Escapure Softies kutya jutalomfalat bárány 150gEscapure Softies kutya jutalomfalat bárány 150g", "brand": "Escapure101g – 200gFelnőttgabonamentesjuh&bárány&kecskepuha falatok", "regular_price": "2999", "selling_price": "", "price_per_unit": "1 kg=19993 Ft", "product_url": "https://webshop.fressnapf.hu/termekek/escapure-softies-kutya-jutalomfalat-barany-150g/", "product_description": "Kiegészítő eledel kutyák számára.  Gluténmentes összetevőkből, nem tartalmaz hozzáadott cukrot, aromákat, színezékeket és tartósítószereket. Természetesen és kíméletesen szárított, bükkfafüstben nemesített bárányhússal. Összetétel: 98% bárányhús, 1,5% almarost, 0,5% allergénmentes tengeri só. Analitikai összetevők: fehérje 45,1%, zsír 26%, nyershamu 5,8%, nyersrost 2,6%, nedvességtartalom 19,4%. Etetési útmutató: az ajánlott napi mennyiség 10-15 db. Tovább olvasok"}
{"breadcrumb": "Főoldal/Kutya/Eledelek/Jutalomfalatok&rágcsák/Escapure Softies kutya jutalomfalat lóhús 150g", "product_name": "Escapure Softies kutya jutalomfalat lóhús 150gEscapure Softies kutya jutalomfalat lóhús 150g", "brand": "Escapure101g – 200gFelnőttlópuha falatok", "regular_price": "2999", "selling_price": "", "price_per_unit": "1 kg=19993 Ft", "product_url": "https://webshop.fressnapf.hu/termekek/escapure-softies-kutya-jutalomfalat-lohus-150g/", "product_description": "A friss húst kutyabarát módon formázzák, kíméletesen és természetesen levegőn szárítják, majd bükkfa füstben finomítják. A Softies tökéletes jutalomfalat edzés vagy séta közben – kölyökkutyáknak és idősebb kutyáknak is ideális. Kiegészítő eledel kutyák számára. Összetétel: 98% lóhús, 1,5% nyers alma rost, 0,5% tengeri só allergénmentes, 0,24g 150g-onként 0,24g C-vitamin / szorbát. Analitikai összetevők: fehérje 44,7%, zsír 25,3%, hamu 5,8%, nyersrost 2,8%, nedvességtartalom 20,4%. Tovább olvasok"}
{"breadcrumb": "Főoldal/Kutya/Eledelek/Jutalomfalatok&rágcsák/Escapure Softies kutya jutalomfalat vad 150g", "product_name": "Escapure Softies kutya jutalomfalat vad 150gEscapure Softies kutya jutalomfalat vad 150g", "brand": "Escapure101g – 200gFelnőttgabonamentesvadpuha falatok", "regular_price": "2999", "selling_price": "", "price_per_unit": "1 kg=19993 Ft", "product_url": "https://webshop.fressnapf.hu/termekek/escapure-softies-kutya-jutalomfalat-vad-150g/", "product_description": "Kiegészítő eledel kutyák számára, bármely életkorban. Természetesen, kímélő szárítással és füstöléssel készült, puha húsfalatok. Ideális jutalomfalat kiképzéshez vagy sétához. Összetétel: 98% vadhús, 1,5% nyers almarost, 0,5% allergénmentes tengeri só; 150g-onként 0,24 g C-vitamin/szorbát. Analitikai összetevők: fehérje 45%, zsírtartalom 25,6%, nyershamu 5,6%, nyersrost 2,9%, nedvességtar-talom 19,5%. Etetési javaslat: kiegészítőként, a fő étkezések között. A fő eledel mennyisége igény szerint csökkentendő. Tovább olvasok"}
{"breadcrumb": "Főoldal/Kutya/Eledelek/Száraz eledelek/Eukanuba Daily Care Small&Medium száraz kutyaeledel súlykontroll 2,3kg", "product_name": "Eukanuba Daily Care Small&Medium száraz kutyaeledel súlykontroll 2,3kgEukanuba Daily Care Small&Medium száraz kutyaeledel súlykontroll 2,3kg", "brand": "EukanubaFelnőttszárnyassúlycsökkentő diétaDaily Care", "regular_price": "9 999", "selling_price": "8 999", "price_per_unit": "1 kg=2782 Ft", "product_url": "https://webshop.fressnapf.hu/termekek/eukanuba-daily-care-smallmedium-szaraz-kutyaeledel-sulykontroll-23kg/", "product_description": "Az Eukanuba Daily Care kis- és közepes testű kutyák testsúlyszabályozására kifejlesztett kutyatáp 30%-kal kevesebb zsírt tartalmaz (az Eukanuba közepes testű, felnőtt kutyáknak szánt tápjához képest), hogy kutyája megőrizhesse egészséges testsúlyát. A hozzáadott L-karnitin még tovább segíti az egészséges testsúlykezelést. A kalcium és a glükózamin támogatja a csontok és ízületek egészségét, és hozzájárul az ízületek mozgékonyságának fenntartásához. A száraz táp természetes omega-6 és omega-3 forrásokat is tartalmaz az egészséges bőr és szőrzet megőrzése érdekében. L-karnitinnal az egészséges testsúly megőrzéséhez Kalcium és glükózamin: az egészséges csontok és ízületek támogatásáért Természetes omega-6 és omega-3 források az egészséges bőrért és szőrzetért Különleges formájú falatok egyedi DentaDefense technológiával a fogak tisztán tartása és egészsége érdekében Friss csirkehúst tartalmaz, így támogatja a száraz izomzatot Prebiotikumok és cukorrépapép az egészséges emésztés támogatásáért Összetétel: Kukorica, szárított csirke és pulyka (15%, természetes forrású glükozamin és kondroitin-szulfát), árpa, cirok, búza, friss csirke (10%), szárított cukorrépapép (3.1%), halliszt, baromfizsír, csirke szaftos lében, ásványi anyagok (tartalmaz nátrium-hexametafoszfát 0.36%), szárított egész tojás, lenmag, frukto-oligoszacharidok (0.26%), szárított sörélesztő, glükozamin (állati szövetekből) (0.04%). Analitikai összetevők: Fehérje 21.0%, Zsírtartalom 9%, Omega-6 zsírsavak 2.13%, Omega-3 zsírsavak 0.33% , Nyershamu 7%, Nyersrost 2.5%, Kalcium 1.45%, Foszfor\t 1.11% Adalékanyagok: *(/kg) Vitaminokat: A-vitamin: 47752IU/kg, D₃-vitamin: 1585IU/kg, E-vitamin: 265mg/kg, L-karnitin: 50mg/kg, β-karotin: 5.2mg/kg. Nyomelemek: réz(II)-szulfát-pentahidrát (réz): 11mg/kg, kálium-jodid (jód): 2.1mg/kg, vas (II)-szulfát-monohidrát (vas): 57mg, mangán-szulfát-monohidrát (mangán): 33mg, cink-oxid (cink): 95mg, nátrium-szelenit (szelén): 0.09mg. *A gyártás során hozzáadott kiegészítők. Tovább olvasok"}
{"breadcrumb": "Főoldal/Kutya/Eledelek/Száraz eledelek/Eukanuba Daily Care száraz kutyaeledel emésztőrendszeri problémákra 12kg", "product_name": "Eukanuba Daily Care száraz kutyaeledel emésztőrendszeri problémákra 12kgEukanuba Daily Care száraz kutyaeledel emésztőrendszeri problémákra 12kg", "brand": "Eukanuba10,1 – 12kgFelnőttszárnyasérzékeny emésztésűDaily Care", "regular_price": "3 799", "selling_price": "3 299", "price_per_unit": "1 kg=1833 Ft", "product_url": "https://webshop.fressnapf.hu/termekek/eukanuba-daily-care-szaraz-kutyaeledel-emesztorendszeri-problemakra-12kg/", "product_description": "Eukanuba Daily Care érzékeny emésztésre kifejlesztett száraz kutyatáp könnyen emészthető rizzsel az érzékeny gyomrú kutyák számára. A prebiotikus frukto-oligoszacharid (FOS) és mannán-oligoszacharid (MOS), butirát és répapép különleges keveréke segíti az egészséges emésztést. A természetes omega-6 és omega-3 források a bőr és a szőrzet egészségének megőrzését támogatják. A különleges hatszögletű forma az egyedülálló DentaDefense technológiával együtt segít tisztán és egészségesen tartani a fogakat. Az Eukanuba Daily Care érzékeny emésztésre kifejlesztett száraz kutyatáp friss csirkehúst tartalmaz, így támogatva a száraz és erős izomszövetet. A 100%-ban teljes és kiegyensúlyozott táp minden fajta kutya számára ideális. Összetétel: Szárított csirke és pulyka (21% tartalmaz 13% csirke), rizs (21%), kukorica, cirok, sertészsír, friss csirke (4%), szárított cukorrépapép (3.3%), ásványi anyagok (tartalmaz nátrium-hexametafoszfát 0.38%), halliszt, csirke szaftos lében, szárított egész tojás, frukto-oligoszacharidok (0.4%), mannán-oligoszacharidok (0.14%), szárított sörélesztő, mikrokapszulázott nátrium-butirát (0.1%), lenmag. Analitikai összetevők: Fehérje 22.5%, Zsírtartalom 12.5%, Omega-6 zsírsavak 2.2%, Omega-3 zsírsavak 0.23%, Nyershamu 7.6%, Nyersrost 1.6%, Kalcium 1.4%, Foszfor 1.1% Adalékanyagok: *(/kg): Vitaminokat: A-vitamin: 47877IU, D₃-vitamin: 1589IU, E-vitamin: 266mg, β-karotin: 5.2mg. Nyomelemek: réz (aminosavak réz(II)-keláthidrátja): 11mg, jód (kalcium-jodát, vízmentes): 2.3mg, vas (aminosavak vas(II)-keláthidrátja): 61mg, mangán (az aminosavhidrátok-mangánkelátja): 35mg, cink (aminosavak cink-kelátja, hidrát): 101mg, szelén (nátrium-szelenit): 0.09mg. *A gyártás során hozzáadott kiegészítők. Tovább olvasok"}
{"breadcrumb": "Főoldal/Kutya/Eledelek/Száraz eledelek/Eukanuba Daily Care száraz kutyaeledel emésztőrendszeri problémára 2,3kg", "product_name": "Eukanuba Daily Care száraz kutyaeledel emésztőrendszeri problémára 2,3kgEukanuba Daily Care száraz kutyaeledel emésztőrendszeri problémára 2,3kg", "brand": "Eukanuba1,1kg – 4kgFelnőttérzékeny emésztésűDaily Care", "regular_price": "3 799", "selling_price": "3 299", "price_per_unit": "1 kg=3173 Ft", "product_url": "https://webshop.fressnapf.hu/termekek/eukanuba-daily-care-szaraz-kutyaeledel-emesztorendszeri-problemara-23kg/", "product_description": "Eukanuba Daily Care érzékeny emésztésre kifejlesztett száraz kutyatáp könnyen emészthető rizzsel az érzékeny gyomrú kutyák számára. A prebiotikus frukto-oligoszacharid (FOS) és mannán-oligoszacharid (MOS), butirát és répapép különleges keveréke segíti az egészséges emésztést. A természetes omega-6 és omega-3 források a bőr és a szőrzet egészségének megőrzését támogatják. A különleges hatszögletű forma az egyedülálló DentaDefense technológiával együtt segít tisztán és egészségesen tartani a fogakat. Az Eukanuba Daily Care érzékeny emésztésre kifejlesztett száraz kutyatáp friss csirkehúst tartalmaz, így támogatva a száraz és erős izomszövetet. A 100%-ban teljes és kiegyensúlyozott táp minden fajta kutya számára ideális. Összetétel: Szárított csirke és pulyka (21% tartalmaz 13% csirke), rizs (21%), kukorica, cirok, sertészsír, friss csirke (4%), szárított cukorrépapép (3.3%), ásványi anyagok (tartalmaz nátrium-hexametafoszfát 0.38%), halliszt, csirke szaftos lében, szárított egész tojás, frukto-oligoszacharidok (0.4%), mannán-oligoszacharidok (0.14%), szárított sörélesztő, mikrokapszulázott nátrium-butirát (0.1%), lenmag. Analitikai összetevők: Fehérje 22.5%, Zsírtartalom 12.5%, Omega-6 zsírsavak 2.2%, Omega-3 zsírsavak 0.23%, Nyershamu 7.6%, Nyersrost 1.6%, Kalcium 1.4%, Foszfor 1.1% Adalékanyagok(/kg): Vitaminok: A-vitamin: 47877IU, D₃-vitamin: 1589IU, E-vitamin: 266mg, β-karotin: 5.2mg. Nyomelemek: réz (aminosavak réz(II)-keláthidrátja): 11mg, jód (kalcium-jodát, vízmentes): 2.3mg, vas (aminosavak vas(II)-keláthidrátja): 61mg, mangán (az aminosavhidrátok-mangánkelátja): 35mg, cink (aminosavak cink-kelátja, hidrát): 101mg, szelén (nátrium-szelenit): 0.09mg. Tovább olvasok"}
{"breadcrumb": "Főoldal/Kutya/Eledelek/Száraz eledelek/Eukanuba Daily Care száraz kutyaeledel érzékeny bőrre 2,3kg", "product_name": "Eukanuba Daily Care száraz kutyaeledel érzékeny bőrre 2,3kgEukanuba Daily Care száraz kutyaeledel érzékeny bőrre 2,3kg", "brand": "Eukanuba1,1kg – 4kgFelnőttbőr&szőr ápolóDaily Care", "regular_price": "9 999", "selling_price": "8 999", "price_per_unit": "1 kg=2608 Ft", "product_url": "https://webshop.fressnapf.hu/termekek/eukanuba-daily-care-szaraz-kutyaeledel-erzekeny-borre-23kg/", "product_description": "Eukanuba Daily Care száraz kutyatáp érzékeny bőrű kutyák számára; az összeállításakor korlátoztuk az olyan összetevők mennyiségét, amelyek viszketést vagy vakaródzást okozhatnak. Az eledel hipoallergén [gabonát is feldolgozó gyárban készül],  kifejezetten érzékeny kutyák számára fejlesztettük ki , ezért csak egyetlen fehérjeforrást (hal) tartalmaz. Az összetétel emellett omega-6 és omega-3 forrásokat is tartalmaz a bőr és a szőrzet egészségének megőrzése érdekében. A különleges hatszögletű forma az egyedülálló DentaDefense technológiával együtt a fogak tisztaságáról és egészségéről gondoskodik. Az Eukanuba Daily Care érzékeny bőrű kutyáknak kifejlesztett száraz kutyatáp halban gazdag. Ez a természetes, kiváló minőségű fehérjeforrás elősegíti a száraz és erős izomszövet fenntartását. A prebiotikumok és a cukorrépapép testre szabott keveréke az egészséges emésztést segíti. A 100%-ban teljes és kiegyensúlyozott táp minden fajtájú felnőtt kutya számára ideális. Összetétel: Kukorica, halliszt (22%), sertészsír, szárított cukorrépapép (2.9%), hal szaftos lében, ásványi anyagok (tartalmaz nátrium-hexametafoszfát 0.38%), frukto-oligoszacharidok (0.28%), szárított sörélesztő. Analitikai összetevők: Fehérje 22.0%, Zsírtartalom 14.0%, Omega-6 zsírsavak 2.23%, Omega-3 zsírsavak 0.62%, Nyershamu 5.8%, Nyersrost 1.8%, Kalcium 0.95%, Foszfor 0.79% Adalékanyagok(/kg): Vitaminok: A-vitamin: 46801IU, D₃-vitamin: 1553IU, E-vitamin: 260mg, β-karotin: 5.1mg. Nyomelemek: réz (aminosavak réz(II)-keláthidrátja): 13mg, jód (kalcium-jodát, vízmentes): 2.6mg, vas (aminosavak vas(II)-keláthidrátja): 69mg, mangán (az aminosavhidrátok-mangánkelátja): 40mg, cink (aminosavak cink-kelátja, hidrát): 115mg. Tovább olvasok"}
{"breadcrumb": "Főoldal/Kutya/Eledelek/Száraz eledelek/Eukanuba Daily Care száraz kutyaeledel ízületek 2,3kg", "product_name": "Eukanuba Daily Care száraz kutyaeledel ízületek 2,3kgEukanuba Daily Care száraz kutyaeledel ízületek 2,3kg", "brand": "Eukanuba1,1kg – 4kgFelnőttízület védelemDaily Care", "regular_price": "11 499", "selling_price": "9 999", "price_per_unit": "1 kg=2521 Ft", "product_url": "https://webshop.fressnapf.hu/termekek/eukanuba-daily-care-szaraz-kutyaeledel-izuletek-23kg/", "product_description": "Eukanuba Daily Care száraz kutyatáp ízületi panaszoktól szenvedő, érzékeny ízületű kutyák számára. A hozzáadott glükózamin és kondroitin segít az ízületek egészségének megőrzésében, és elősegíti az aktív mozgékonyságot. Emellett a tápban lévő L-karnitin támogatja az egészséges súlykezelést és csökkenti az ízületek megterhelését. A tápszemek különleges hatszögletű formájuknak és az egyedülálló DentaDefense technológiának köszönhetően segítenek megőrizni a fogak tisztaságát és egészségét. Az Eukanuba Daily Care érzékeny ízületekre kifejlesztett száraz kutyatáp friss csirkehússal segíti a száraz és erős izomszövet fejlődését. A prebiotikumokból és cukorrépapépből álló, igényekre szabott rostkeverék az egészséges emésztést segíti. A 100%-ban teljes és kiegyensúlyozott eledel minden fajtájú felnőtt kutya számára ideális. Összetétel: Szárított csirke és pulyka (23%), kukorica, búza, árpa, cirok, friss csirke (4%), sertészsír, szárított cukorrépapép (2.8%), csirke szaftos lében, ásványi anyagok (tartalmaz nátrium-hexametafoszfát 0.37%), szárított egész tojás, halliszt, halolaj, lenmag, frukto-oligoszacharidok (0.27%), metil-szulfonil-metán (0.13%), szárított sörélesztő, glükozamin (állati szövetekből) (562mg/kg), kondroitin-szulfát (56mg/kg). Analitikai összetevők: Fehérje 24.0%, Zsírtartalom 13.0%, Omega-6 zsírsavak 2.18%, Omega-3 zsírsavak 0.44%, Nyershamu 6.9%, Nyersrost 2.2%, Kalcium 1.4%, Foszfor 1.1% Adalékanyagok(/kg): Vitaminok: A-vitamin: 47482IU, D₃-vitamin: 1576IU, E-vitamin: 264mg, L-karnitin: 50mg, β-karotin: 5.2mg. Nyomelemek: réz (aminosavak réz(II)-keláthidrátja): 12mg, jód (kalcium-jodát, vízmentes): 2.4mg, vas (aminosavak vas(II)-keláthidrátja): 63mg, mangán (az aminosavhidrátok-mangánkelátja): 36mg, cink (aminosavak cink-kelátja, hidrát): 104mg, szelén (nátrium-szelenit): 0.09mg. Tovább olvasok"}
{"breadcrumb": "Főoldal/Kutya/Eledelek/Száraz eledelek/Eukanuba Daily Care száraz kutyaeledel ízületi problémákra 12kg", "product_name": "Eukanuba Daily Care száraz kutyaeledel ízületi problémákra 12kgEukanuba Daily Care száraz kutyaeledel ízületi problémákra 12kg", "brand": "Eukanuba10,1 – 12kgFelnőttszárnyasízület védelemDaily Care", "regular_price": "11 499", "selling_price": "9 999", "price_per_unit": "1 kg=1750 Ft", "product_url": "https://webshop.fressnapf.hu/termekek/eukanuba-daily-care-szaraz-kutyaeledel-izuleti-problemakra-12kg/", "product_description": "Eukanuba Daily Care száraz kutyatáp ízületi panaszoktól szenvedő, érzékeny ízületű kutyák számára. A hozzáadott glükózamin és kondroitin segít az ízületek egészségének megőrzésében, és elősegíti az aktív mozgékonyságot. Emellett a tápban lévő L-karnitin támogatja az egészséges súlykezelést és csökkenti az ízületek megterhelését. A tápszemek különleges hatszögletű formájuknak és az egyedülálló DentaDefense technológiának köszönhetően segítenek megőrizni a fogak tisztaságát és egészségét. Az Eukanuba Daily Care érzékeny ízületekre kifejlesztett száraz kutyatáp friss csirkehússal segíti a száraz és erős izomszövet fejlődését. A prebiotikumokból és cukorrépapépből álló, igényekre szabott rostkeverék az egészséges emésztést segíti. A 100%-ban teljes és kiegyensúlyozott eledel minden fajtájú felnőtt kutya számára ideális. Összetétel: Szárított csirke és pulyka (23%), kukorica, búza, árpa, cirok, friss csirke (4%), sertészsír, szárított cukorrépapép (2.8%), csirke szaftos lében, ásványi anyagok (tartalmaz nátrium-hexametafoszfát 0.37%), szárított egész tojás, halliszt, halolaj, lenmag, frukto-oligoszacharidok (0.27%), metil-szulfonil-metán (0.13%), szárított sörélesztő, glükozamin (állati szövetekből) (562mg/kg), kondroitin-szulfát (56mg/kg). Analitikai összetevők: Fehérje 24.0%, Zsírtartalom 13.0%, Omega-6 zsírsavak 2.18%, Omega-3 zsírsavak 0.44%, Nyershamu 6.9%, Nyersrost 2.2%, Kalcium 1.4%, Foszfor 1.1% Adalékanyagok: *(/kg): Vitaminokat: A-vitamin: 47482IU, D₃-vitamin: 1576IU, E-vitamin: 264mg, L-karnitin: 50mg, β-karotin: 5.2mg. Nyomelemek: réz (aminosavak réz(II)-keláthidrátja): 12mg, jód (kalcium-jodát, vízmentes): 2.4mg, vas (aminosavak vas(II)-keláthidrátja): 63mg, mangán (az aminosavhidrátok-mangánkelátja): 36mg, cink (aminosavak cink-kelátja, hidrát): 104mg, szelén (nátrium-szelenit): 0.09mg. *A gyártás során hozzáadott kiegészítők. Tovább olvasok"}
{"breadcrumb": "Főoldal/Kutya/Eledelek/Száraz eledelek/Eukanuba Daily Care száraz kutyaeledel súlycsökkentő&steril 12kg", "product_name": "Eukanuba Daily Care száraz kutyaeledel súlycsökkentő&steril 12kgEukanuba Daily Care száraz kutyaeledel súlycsökkentő&steril 12kg", "brand": "Eukanuba10,1 – 12kgFelnőttszárnyassúlycsökkentő diétaDaily Care", "regular_price": "3 799", "selling_price": "3 299", "price_per_unit": "1 kg=1858 Ft", "product_url": "https://webshop.fressnapf.hu/termekek/eukanuba-daily-care-szaraz-kutyaeledel-sulycsokkentosteril-12kg/", "product_description": "Az Eukanuba Daily Care túlsúlyos és ivartalanított kutyák számára kifejlesztett száraz kutyatáp 50%-kal kevesebb zsírt tartalmaz (az Eukanuba közepes testű, felnőtt kutyáknak szánt tápjához képest), hogy a száraz izomszövet megőrzése mellett csökkentse a testzsírt. A hozzáadott L-karnitinnak köszönhetően még jobban támogatja az egészséges testsúlykezelést, és elősegíti az ízületi terhelés csökkentését is. Ezenkívül természetes glükózamin- és kalciumforrásokat is tartalmaz, amelyek az egészséges ízületek és az ízületi mozgékonyság megőrzésével lehetővé teszik, hogy a kutyák aktív életet élhessenek. A száraz táp természetes omega-6 és omega-3 forrásokat is tartalmaz a bőr és a szőrzet egészségének megőrzése érdekében. A különleges hatszögletű forma az egyedülálló DentaDefense technológiával együtt tisztán és egészségesen tartja a fogakat. Az Eukanuba Daily Care túlsúlyos és ivartalanított kutyák számára kifejlesztett száraz kutyatáp friss csirkehúst tartalmaz, így támogatva a sovány és erős izmokat. A prebiotikumok és a répapép testre szabott rostkeveréke az egészséges emésztést is elősegíti. A 100%-ban teljes és kiegyensúlyozott táp minden fajtájú felnőtt kutya számára ideális. Összetétel: Szárított csirke és pulyka (18%, természetes forrású glükozamin és kondroitin-szulfát), kukorica, búza, cirok, árpa, szárított almatörköly, friss csirke (4%), szárított cukorrépapép (3.7%), halliszt, csirke szaftos lében, baromfizsír, ásványi anyagok (tartalmaz nátrium-hexametafoszfát 0.36%), szárított egész tojás, frukto-oligoszacharidok (0.27%), lenmag, halolaj, szárított sörélesztő, glükozamin (állati szövetekből) (0.04%). Analitikai összetevők: Fehérje 22.0%, Zsírtartalom 7.5%, Omega-6 zsírsavak 1.75%, Omega-3 zsírsavak 0.3%, Nyershamu 7.5%, Nyersrost 4.0%, Kalcium 1.45%, Foszfor 1.1% Adalékanyagok: *(/kg): Vitaminokat: A-vitamin: 48088IU, D₃-vitamin: 1596IU, E-vitamin: 267mg, L-karnitin: 49.3mg, β-karotin: 5.2mg. Nyomelemek: réz (aminosavak réz(II)-keláthidrátja): 11mg, jód (kalcium-jodát, vízmentes): 2.3mg, vas (aminosavak vas(II)-keláthidrátja): 60mg, mangán(az aminosavhidrátok-mangánkelátja): 35mg, cink (aminosavak cink-kelátja, hidrát): 100mg, szelén (nátrium-szelenit): 0.1mg. *A gyártás során hozzáadott kiegészítők. Tovább olvasok"}
{"breadcrumb": "Főoldal/Kutya/Eledelek/Száraz eledelek/Eukanuba Daily Care száraz kutyaeledel súlycsökkentő&steril 2,3kg", "product_name": "Eukanuba Daily Care száraz kutyaeledel súlycsökkentő&steril 2,3kgEukanuba Daily Care száraz kutyaeledel súlycsökkentő&steril 2,3kg", "brand": "Eukanuba1,1kg – 4kgFelnőtthízásra hajlamosDaily Care", "regular_price": "9 999", "selling_price": "8 999", "price_per_unit": "1 kg=2608 Ft", "product_url": "https://webshop.fressnapf.hu/termekek/eukanuba-daily-care-szaraz-kutyaeledel-sulycsokkentosteril-23kg/", "product_description": "Az Eukanuba Daily Care túlsúlyos és ivartalanított kutyák számára kifejlesztett száraz kutyatáp 50%-kal kevesebb zsírt tartalmaz (az Eukanuba közepes testű, felnőtt kutyáknak szánt tápjához képest), hogy a száraz izomszövet megőrzése mellett csökkentse a testzsírt. A hozzáadott L-karnitinnak köszönhetően még jobban támogatja az egészséges testsúlykezelést, és elősegíti az ízületi terhelés csökkentését is. Ezenkívül természetes glükózamin- és kalciumforrásokat is tartalmaz, amelyek az egészséges ízületek és az ízületi mozgékonyság megőrzésével lehetővé teszik, hogy a kutyák aktív életet élhessenek. A száraz táp természetes omega-6 és omega-3 forrásokat is tartalmaz a bőr és a szőrzet egészségének megőrzése érdekében. A különleges hatszögletű forma az egyedülálló DentaDefense technológiával együtt tisztán és egészségesen tartja a fogakat. Az Eukanuba Daily Care túlsúlyos és ivartalanított kutyák számára kifejlesztett száraz kutyatáp friss csirkehúst tartalmaz, így támogatva a sovány és erős izmokat. A prebiotikumok és a répapép testre szabott rostkeveréke az egészséges emésztést is elősegíti. A 100%-ban teljes és kiegyensúlyozott táp minden fajtájú felnőtt kutya számára ideális. Összetétel: Szárított csirke és pulyka (18%, természetes forrású glükozamin és kondroitin-szulfát), kukorica, búza, cirok, árpa, szárított almatörköly, friss csirke (4%), szárított cukorrépapép (3.7%), halliszt, csirke szaftos lében, baromfizsír, ásványi anyagok (tartalmaz nátrium-hexametafoszfát 0.36%), szárított egész tojás, frukto-oligoszacharidok (0.27%), lenmag, halolaj, szárított sörélesztő, glükozamin (állati szövetekből) (0.04%). Analitikai összetevők: Fehérje 22.0%, Zsírtartalom 7.5%, Omega-6 zsírsavak 1,75%, Omega-3 zsírsavak 0.3%, Nyershamu 7.5%, Nyersrost 4.0%, Kalcium 1.45%, Foszfor 1.1% Adalékanyagok(/kg): Vitaminok: A-vitamin: 48088IU, D₃-vitamin: 1596IU, E-vitamin: 267mg, L-karnitin: 49.3mg, β-karotin: 5.2mg. Nyomelemek: réz (aminosavak réz(II)-keláthidrátja): 11mg, jód (kalcium-jodát, vízmentes): 2.3mg, vas (aminosavak vas(II)-keláthidrátja): 60mg, mangán(az aminosavhidrátok-mangánkelátja): 35mg, cink (aminosavak cink-kelátja, hidrát): 100mg, szelén (nátrium-szelenit): 0.1mg. Tovább olvasok"}
{"breadcrumb": "Főoldal/Kutya/Eledelek/Száraz eledelek/Eukanuba Grain Free Large Breed száraz kutyaeledel adult hal 12kg", "product_name": "Eukanuba Grain Free Large Breed száraz kutyaeledel adult hal 12kgEukanuba Grain Free Large Breed száraz kutyaeledel adult hal 12kg", "brand": "Eukanuba10,1 – 12kgFelnőtthal&tenger gyümölcseigabonamentesnagytestű 26kg-tól", "regular_price": "3 799", "selling_price": "3 299", "price_per_unit": "1 kg=2067 Ft", "product_url": "https://webshop.fressnapf.hu/termekek/eukanuba-grain-free-large-breed-szaraz-kutyaeledel-adult-hal-12kg/", "product_description": "Az Eukanuba Grain Free* nagytestű felnőtt kutyáknak szánt tápja allergénszegély receptúra alapján készül, gondosan kerülve a leggyakoribb allergéneket. A gondoskodó összetétel gluténmentes* édesburgonyát tartalmaz, amely a rostok, esszenciális vitaminok és antioxidánsok természetes forrása. A csirkehúsmentes receptúra kizárólag halat tartalmaz állati fehérjeforrásként. A tengeri halakban és frissen fagyasztott lazacban gazdag eledel ellátja kutyáját az erős és sovány izomzat felépítéséhez és megőrzéséhez szükséges állati fehérjével. A táp prebiotikus frukto-oligoszacharidokkal és cukorrépapéppel támogatja az egészséges emésztést. A borsó és az édesburgonya alternatív szénhidrátforrásként szolgál. Emellett a természetes omega-6 és omega-3 zsírsavforrások elősegítik az egészséges bőr és fényes szőrzet megőrzését, a kalcium és a glukozamin pedig támogatja a csontok és az ízületek egészségét. A felnőtt, nagytestű kutyák igényeire szabott receptúránk ráadásul különleges formájú falatkáinak és az egyedülálló DentaDefense technológiának köszönhetően kutyája fogainak tisztaságát és egészségét is megőrzi. A felnőtt, nagytestű kutyáknak szánt Eukanuba Grain Free* 100%-ban teljes értékű, kiegyensúlyozott eledel, amely gondoskodik kedvence általános jóllétéről. *Gabonát is feldolgozó üzemben készült. Összetétel: Tengeri halliszt (20%, omega-3 zsírsavak természetes forrása), burgonya, édesburgonya (18%), borsó-keményítő, sertészsír, egész borsó, friss lazac (4%), lazacliszt (4%), szárított cukorrépapép (2,9%), hal szaftos lében, napraforgó-olaj, ásványi anyagok (tartalmaz nátrium-hexametafoszfát 0,39%), sörélesztő, frukto-oligoszacharidok (0,28%, természetes prebiotikum), glükozamin (állati szövetekből) (450mg/kg). Analitikai összetevők: Fehérje 24 %, Zsírtartalom 13 %, Omega-6 zsírsavak 2,3 %, Omega-3 zsírsavak 0,84 %, Nyershamu 6,7 %, Nyersrost 2,5 %, Kalcium 0,97%, Foszfor 0,81 % Adalékanyagok: *(/kg) Vitaminokat: A-vitamin 59737IU, C-vitamin 61mg, D₃-vitamin 1041IU, E-vitamin 213mg, béta-karotin 2.3mg. Nyomelemek: réz(II)-szulfát-pentahidrát (réz) 12mg, kálium-jodid (jód) 2.4mg, mangán-szulfát-monohidrát (mangán) 36mg, cink-oxid (cink) 105mg, vas (II)-szulfát-monohidrát (vas) 63mg. Antioxidánsok: (természetes) növényi olajból származó tokoferol-kivonat 36mg. Aromaanyagok: organikus rozmaring-kivonat 18mg, teakivonat 9mg. *A gyártás során hozzáadott kiegészítők. Tovább olvasok"}
{"breadcrumb": "Főoldal/Kutya/Eledelek/Száraz eledelek/Eukanuba Grain Free Large Breed száraz kutyaeledel adult hal 3kg", "product_name": "Eukanuba Grain Free Large Breed száraz kutyaeledel adult hal 3kgEukanuba Grain Free Large Breed száraz kutyaeledel adult hal 3kg", "brand": "Eukanuba1,1kg – 4kgFelnőtthal&tenger gyümölcseigabonamentesnagytestű 26kg-tól", "regular_price": "3 399", "selling_price": "2 999", "price_per_unit": "1 kg=2133 Ft", "product_url": "https://webshop.fressnapf.hu/termekek/eukanuba-grain-free-large-breed-szaraz-kutyaeledel-adult-hal-3kg/", "product_description": "Az Eukanuba Grain Free* nagytestű felnőtt kutyáknak szánt tápja allergénszegély receptúra alapján készül, gondosan kerülve a leggyakoribb allergéneket. A gondoskodó összetétel gluténmentes* édesburgonyát tartalmaz, amely a rostok, esszenciális vitaminok és antioxidánsok természetes forrása. A csirkehúsmentes receptúra kizárólag halat tartalmaz állati fehérjeforrásként. A tengeri halakban és frissen fagyasztott lazacban gazdag eledel ellátja kutyáját az erős és sovány izomzat felépítéséhez és megőrzéséhez szükséges állati fehérjével. A táp prebiotikus frukto-oligoszacharidokkal és cukorrépapéppel támogatja az egészséges emésztést. A borsó és az édesburgonya alternatív szénhidrátforrásként szolgál. Emellett a természetes omega-6 és omega-3 zsírsavforrások elősegítik az egészséges bőr és fényes szőrzet megőrzését, a kalcium és a glukozamin pedig támogatja a csontok és az ízületek egészségét. A felnőtt, nagytestű kutyák igényeire szabott receptúránk ráadásul különleges formájú falatkáinak és az egyedülálló DentaDefense technológiának köszönhetően kutyája fogainak tisztaságát és egészségét is megőrzi. A felnőtt, nagytestű kutyáknak szánt Eukanuba Grain Free* 100%-ban teljes értékű, kiegyensúlyozott eledel, amely gondoskodik kedvence általános jóllétéről. *Gabonát is feldolgozó üzemben készült. Összetétel: Tengeri halliszt (20%, omega-3 zsírsavak természetes forrása), burgonya, édesburgonya (18%), borsó-keményítő, sertészsír, egész borsó, friss lazac (4%), lazacliszt (4%), szárított cukorrépapép (2,9%), hal szaftos lében, napraforgó-olaj, ásványi anyagok (tartalmaz nátrium-hexametafoszfát 0,39%), sörélesztő, frukto-oligoszacharidok (0,28%, természetes prebiotikum), glükozamin (állati szövetekből) (450mg/kg). Analitikai összetevők: Fehérje 24 %, Zsírtartalom 13 %, Omega-6 zsírsavak 2,3 %, Omega-3 zsírsavak 0,84 %, Nyershamu 6,7 %, Nyersrost 2,5 %, Kalcium 0,97%, Foszfor 0,81 % Adalékanyagok: *(/kg) Vitaminokat: A-vitamin 59737IU, C-vitamin 61mg, D₃-vitamin 1041IU, E-vitamin 213mg, béta-karotin 2.3mg. Nyomelemek: réz(II)-szulfát-pentahidrát (réz) 12mg, kálium-jodid (jód) 2.4mg, mangán-szulfát-monohidrát (mangán) 36mg, cink-oxid (cink) 105mg, vas (II)-szulfát-monohidrát (vas) 63mg. Antioxidánsok: (természetes) növényi olajból származó tokoferol-kivonat 36mg. Aromaanyagok: organikus rozmaring-kivonat 18mg, teakivonat 9mg. *A gyártás során hozzáadott kiegészítők. Tovább olvasok"}
{"breadcrumb": "Főoldal/Kutya/Eledelek/Száraz eledelek/Eukanuba Grain Free Large Breed száraz kutyaeledel puppy hal 12kg", "product_name": "Eukanuba Grain Free Large Breed száraz kutyaeledel puppy hal 12kgEukanuba Grain Free Large Breed száraz kutyaeledel puppy hal 12kg", "brand": "Eukanuba10,1 – 12kgKölyökhal&tenger gyümölcseigabonamentesnagytestű 26kg-tól", "regular_price": "11 499", "selling_price": "9 999", "price_per_unit": "1 kg=2000 Ft", "product_url": "https://webshop.fressnapf.hu/termekek/eukanuba-grain-free-large-breed-szaraz-kutyaeledel-puppy-hal-12kg/", "product_description": "Az Eukanuba Grain Free* nagytestű kölyökkutyáknak szánt tápja allergénszegény receptúra alapján készül, gondosan kerülve a leggyakoribb allergéneket. A gondoskodó össtetétel gluténmentes* édesburgonyát tartalmaz, amely a rostok, esszenciális vitaminok és antioxidánsok természetes forrása. A csirkehúsmentes receptúra kizárólag halat tartalmaz állati fehérjeforrásként. A tengeri halakban és frissen fagyasztott lazacban gazdag eledel ellátja kölyökkutyáját az erős és sovány izomzat felépítéséhez és megőrzéséhez szükséges állati fehérjével. A táp cukorrépapéppel, valamint prebiotikus frukto-oligoszachariddal és mannán-oligoszachariddal támogatja az egészséges emésztést. A borsó és az édesburgonya alternatív szénhidrátforrásként szolgál. Emellett a természetes omega-6 és omega-3 zsírsavforrások elősegítik az egészséges bőr és fényes szőrzet megőrzését. A nagytestű kölyökkutyák igényeire szabott receptúránk ráadásul különleges DHA-tartalmával segíti a kölyökkutyák tanulását és idomíthatóságát. A nagytestű kölyökkutyák számára kifejlesztett Eukanuba Grain Free* szilárd alapot biztosít kölyökkutyájának az egészséges felnőtté váláshoz, miközben különös figyelmet fordít a leggyakoribb allergének elkerülésére. *Gabonát is feldolgozó üzemben készült. Összetétel: Tengeri halliszt (22%, omega-3 zsírsavak természetes forrása), egész borsó, burgonya, édesburgonya,  sertészsír, friss lazac (4%), lazacliszt (4%), hal szaftos lében, szárított cukorrépapép (2,4%), napraforgó-olaj, ásványi anyagok, frukto-oligoszacharidok (0,29%, természetes prebiotikum), mannán-oligoszacharidok (0.15%, természetes prebiotikum). Analitikai összetevők: Fehérje 26 %, Zsírtartalom 15 %, Omega-6 zsírsavak 2,5 %, Omega-3 zsírsavak 0,91 %, Nyershamu 6,5 %, Nyersrost 2,4 %, Kalcium 0,95 %, Foszfor 0,82 % Adalékanyagok: *(/kg) Vitaminokat: A-vitamin 59867IU, C-vitamin 61mg, D₃-vitamin 1043IU, E-vitamin 214mg, béta-karotin 2.3mg. Nyomelemek: réz(II)-szulfát-pentahidrát (réz) 11mg, kálium-jodid (jód) 2.3mg, mangán-szulfát-monohidrát (mangán) 35mg, cink-oxid (cink) 102mg, vas (II)-szulfát-monohidrát (vas) 61mg. Antioxidánsok: (természetes) növényi olajból származó tokoferol-kivonat 35mg. Aromaanyagok: organikus rozmaring-kivonat 17mg, teakivonat 9mg. *A gyártás során hozzáadott kiegészítők. Tovább olvasok"}
{"breadcrumb": "Főoldal/Kutya/Eledelek/Száraz eledelek/Eukanuba Grain Free Large Breed száraz kutyaeledel puppy hal 3kg", "product_name": "Eukanuba Grain Free Large Breed száraz kutyaeledel puppy hal 3kgEukanuba Grain Free Large Breed száraz kutyaeledel puppy hal 3kg", "brand": "Eukanuba1,1kg – 4kgKölyökhal&tenger gyümölcseigabonamentesnagytestű 26kg-tól", "regular_price": "3 499", "selling_price": "2 999", "price_per_unit": "1 kg=2300 Ft", "product_url": "https://webshop.fressnapf.hu/termekek/eukanuba-grain-free-large-breed-szaraz-kutyaeledel-puppy-hal-3kg/", "product_description": "Az Eukanuba Grain Free* nagytestű kölyökkutyáknak szánt tápja allergénszegény receptúra alapján készül, gondosan kerülve a leggyakoribb allergéneket. A gondoskodó össtetétel gluténmentes* édesburgonyát tartalmaz, amely a rostok, esszenciális vitaminok és antioxidánsok természetes forrása. A csirkehúsmentes receptúra kizárólag halat tartalmaz állati fehérjeforrásként. A tengeri halakban és frissen fagyasztott lazacban gazdag eledel ellátja kölyökkutyáját az erős és sovány izomzat felépítéséhez és megőrzéséhez szükséges állati fehérjével. A táp cukorrépapéppel, valamint prebiotikus frukto-oligoszachariddal és mannán-oligoszachariddal támogatja az egészséges emésztést. A borsó és az édesburgonya alternatív szénhidrátforrásként szolgál. Emellett a természetes omega-6 és omega-3 zsírsavforrások elősegítik az egészséges bőr és fényes szőrzet megőrzését. A nagytestű kölyökkutyák igényeire szabott receptúránk ráadásul különleges DHA-tartalmával segíti a kölyökkutyák tanulását és idomíthatóságát. A nagytestű kölyökkutyák számára kifejlesztett Eukanuba Grain Free* szilárd alapot biztosít kölyökkutyájának az egészséges felnőtté váláshoz, miközben különös figyelmet fordít a leggyakoribb allergének elkerülésére. *Gabonát is feldolgozó üzemben készült. Összetétel: Tengeri halliszt (22%, omega-3 zsírsavak természetes forrása), egész borsó, burgonya, édesburgonya,  sertészsír, friss lazac (4%), lazacliszt (4%), hal szaftos lében, szárított cukorrépapép (2,4%), napraforgó-olaj, ásványi anyagok, frukto-oligoszacharidok (0,29%, természetes prebiotikum), mannán-oligoszacharidok (0.15%, természetes prebiotikum). Analitikai összetevők: Fehérje 26 %, Zsírtartalom 15 %, Omega-6 zsírsavak 2,5 %, Omega-3 zsírsavak 0,91 %, Nyershamu 6,5 %, Nyersrost 2,4 %, Kalcium 0,95 %, Foszfor 0,82 % Adalékanyagok: *(/kg) Vitaminokat: A-vitamin 59867IU, C-vitamin 61mg, D₃-vitamin 1043IU, E-vitamin 214mg, béta-karotin 2.3mg. Nyomelemek: réz(II)-szulfát-pentahidrát (réz) 11mg, kálium-jodid (jód) 2.3mg, mangán-szulfát-monohidrát (mangán) 35mg, cink-oxid (cink) 102mg, vas (II)-szulfát-monohidrát (vas) 61mg. Antioxidánsok: (természetes) növényi olajból származó tokoferol-kivonat 35mg. Aromaanyagok: organikus rozmaring-kivonat 17mg, teakivonat 9mg. *A gyártás során hozzáadott kiegészítők. Tovább olvasok"}
{"breadcrumb": "Főoldal/Kutya/Eledelek/Száraz eledelek/Eukanuba Grain Free Small & Medium száraz kutyaeledel adult hal 12kg", "product_name": "Eukanuba Grain Free Small & Medium száraz kutyaeledel adult hal 12kgEukanuba Grain Free Small & Medium száraz kutyaeledel adult hal 12kg", "brand": "Eukanuba10,1 – 12kgFelnőtthal&tenger gyümölcseigabonamentes", "regular_price": "3 799", "selling_price": "3 299", "price_per_unit": "1 kg=1833 Ft", "product_url": "https://webshop.fressnapf.hu/termekek/eukanuba-grain-free-small-medium-szaraz-kutyaeledel-adult-hal-12kg/", "product_description": "Az Eukanuba Grain Free* kis- és közepes testű felnőtt kutyáknak szánt tápja allergénszegény receptúra alapján készül, gondosan kerülve a leggyakoribb allergéneket. A gondoskodó összetétel gluténmentes* édesburgonyát tartalmaz, amely a rostok, esszenciális vitaminok és antioxidánsok természetes forrása. A csirkehúsmentes receptúra kizárólag halat tartalmaz állati fehérjeforrásként. A tengeri halakban és frissen fagyasztott lazacban gazdag eledel ellátja kutyáját az erős és sovány izomzat felépítéséhez és megőrzéséhez szükséges állati fehérjével. A táp prebiotikus frukto-oligoszachariddal és cukorrépapéppel támogatja az egészséges emésztést. A borsó és az édesburgonya alternatív szénhidrátforrásként szolgál. Emellett a természetes omega-6 és omega-3 zsírsavforrások az egészséges bőr és fényes szőrzet megőrzését is elősegítik. A felnőtt, kis- és közepes testű kutyák igényeire szabott receptúránk ráadásul különleges formájú falatkáinak és az egyedülálló DentaDefense technológiának köszönhetően kutyája fogainak tisztaságát és egészségét is megőrzi. A kis- és közepes testű felnőtt kutyáknak szánt Eukanuba Grain Free* 100%-ban teljes értékű, kiegyensúlyozott eledel, amely gondoskodik kedvence általános jóllétéről. *Gabonát is feldolgozó üzemben készült. Összetétel: Tengeri halliszt (21%, omega-3 zsírsavak természetes forrása), burgonya, egész borsó, édesburgonya (12%), sertészsír, friss lazac (4%), lazacliszt (4%), szárított cukorrépapép (3,4%), hal szaftos lében, napraforgó-olaj, ásványi anyagok (tartalmaz nátrium-hexametafoszfát 0,39%), frukto-oligoszacharidok (0,29%, természetes prebiotikum). Analitikai összetevők: Fehérje 26 %, Zsírtartalom 15 %, Omega-6 zsírsavak 2,48 %, Omega-3 zsírsavak 0,9 %, Nyershamu 7 %, Nyersrost\t 2,5 %, Kalcium 1,11 %, Foszfor 0,84 % Adalékanyagok: *(/kg) Vitaminokat: A-vitamin 60171IU, C-vitamin 62mg, D₃-vitamin 1048IU, E-vitamin 214mg, béta-karotin 2.3mg. Nyomelemek: réz(II)-szulfát-pentahidrát (réz) 12mg, kálium-jodid (jód) 2.5mg, mangán-szulfát-monohidrát (mangán) 38mg, cink-oxid (cink) 111mg, vas (II)-szulfát-monohidrát (vas) 67mg. Antioxidánsok: (természetes) növényi olajból származó tokoferol-kivonat 35mg. Aromaanyagok: organikus rozmaring-kivonat 18mg, teakivonat 9mg. *A gyártás során hozzáadott kiegészítők. Tovább olvasok"}
{"breadcrumb": "Főoldal/Kutya/Eledelek/Száraz eledelek/Eukanuba Grain Free Small & Medium száraz kutyaeledel adult hal 3kg", "product_name": "Eukanuba Grain Free Small & Medium száraz kutyaeledel adult hal 3kgEukanuba Grain Free Small & Medium száraz kutyaeledel adult hal 3kg", "brand": "Eukanuba1,1kg – 4kgFelnőtthal&tenger gyümölcseigabonamentes", "regular_price": "3 399", "selling_price": "2 999", "price_per_unit": "1 kg=2300 Ft", "product_url": "https://webshop.fressnapf.hu/termekek/eukanuba-grain-free-small-medium-szaraz-kutyaeledel-adult-hal-3kg/", "product_description": "Az Eukanuba Grain Free* kis- és közepes testű felnőtt kutyáknak szánt tápja allergénszegény receptúra alapján készül, gondosan kerülve a leggyakoribb allergéneket. A gondoskodó összetétel gluténmentes* édesburgonyát tartalmaz, amely a rostok, esszenciális vitaminok és antioxidánsok természetes forrása. A csirkehúsmentes receptúra kizárólag halat tartalmaz állati fehérjeforrásként. A tengeri halakban és frissen fagyasztott lazacban gazdag eledel ellátja kutyáját az erős és sovány izomzat felépítéséhez és megőrzéséhez szükséges állati fehérjével. A táp prebiotikus frukto-oligoszachariddal és cukorrépapéppel támogatja az egészséges emésztést. A borsó és az édesburgonya alternatív szénhidrátforrásként szolgál. Emellett a természetes omega-6 és omega-3 zsírsavforrások az egészséges bőr és fényes szőrzet megőrzését is elősegítik. A felnőtt, kis- és közepes testű kutyák igényeire szabott receptúránk ráadásul különleges formájú falatkáinak és az egyedülálló DentaDefense technológiának köszönhetően kutyája fogainak tisztaságát és egészségét is megőrzi. A kis- és közepes testű felnőtt kutyáknak szánt Eukanuba Grain Free* 100%-ban teljes értékű, kiegyensúlyozott eledel, amely gondoskodik kedvence általános jóllétéről. *Gabonát is feldolgozó üzemben készült. Összetétel: Tengeri halliszt (21%, omega-3 zsírsavak természetes forrása), burgonya, egész borsó, édesburgonya (12%), sertészsír, friss lazac (4%), lazacliszt (4%), szárított cukorrépapép (3,4%), hal szaftos lében, napraforgó-olaj, ásványi anyagok (tartalmaz nátrium-hexametafoszfát 0,39%), frukto-oligoszacharidok (0,29%, természetes prebiotikum). Analitikai összetevők: Fehérje 26 %, Zsírtartalom 15 %, Omega-6 zsírsavak 2,48 %, Omega-3 zsírsavak 0,9 %, Nyershamu 7 %, Nyersrost\t 2,5 %, Kalcium 1,11 %, Foszfor 0,84 % Adalékanyagok: *(/kg) Vitaminokat: A-vitamin 60171IU, C-vitamin 62mg, D₃-vitamin 1048IU, E-vitamin 214mg, béta-karotin 2.3mg. Nyomelemek: réz(II)-szulfát-pentahidrát (réz) 12mg, kálium-jodid (jód) 2.5mg, mangán-szulfát-monohidrát (mangán) 38mg, cink-oxid (cink) 111mg, vas (II)-szulfát-monohidrát (vas) 67mg. Antioxidánsok: (természetes) növényi olajból származó tokoferol-kivonat 35mg. Aromaanyagok: organikus rozmaring-kivonat 18mg, teakivonat 9mg. *A gyártás során hozzáadott kiegészítők. Tovább olvasok"}
{"breadcrumb": "Főoldal/Kutya/Eledelek/Száraz eledelek/Eukanuba Grain Free Small & Medium száraz kutyaeledel puppy hal 12kg", "product_name": "Eukanuba Grain Free Small & Medium száraz kutyaeledel puppy hal 12kgEukanuba Grain Free Small & Medium száraz kutyaeledel puppy hal 12kg", "brand": "Eukanuba10,1 – 12kgKölyökhal&tenger gyümölcseigabonamentes", "regular_price": "9 999", "selling_price": "8 999", "price_per_unit": "1 kg=2083 Ft", "product_url": "https://webshop.fressnapf.hu/termekek/eukanuba-grain-free-small-medium-szaraz-kutyaeledel-puppy-hal-12kg/", "product_description": "Az Eukanuba Grain Free* kis- és közepes testű kölyökkutyáknak szánt tápja allergénszegény receptúra alapján készül, gondosan kerülve a leggyakoribb allergéneket. A gondoskodó összetétel* édesburgonyát tartalmaz, amely a rostok, esszenciális vitaminok és antioxidánsok természetes forrása. A csirkehúsmentes receptúra kizárólag halat tartalmaz állati fehérjeforrásként. A tengeri halakban és frissen fagyasztott lazacban gazdag eledel ellátja kölyökkutyáját az erős és sovány izomzat felépítéséhez és megőrzéséhez szükséges állati fehérjével. A táp cukorrépapéppel, valamint prebiotikus frukto-oligoszachariddal és mannán-oligoszachariddal támogatja az egészséges emésztést. A borsó és az édesburgonya alternatív szénhidrátforrásként szolgál. Emellett a természetes omega-6 és omega-3 zsírsavforrások elősegítik az egészséges bőr és fényes szőrzet megőrzését. A kis- és közepes testű kölyökkutyák igényeire szabott receptúránk ráadásul különleges DHA-tartalmával segíti a kölyökkutyák tanulását és idomíthatóságát. A kis- és közepes testű kölyökkutyák számára kifejlesztett Eukanuba Grain Free* szilárd alapot biztosít kölyökkutyájának az egészséges felnőtté váláshoz, miközben különös figyelmet fordít a leggyakoribb allergének elkerülésére. *Gabonát is feldolgozó üzemben készült. Összetétel: Tengeri halliszt (25%, omega-3 zsírsavak természetes forrása), egész borsó, burgonya, sertészsír, édesburgonya, friss lazac (4%), lazacliszt (4%), szárított cukorrépapép (2,9%), hal szaftos lében, napraforgó-olaj, ásványi anyagok, frukto-oligoszacharidok (0,28%, természetes prebiotikum), mannán-oligoszacharidok (0.15%, természetes prebiotikum). Analitikai összetevők: Fehérje 28,5 %, Zsírtartalom 17 %, Omega-6 zsírsavak 2,76 %, Omega-3 zsírsavak 0,91 %, DHA 0,4 %, Nyershamu 6,9 %, Nyersrost 2,3 %, Kalcium 1,14 %, Foszfor 0,85 % Adalékanyagok: *(/kg) Vitaminokat: A-vitamin 60016IU, C-vitamin 62mg, D₃-vitamin 1045IU, E-vitamin 214mg, béta-karotin 2.3mg. Nyomelemek: réz(II)-szulfát-pentahidrát (réz) 11mg, kálium-jodid (jód) 2.2mg, mangán-szulfát-monohidrát (mangán) 34mg, cink-oxid (cink) 99mg, vas (II)-szulfát-monohidrát (vas) 60mg. Antioxidánsok: (természetes) növényi olajból származó tokoferol-kivonat 35mg. Aromaanyagok: organikus rozmaring-kivonat 17mg, teakivonat 9mg. *A gyártás során hozzáadott kiegészítők. Tovább olvasok"}
{"breadcrumb": "Főoldal/Kutya/Eledelek/Száraz eledelek/Eukanuba Grain Free Small & Medium száraz kutyaeledel puppy hal 3kg", "product_name": "Eukanuba Grain Free Small & Medium száraz kutyaeledel puppy hal 3kgEukanuba Grain Free Small & Medium száraz kutyaeledel puppy hal 3kg", "brand": "Eukanuba1,1kg – 4kgKölyökhal&tenger gyümölcseigabonamentes", "regular_price": "3 799", "selling_price": "3 299", "price_per_unit": "1 kg=2200 Ft", "product_url": "https://webshop.fressnapf.hu/termekek/eukanuba-grain-free-small-medium-szaraz-kutyaeledel-puppy-hal-3kg/", "product_description": "Az Eukanuba Grain Free* kis- és közepes testű kölyökkutyáknak szánt tápja allergénszegény receptúra alapján készül, gondosan kerülve a leggyakoribb allergéneket. A gondoskodó összetétel* édesburgonyát tartalmaz, amely a rostok, esszenciális vitaminok és antioxidánsok természetes forrása. A csirkehúsmentes receptúra kizárólag halat tartalmaz állati fehérjeforrásként. A tengeri halakban és frissen fagyasztott lazacban gazdag eledel ellátja kölyökkutyáját az erős és sovány izomzat felépítéséhez és megőrzéséhez szükséges állati fehérjével. A táp cukorrépapéppel, valamint prebiotikus frukto-oligoszachariddal és mannán-oligoszachariddal támogatja az egészséges emésztést. A borsó és az édesburgonya alternatív szénhidrátforrásként szolgál. Emellett a természetes omega-6 és omega-3 zsírsavforrások elősegítik az egészséges bőr és fényes szőrzet megőrzését. A kis- és közepes testű kölyökkutyák igényeire szabott receptúránk ráadásul különleges DHA-tartalmával segíti a kölyökkutyák tanulását és idomíthatóságát. A kis- és közepes testű kölyökkutyák számára kifejlesztett Eukanuba Grain Free* szilárd alapot biztosít kölyökkutyájának az egészséges felnőtté váláshoz, miközben különös figyelmet fordít a leggyakoribb allergének elkerülésére. *Gabonát is feldolgozó üzemben készült. Összetétel: Tengeri halliszt (25%, omega-3 zsírsavak természetes forrása), egész borsó, burgonya, sertészsír, édesburgonya, friss lazac (4%), lazacliszt (4%), szárított cukorrépapép (2,9%), hal szaftos lében, napraforgó-olaj, ásványi anyagok, frukto-oligoszacharidok (0,28%, természetes prebiotikum), mannán-oligoszacharidok (0.15%, természetes prebiotikum). Analitikai összetevők: Fehérje 28,5 %, Zsírtartalom 17 %, Omega-6 zsírsavak 2,76 %, Omega-3 zsírsavak 0,91 %, DHA 0,4 %, Nyershamu 6,9 %, Nyersrost 2,3 %, Kalcium 1,14 %, Foszfor 0,85 % Adalékanyagok: *(/kg) Vitaminokat: A-vitamin 60016IU, C-vitamin 62mg, D₃-vitamin 1045IU, E-vitamin 214mg, béta-karotin 2.3mg. Nyomelemek: réz(II)-szulfát-pentahidrát (réz) 11mg, kálium-jodid (jód) 2.2mg, mangán-szulfát-monohidrát (mangán) 34mg, cink-oxid (cink) 99mg, vas (II)-szulfát-monohidrát (vas) 60mg. Antioxidánsok: (természetes) növényi olajból származó tokoferol-kivonat 35mg. Aromaanyagok: organikus rozmaring-kivonat 17mg, teakivonat 9mg. *A gyártás során hozzáadott kiegészítők. Tovább olvasok"}
{"breadcrumb": "Főoldal/Kutya/Eledelek/Száraz eledelek/Eukanuba Large Breeds senior száraz kutyaeledel bárány&rizs 12kg", "product_name": "Eukanuba Large Breeds senior száraz kutyaeledel bárány&rizs 12kgEukanuba Large Breeds senior száraz kutyaeledel bárány&rizs 12kg", "brand": "Eukanuba10,1 – 12kgIdősjuh&bárány&kecske", "regular_price": "3 799", "selling_price": "3 299", "price_per_unit": "1 kg=1917 Ft", "product_url": "https://webshop.fressnapf.hu/termekek/eukanuba-large-breeds-senior-szaraz-kutyaeledel-baranyrizs-12kg/", "product_description": "A száraztáp 100% komplett és kiegyensúlyozott, fő összetevői az ízletes bárány és a rizs, melyek rendkívül jól emészthetők. Emellett az eledel kurkumát is tartalmaz, ami természetes antioxidánsként hozzájárulhat az immunrendszer támogatásához. Az Eukanuba Senior Large & Giant Breed bárány & rizs omega-3 és -6 zsírsavakkal is ellátja kedvencét, melyek elősegíthetik az egészséges bőr és csillogó szőrzet meglétét. -Prémium száraztáp nagy méretű fajták (25 – 40 kg) idősebb kutyáinak 6 éves koruktól -A nagyon nagy (óriás) fajták (>40 kg) képviselői számára is alkalmas 5 éves kortól -Idős kutyáknak ideális: kiegyensúlyozott receptúra, az előrehaladottabb kor szükségleteihez szabott -Bárányban és rizsben gazdag: jól emészthető fő összetevők -Értékes zsírsavakkal: természetes omega-6 és omega-3 zsírsavforrás – támogathatja a bőr és szőrzet -egészségét -Ballasztanyagokban gazdag: prebiotikumokkal (FOS), MOS és répaszelet -támogathatja az emésztést -Kurkumával: a normál immunrendszerre kedvező hatást gyakorló antioxidánsokkal -Glükózamin-, kondroitin- és L-karnitin-forrás -Fogápoló krokettek: speciálisan kialakított, hatszögletű krokettek a fogtisztítás elősegítésére Összetevők: Szárított csirke és pulyka, bárány (14%), rizs (14%), kukorica, köles, árpa, sertészsír, halliszt, szárított cukorrépaszelet (2,6%), csirkeszósz, szárított egész tojás, ásványi anyagok (beleértve nátrium-hexametafoszfátot 0,34%), frukto-oligo-szacharidok (0,25%), halolaj, mannán-oligo-szacharidok (0,13%), kurkuma (0,1%), szárított sörélesztő, glükózamin (állati szövetekből) (0,04%), kondroitin-szulfát (0,004%). Adalékanyagok: Tápértékkel rendelkező adalékanyagok: A-vitamin (48.209 NE/kg), D3-vitamin (1.600 NE/kg), C-vitamin (60 mg/kg), E-vitamin (268 mg/kg), béta-karotin (5 mg/kg), réz (II)-szulfát-pentahidrát [réz] (10 mg/kg), kálium-jodid [jód] (2,1 mg/kg), vas (II)-szulfát-monohidrát [vas] (55 mg/kg), mangán-szulfát-monohidrát [mangán] (31 mg/kg), cink-oxid [cink] (91 mg/kg), nátrium-szelenit [szelén] (0,07 mg/kg). Analitikai összetevők: fehérje 24.0 %, nyerszsír 12.0 %, nyersrost 1.9 %, hamu 6.7 %, kalcium 1.45 %, foszfor 1.12 %, Omega-3 zsírsavak 0.3 %, Omega-6 zsírsavak 1.76 % Tovább olvasok"}
{"breadcrumb": "Főoldal/Kutya/Eledelek/Száraz eledelek/Eukanuba Large Breeds száraz kutyaeledel adult lazac 12kg", "product_name": "Eukanuba Large Breeds száraz kutyaeledel adult lazac 12kgEukanuba Large Breeds száraz kutyaeledel adult lazac 12kg", "brand": "Eukanuba10,1 – 12kgFelnőtthal&tenger gyümölcseiízület védelemnagytestű 26kg-tól", "regular_price": "3 799", "selling_price": "3 299", "price_per_unit": "1 kg=1833 Ft", "product_url": "https://webshop.fressnapf.hu/termekek/eukanuba-large-breeds-szaraz-kutyaeledel-adult-lazac-12kg/", "product_description": "Kutyájával sok közös kalandjuk volt. Gondoskodjon róla, hogy élettel teli maradjon akkor is, amikor öregszik – a kedvence igényeit teljes egészében kielégítő prémium táplálékkal. A lazacban és árpában gazdag Eukanuba szárazeledel tökéletes nagy termetű felnőtt kutyák számára. Az igényekhez szabott, prebiotikumokkal és répapéppel készült rostkeverék előmozdítja az egészséges emésztést is. Tartalmaz az egészséges ízületet és erős csontot megőrizni segítő természetes glükozamin- és kalciumforrásokat is, hogy a kutyák sokáig aktív életet élhessenek. A lazac mellett a másik fehérjeforrás a csirke, amely segíti a kutyáknak az erős, szálkás izomzat kifejlesztését. Az Eukanuba szárazeledel L-karnitint is tartalmaz. Ez a testzsír csökkentését támogatja. A kutyája megtarthatja az ideális súlyát és kisebb az ízületek terhelése. A spenót természetes vasforrásként szolgál. Az Eukanuba egyedi hatszög alakú darabok és a DentaDefense fogápoló rendszer hosszú távon támogatja a tiszta, egészséges fogakat. Az Eukanuba szárazeledel elősegíti az egészséges bőrt és fényes bundát is a természetes omega 6 és omega 3 források segítségével. Ugyancsak segítenek a kutya szőrhullásának csökkentésében. Az eledel 100%-ban teljes értékű és kiegyensúlyozott. Az Eukanuba a rengeteg lazaccal és árpával ideális nagy termetű felnőtt kutyáknak, mint a német juhász, labrador, rottweiler és golden retriever. Összetétel: Lazac (14.2%), szárított csirke és pulyka (természetes forrású glükozamin és kondroitin-szulfát), árpa (14.2%), kukorica, zab, cirok, halliszt, szárított cukorrépapép (2.6%), sertészsír, napraforgó-olaj, csirke szaftos lében, ásványi anyagok (tartalmaz nátrium-hexametafoszfát 0.35%), frukto-oligoszacharidok (0.25%), szárított spenót (0.1%), szárított sörélesztő, glükozamin (állati szövetekből) (0.04%). Analitikai összetevők: Fehérje 23%, Zsírtartalom 13%, Omega-6 zsírsavak 3.5%, Omega-3 zsírsavak 0.77%, Nyershamu 6.7%, Nyersrost 2.1%, Kalcium 1.35%, Foszfor 1.09% Adalékanyagok: *(/kg) Vitaminok: A-vitamin: 45821IU, D₃-vitamin: 1520IU, C-vitamin: 57mg, E-vitamin: 255mg, béta-karotin: 5mg/kg. Nyomelemek: réz(II)-szulfát-pentahidrát (réz): 11mg, kálium-jodid (jód): 2.1mg, vas (II)-szulfát-monohidrát (vas): 56mg, mangán-szulfát-monohidrát (mangán): 32mg, cink-oxid (cink): 94mg, nátrium-szelenit (szelén): 0.06mg. *A gyártás során hozzáadott kiegészítők. Tovább olvasok"}
{"breadcrumb": "Főoldal/Kutya/Eledelek/Száraz eledelek/Eukanuba Large Breeds száraz kutyaeledel adult lazac 2,5kg", "product_name": "Eukanuba Large Breeds száraz kutyaeledel adult lazac 2,5kgEukanuba Large Breeds száraz kutyaeledel adult lazac 2,5kg", "brand": "Eukanuba1,1kg – 4kgFelnőtthal&tenger gyümölcseiízület védelemnagytestű 26kg-tól", "regular_price": "11 499", "selling_price": "9 999", "price_per_unit": "1 kg=2480 Ft", "product_url": "https://webshop.fressnapf.hu/termekek/eukanuba-large-breeds-szaraz-kutyaeledel-adult-lazac-25kg/", "product_description": "Kutyájával sok közös kalandjuk volt. Gondoskodjon róla, hogy élettel teli maradjon akkor is, amikor öregszik – a kedvence igényeit teljes egészében kielégítő prémium táplálékkal. A lazacban és árpában gazdag Eukanuba szárazeledel tökéletes nagy termetű felnőtt kutyák számára. Az igényekhez szabott, prebiotikumokkal és répapéppel készült rostkeverék előmozdítja az egészséges emésztést is. Tartalmaz az egészséges ízületet és erős csontot megőrizni segítő természetes glükozamin- és kalciumforrásokat is, hogy a kutyák sokáig aktív életet élhessenek. A lazac mellett a másik fehérjeforrás a csirke, amely segíti a kutyáknak az erős, szálkás izomzat kifejlesztését. Az Eukanuba szárazeledel L-karnitint is tartalmaz. Ez a testzsír csökkentését támogatja. A kutyája megtarthatja az ideális súlyát és kisebb az ízületek terhelése. A spenót természetes vasforrásként szolgál. Az Eukanuba egyedi hatszög alakú darabok és a DentaDefense fogápoló rendszer hosszú távon támogatja a tiszta, egészséges fogakat. Az Eukanuba szárazeledel elősegíti az egészséges bőrt és fényes bundát is a természetes omega 6 és omega 3 források segítségével. Ugyancsak segítenek a kutya szőrhullásának csökkentésében. Az eledel 100%-ban teljes értékű és kiegyensúlyozott. Az Eukanuba a rengeteg lazaccal és árpával ideális nagy termetű felnőtt kutyáknak, mint a német juhász, labrador, rottweiler és golden retriever. Összetétel: Lazac (14.2%), szárított csirke és pulyka (természetes forrású glükozamin és kondroitin-szulfát), árpa (14.2%), kukorica, zab, cirok, halliszt, szárított cukorrépapép (2.6%), sertészsír, napraforgó-olaj, csirke szaftos lében, ásványi anyagok (tartalmaz nátrium-hexametafoszfát 0.35%), frukto-oligoszacharidok (0.25%), szárított spenót (0.1%), szárított sörélesztő, glükozamin (állati szövetekből) (0.04%). Analitikai összetevők: Fehérje 23%, Zsírtartalom 13%, Omega-6 zsírsavak 3.5%, Omega-3 zsírsavak 0.77%, Nyershamu 6.7%, Nyersrost 2.1%, Kalcium 1.35%, Foszfor 1.09% Adalékanyagok: *(/kg) Vitaminok: A-vitamin: 45821IU, D₃-vitamin: 1520IU, C-vitamin: 57mg, E-vitamin: 255mg, béta-karotin: 5mg/kg. Nyomelemek: réz(II)-szulfát-pentahidrát (réz): 11mg, kálium-jodid (jód): 2.1mg, vas (II)-szulfát-monohidrát (vas): 56mg, mangán-szulfát-monohidrát (mangán): 32mg, cink-oxid (cink): 94mg, nátrium-szelenit (szelén): 0.06mg. *A gyártás során hozzáadott kiegészítők. Tovább olvasok"}
{"breadcrumb": "Főoldal/Kutya/Eledelek/Száraz eledelek/Eukanuba Large Breeds száraz kutyaeledel puppy bárány&rizs 12kg", "product_name": "Eukanuba Large Breeds száraz kutyaeledel puppy bárány&rizs 12kgEukanuba Large Breeds száraz kutyaeledel puppy bárány&rizs 12kg", "brand": "Eukanuba10,1 – 12kgKölyökjuh&bárány&kecskeérzékeny emésztésűnagytestű 26kg-tól", "regular_price": "11 499", "selling_price": "9 999", "price_per_unit": "1 kg=1567 Ft", "product_url": "https://webshop.fressnapf.hu/termekek/eukanuba-kutya-szarazeledel-large-breeds-puppy-baranyrizs-12kg/", "product_description": "EUKANUBA prémium száraztáp nagytestű kölyökkutyák számára. 12 hónapos korig. Bárányhúsban és rizsben gazdag receptúra. A száraztáp antioxidánsokat (C- és E-vitamin) tartalmaz az erős immunrendszer érdekében. Omega-6 és Omega-3 zsírsavakkal segíti kölyökkutyája egészséges bőrének és ragyogó szőrzetének megőrzését, kiváló minőségű, állati eredetű fehérjetartalma pedig elősegíti az erős és szálkás izomzat kifejlődését. DHA zsírsavat tartalmaz, hogy kutyája könnyebben tanuljon, és fogékonyabb legyen a nevelésre. 100 %-ban teljes értékű és kiegyensúlyozott táp. Tovább olvasok"}
{"breadcrumb": "Főoldal/Kutya/Eledelek/Száraz eledelek/Eukanuba Large Breeds száraz kutyaeledel puppy bárány&rizs 2,5kg", "product_name": "Eukanuba Large Breeds száraz kutyaeledel puppy bárány&rizs 2,5kgEukanuba Large Breeds száraz kutyaeledel puppy bárány&rizs 2,5kg", "brand": "Eukanuba1,1kg – 4kgKölyökjuh&bárány&kecskeérzékeny emésztésűnagytestű 26kg-tól", "regular_price": "9 999", "selling_price": "8 999", "price_per_unit": "1 kg=2720 Ft", "product_url": "https://webshop.fressnapf.hu/termekek/eukanuba-kutya-szarazeledel-large-breeds-puppy-baranyrizs-25kg/", "product_description": "EUKANUBA prémium száraztáp nagytestű kölyökkutyák számára. 12 hónapos korig. Bárányhúsban és rizsben gazdag receptúra. A száraztáp antioxidánsokat (C- és E-vitamin) tartalmaz az erős immunrendszer érdekében. Omega-6 és Omega-3 zsírsavakkal segíti kölyökkutyája egészséges bőrének és ragyogó szőrzetének megőrzését, kiváló minőségű, állati eredetű fehérjetartalma pedig elősegíti az erős és szálkás izomzat kifejlődését. DHA zsírsavat tartalmaz, hogy kutyája könnyebben tanuljon, és fogékonyabb legyen a nevelésre. 100 %-ban teljes értékű és kiegyensúlyozott táp. Tovább olvasok"}
{"breadcrumb": "Főoldal/Kutya/Eledelek/Száraz eledelek/Eukanuba Large Breeds száraz kutyaeledel puppy csirke 3kg", "product_name": "Eukanuba Large Breeds száraz kutyaeledel puppy csirke 3kgEukanuba Large Breeds száraz kutyaeledel puppy csirke 3kg", "brand": "EukanubaKölyökszárnyas1,1kg – 4kgnagytestű 26kg-tól", "regular_price": "3 699", "selling_price": "3 299", "price_per_unit": "1 kg=1833 Ft", "product_url": "https://webshop.fressnapf.hu/termekek/eukanuba-kutya-szarazeledel-large-breeds-puppy-csirke-3kg/", "product_description": "A Növekvő Kölyök receptúrát úgy alkották meg, hogy elősegítse az optimális kondíciót, valamint az egészséges növekedést és fejlődést. Nagy termetű kölyökkutyák számára 12 hónapos korig, óriás termetű kölyökkutyák számára 14 hónapos korig ajánlott. A nagy méretű, ízletes tápszemek friss csirkehúsban gazdagok, egyedülálló hatszög formájuknak köszönhetően pedig a kutya fogainak egészségéről is gondoskodnak. – A DHA segíti a kölykök tanulását, könnyebben képezhetők. – Prebiotikumok és cukorrépapép az egészséges emésztés támogatásáért. – Antioxidáns E- és C-vitamin az immunrendszer támogatásáért. – Kalcium a csontok fejlődésének elősegítésére. – Természetes omega-6 és omega-3 források az egészséges bőrért és szőrzetért. Összetétel: friss csirke (20%), szárított csirke & pulyka 15% (ebből csirke 9%), kukoricapép, kukorica, búza, halliszt, rizs, árpa, baromfizsír, csirke szaftos lében, szárított egész tojás, szárított cukorrépapép (2,3%), ásványi anyagok, halolaj, halkivonat, szárított sörélesztő, frukto-oligoszacharidok (0,24%), mannán-oligoszacharidok. Analitikai összetevők: fehérje 26,5%, zsírtartalom 14,5%, omega-6 zsírsavak 2,9%, omega-3 zsírsavak 0,74%, nyershamu 5,1%, nyersrost 1,6%, kalcium 0,85%, foszfor 0,73%, DHA 0,18%. Adalékanyagok/kg: A-vitamin: 46758 NE, C-vitamin: 58 mg, D₃-vitamin: 1552 NE, E-vitamin: 259 mg, β‐karotin: 5,1 mg, réz-szulfát-pentahidrát (réz): 13 mg, kálium-jodid (jód): 2,6 mg, vas-szulfát monohidrát (vas): 68 mg, mangán-szulfát monohidrát (mangán): 39 mg, cink-oxid (cink): 114 mg; természetes tokoferolkivonat növényi olajból 106 mg; természetes rozmaringkivonat 51 mg, teakivonat 26 mg, juccakivonat 250 mg. Etetési útmutató: Etetési mennyiség/nap Kölyökkutya súlya és életkora 1-3 hónap 3-4 hónap 5-7 hónap 8-12 hónap 12-14 hónap 2kg 145g 4kg 235g 205g 6kg 305g 270g 8kg 375g 330g 220g 10kg 435g 380g 255g 15kg 570g 500g 335g 265g 20kg 690g 610g 405g 325g 295g 30kg 795g 530g 425g 385g 40kg 965g 645g 515g 465g 50kg 750g 600g 545g 60kg 845g 675g 615g 70kg 750g 680g Gondoskodjon róla, hogy kölyökkutyája számára mindig rendelkezésre álljon bőséges mennyiségű friss ivóvíz. Az, hogy a kölyökkutyának egy nap hányszor kell ennie, a korától is függ. Ha a kölyökkutya 8 hétnél fiatalabb, a kölyökkutyák elválasztására vonatkozó megfelelő tanácsokat érdemes követnie. 4 hetesnél idősebbek esetében ossza el a megfelelő napi adagot a következők szerint: – 4-16 hetes kor között: napi 4 étkezés; – 4-6 hónapos kor között: napi 3 étkezés. Amikor kölyökkutyája eléri a 6 hónapos kort, napi tápadagját ossza el 2 etetésre. Azt ajánljuk, fiatal felnőtt kora alatt végig tartsa a napi tápadag minimum 2 etetésre elosztását, habár vannak kutyák, amelyeknek a napi egyszeri etetés is elegendő. Válassza azt a módszert, amelyik Önnek és kutyájának is a legmegfelelőbb. Tovább olvasok"}
{"breadcrumb": "Főoldal/Kutya/Eledelek/Száraz eledelek/Eukanuba Small Breeds száraz kutyaeledel adult csirke 3kg", "product_name": "Eukanuba Small Breeds száraz kutyaeledel adult csirke 3kgEukanuba Small Breeds száraz kutyaeledel adult csirke 3kg", "brand": "EukanubaFelnőttszárnyas1,1kg – 4kgkistestű 10kg-ig", "regular_price": "3 699", "selling_price": "3 299", "price_per_unit": "1 kg=1700 Ft", "product_url": "https://webshop.fressnapf.hu/termekek/eukanuba-kutya-szarazeledel-small-breeds-adult-csirke-3kg/", "product_description": "Az Aktív Felnőtt receptúrát úgy alkották meg, hogy elősegítse az optimális kondíció fenntartását, a szálkás izomzat kifejlődését és a kiegyensúlyozott energiaszintet. Kis termetű kutyafajták számára, 1-8 éves kor között ajánlott. A kis méretű, ízletes tápszemek friss csirkehúsban gazdagok, hatszög formájuknak köszönhetően pedig a kutya fogainak egészségéről is gondoskodnak. – L-karnitin a megfelelő testsúly beállításának és fenntartásának elősegítéséért. – Jukkakivonat a széklet kellemetlen szagának csökkentéséhez. – Prebiotikumok és cukorrépapép az egészséges emésztés támogatásáért. – Természetes omega-6 és omega-3 források az egészséges bőrért és szőrzetért. – Antioxidáns E- és C-vitamin az immunrendszer támogatásáért. – Különleges formájú falatok egyedi DentaDefense technológiával a fogak tisztán tartása és egészsége érdekében. Összetétel: szárított csirke és pulyka 28% (ebből csirke 17%), friss csirke (15%), kukorica, búza, baromfizsír, zab, árpa, cirok, szárított cukorrépapép (3,5%), csirke szaftos lében, halliszt, ásványi anyagok (ebből nátrium-hexametafoszfát (0,35%)), szárított egész tojás, frukto-oligoszacharidok (0,38%). Analitikai összetevők: fehérje 30%, zsírtartalom 18%, omega-6 zsírsavak 3,7%, omega-3 zsírsavak 0,46%, nyershamu 6,5%, nyersrost 2,7%, kalcium 1,4%, foszfor 1,2%. Adalékanyagok/kg: A-vitamin: 48425 NE, C-vitamin: 61 mg, D₃-vitamin: 1607 NE, E-vitamin: 269 mg, β‐karotin: 5,3 mg, L‐karnitin: 50 mg, réz-szulfát-pentahidrát (réz): 13 mg, kálium-jodid (jód): 2,6 mg, vas-szulfát monohidrát (vas): 68 mg, mangán-szulfát monohidrát (mangán): 39 mg, cink-oxid (cink): 114 mg; természetes tokoferolkivonat növényi olajból 111 mg; természetes rozmaringkivonat 56 mg, teakivonat 28 mg, juccakivonat 250 mg. Etetési útmutató: Kutya testsúlya Etetési mennyiség/nap 2kg 40-50g 4kg 65-75g 6kg 85-95g 8kg 105-120g 10kg 125-135g 12kg 140-155g Mindig gondoskodjon friss ivóvízről kutyája számára. Amikor áttér a Eukanuba tápra, 4 nap alatt, fokozatosan vezesse be kedvence étrendjébe. Napi kétszeri etetést javaslunk. A táblázatban feltüntetett napi etetési adagot ossza el 2 részre. Kutyája étvágya függ az életkorától, vérmérsékletétől és aktivitásától. Tovább olvasok"}
{"breadcrumb": "Főoldal/Kutya/Eledelek/Száraz eledelek/Eukanuba Small&Medium Adult gabonamentes száraz kutyaeledel bárány 3kg", "product_name": "Eukanuba Small&Medium Adult gabonamentes száraz kutyaeledel bárány 3kgEukanuba Small&Medium Adult gabonamentes száraz kutyaeledel bárány 3kg", "brand": "Eukanuba1,1kg – 4kgFelnőttjuh&bárány&kecskegabonamentes", "regular_price": "3 699", "selling_price": "3 299", "price_per_unit": "1 KG=2266 Ft", "product_url": "https://webshop.fressnapf.hu/termekek/eukanuba-smallmedium-adult-gabonamentes-szaraz-kutyaeledel-barany-3kg/", "product_description": "Az EUKANUBA Grain Free* kis- és közepes testű felnőtt kutyáknak szánt kutyaeledel magas frissfagyasztott bárányhústartalmával támogatja a sovány, erős izomzatot. A receptúrában lévő antioxidánsok és vitaminok az erős immunrendszerről gondoskodnak, a hozzáadott gluténmentes* édesburgonya pedig természetes rost- és ásványianyag-forrásként szolgál. A táp cukorrépapép és prebiotikus frukto-oligoszacharid (FOS) tartalma az egészséges emésztés további támogatásához járul hozzá. Testre szabott kalciummennyiség segíti a kutyák erős csontjainak megőrzését. Ezenkívül a természetes omega-6 és omega-3 zsírsavforrások az egészséges bőr és a ragyogó szőrzet megőrzésében nyújtanak támogatást. Ráadásul a táp speciális szemcsés formája és az egyedi DentaDefense technológia tisztán és egészségesen tartja kutyája fogazatát is. Az EUKANUBA Grain Free* kis- és közepes testű felnőtt kutyáknak szánt kutyaeledel 100%-ban teljes értékű és kiegyensúlyozott táplálék, amely kedvence általános jólétét támogatja. Összetétel: frissen fagyasztott bárányhús (20%), szárított csirke és pulyka (20% tartalmaz csirke 12%, természetes glükozamin-, kondroitin- és taurin-forrás), burgonya, egész borsó, édesburgonya (8%), baromfizsír, szárított cukorrépapép (3.5%), csirke szaftos lében, szárított egész tojás, szárított sörélesztő, nátrium-hexametafoszfát (0.4%), lenmag, frukto-oligoszacharidok (0,25%, természetes prebiotikum). Analitikai összetevők: fehérje: 26%, zsírtartalom: 14%, omega-6 zsírsavak: 2%, omega-3 zsírsavak: 0.37%, nyershamu: 6.7%, nyersrost: 3.2%, kalcium: 1%, foszfor: 0.85%. Tovább olvasok"}
{"breadcrumb": "Főoldal/Kutya/Eledelek/Száraz eledelek/Eukanuba Small&Medium Breeds száraz kutyaeledel adult bárány&rizs 2,5kg", "product_name": "Eukanuba Small&Medium Breeds száraz kutyaeledel adult bárány&rizs 2,5kgEukanuba Small&Medium Breeds száraz kutyaeledel adult bárány&rizs 2,5kg", "brand": "Eukanuba1,1kg – 4kgFelnőttjuh&bárány&kecskeérzékeny emésztésű", "regular_price": "3 699", "selling_price": "3 499", "price_per_unit": "1 kg=2800 Ft", "product_url": "https://webshop.fressnapf.hu/termekek/eukanuba-kutya-szarazeledel-smallmedium-breeds-adult-baranyrizs-25kg/", "product_description": "Kutyájával sok közös kalandjuk volt. Gondoskodjon róla, hogy élettel teli marad akkor is, amikor öregszik – a kedvence igényeit teljes egészében kielégítő prémium táplálékkal. A rengeteg bárányt és rizst tartalmazó Eukanuba darabos szárazeledel tökéletes kis és közepes termetű felnőtt kutyák számára. Az érzékeny gyomrú kutyáknak is különösen alkalmas, mivel a csúcsminőségű bárány és rizs igazán könnyen emészthető. Az igényekhez szabott, prebiotikumokkal és répapéppel készült rostkeverék előmozdítja az egészséges emésztést is. A bárány mellett a másik fehérjeforrás a csirke, amely segíti a kutyáknak az erős, szálkás izomzat kifejlesztését. Az Eukanuba szárazeledel L-karnitint is tartalmaz. Ez a testzsír csökkentését támogatja. A kutyája megtarthatja az ideális súlyát és kisebb az ízületek terhelése. Az Eukanuba egyedi hatszög alakú darabok és a DentaDefense fogápoló rendszer hosszú távon támogatja a tiszta, egészséges fogakat. Az Eukanuba szárazeledel elősegíti az egészséges bőrt és fényes bundát is a természetes omega 6 és omega 3 források segítségével. Ugyancsak segítenek a kutya szőrhullásának csökkentésében. A természetes antioxidánsforrással, kurkumával dúsított Eukanuba szárazeledel erősíti az immunrendszert is. Az eledel 100%-ban teljes értékű és kiegyensúlyozott. Az Eukanuba a rengeteg báránnyal és rizzsel ideális kis és közepes termetű felnőtt kutyáknak, mint a tacskó, collie, mopsz és cocker spániel. Összetétel: Szárított csirke és pulyka (természetes forrású glükozamin (207mg/kg)), bárány (14%), rizs (14%), kukorica, cirok, árpa, sertészsír, szárított egész tojás, halliszt, szárított cukorrépapép (2.6%), csirke szaftos lében, ásványi anyagok (tartalmaz nátrium-hexametafoszfát 0.35%), frukto-oligoszacharidok (0.25%), mannán-oligoszacharidok (0.13%), kurkuma (0.1%). Analitikai összetevők: Fehérje 25%, Zsírtartalom 15%, Omega-6 zsírsavak 2,1%, Omega-3 zsírsavak 0,27%, Nyershamu 6,7%, nyersrost 1,8%, kalcium 1,35%, Foszfor 1,1% Adalékanyagok: *(/kg) Vitaminokat: A-vitamin: 48218IU, D₃-vitamin: 1600IU, C-vitamin: 60mg, E-vitamin: 268mg, L-karnitin 50mg, béta-karotin: 5mg. Nyomelemek: réz(II)-szulfát-pentahidrát (réz): 10mg, kálium-jodid (jód): 2mg, vas (II)-szulfát-monohidrát (vas): 54mg, mangán-szulfát-monohidrát (mangán): 31mg, cink-oxid (cink): 90mg, nátrium-szelenit (szelén): 0.03mg. *A gyártás során hozzáadott kiegészítők. Tovább olvasok"}
{"breadcrumb": "Főoldal/Kutya/Eledelek/Száraz eledelek/Eukanuba Small&Medium Breeds száraz kutyaeledel adult lazac 12kg", "product_name": "Eukanuba Small&Medium Breeds száraz kutyaeledel adult lazac 12kgEukanuba Small&Medium Breeds száraz kutyaeledel adult lazac 12kg", "brand": "Eukanuba10,1 – 12kgFelnőtthal&tenger gyümölcseibőr&szőr ápoló", "regular_price": "11 499", "selling_price": "9 999", "price_per_unit": "1 kg=2000 Ft", "product_url": "https://webshop.fressnapf.hu/termekek/eukanuba-smallmedium-breeds-szaraz-kutyaeledel-adult-lazac-12kg/", "product_description": "Kutyájával sok közös kalandjuk volt. Gondoskodjon róla, hogy élettel teli maradjon akkor is, amikor öregszik – a kedvence igényeit teljes egészében kielégítő prémium táplálékkal. A lazacban és árpában gazdag Eukanuba szárazeledel tökéletes kis és közepes termetű felnőtt kutyák számára. Az igényekhez szabott, prebiotikumokkal és répapéppel készült rostkeverék előmozdítja az egészséges emésztést is. A lazac mellett a másik fehérjeforrás a csirke, amely segíti a kutyáknak az erős, szálkás izomzat kifejlesztését. Az Eukanuba szárazeledel L-karnitint is tartalmaz. Ez a testzsír csökkentését támogatja. A kutyája megtarthatja az ideális súlyát és kisebb az ízületek terhelése. A spenót természetes vasforrásként szolgál. Az Eukanuba egyedi hatszög alakú darabok és a DentaDefense fogápoló rendszer hosszú távon támogatja a tiszta, egészséges fogakat. Az Eukanuba szárazeledel elősegíti az egészséges bőrt és fényes bundát is a természetes omega 6 és omega 3 források segítségével. Ugyancsak segítenek a kutya szőrhullásának csökkentésében. Az eledel 100%-ban teljes értékű és kiegyensúlyozott. Az Eukanuba a rengeteg lazaccal és árpával ideális kis és közepes termetű felnőtt kutyáknak, mint a tacskó, collie, mopsz és cocker spániel. Összetétel: Szárított csirke és pulyka (természetes forrású glükozamin és kondroitin-szulfát), lazac (14%), árpa (14%), kukorica, zab, cirok, halliszt, sertészsír, szárított cukorrépapép (2.6%), napraforgó-olaj, csirke szaftos lében, ásványi anyagok (tartalmaz nátrium-hexametafoszfát 0.35%), frukto-oligoszacharidok (0.25%), szárított spenót (0.1%), szárított sörélesztő. Analitikai összetevők: Fehérje 25%, Zsírtartalom 15%, Omega-6 zsírsavak 3.6%, Omega-3 zsírsavak 0.8%, Nyershamu 6.6%, Nyersrost 2%, Kalcium 1.35%, Foszfor 1.12% Adalékanyagok: *(/kg) Vitaminok: A-vitamin: 54357IU, D₃-vitamin: 1375IU, C-vitamin: 62mg, E-vitamin: 248mg, L-karnitin 50mg, béta-karotin: 4mg/kg. Nyomelemek: réz(II)-szulfát-pentahidrát (réz): 11mg, kálium-jodid (jód): 2.2mg, vas (II)-szulfát-monohidrát (vas): 59mg, mangán-szulfát-monohidrát (mangán): 34mg, cink-oxid (cink): 98mg, nátrium-szelenit (szelén): 0.03mg. *A gyártás során hozzáadott kiegészítők. Tovább olvasok"}
{"breadcrumb": "Főoldal/Kutya/Eledelek/Száraz eledelek/Eukanuba Small&Medium Breeds száraz kutyaeledel adult lazac 2,5kg", "product_name": "Eukanuba Small&Medium Breeds száraz kutyaeledel adult lazac 2,5kgEukanuba Small&Medium Breeds száraz kutyaeledel adult lazac 2,5kg", "brand": "Eukanuba1,1kg – 4kgFelnőtthal&tenger gyümölcseibőr&szőr ápoló", "regular_price": "3 499", "selling_price": "2 999", "price_per_unit": "1 kg=2320 Ft", "product_url": "https://webshop.fressnapf.hu/termekek/eukanuba-smallmedium-breeds-szaraz-kutyaeledel-adult-lazac-25kg/", "product_description": "Kutyájával sok közös kalandjuk volt. Gondoskodjon róla, hogy élettel teli maradjon akkor is, amikor öregszik – a kedvence igényeit teljes egészében kielégítő prémium táplálékkal. A lazacban és árpában gazdag Eukanuba szárazeledel tökéletes kis és közepes termetű felnőtt kutyák számára. Az igényekhez szabott, prebiotikumokkal és répapéppel készült rostkeverék előmozdítja az egészséges emésztést is. A lazac mellett a másik fehérjeforrás a csirke, amely segíti a kutyáknak az erős, szálkás izomzat kifejlesztését. Az Eukanuba szárazeledel L-karnitint is tartalmaz. Ez a testzsír csökkentését támogatja. A kutyája megtarthatja az ideális súlyát és kisebb az ízületek terhelése. A spenót természetes vasforrásként szolgál. Az Eukanuba egyedi hatszög alakú darabok és a DentaDefense fogápoló rendszer hosszú távon támogatja a tiszta, egészséges fogakat. Az Eukanuba szárazeledel elősegíti az egészséges bőrt és fényes bundát is a természetes omega 6 és omega 3 források segítségével. Ugyancsak segítenek a kutya szőrhullásának csökkentésében. Az eledel 100%-ban teljes értékű és kiegyensúlyozott. Az Eukanuba a rengeteg lazaccal és árpával ideális kis és közepes termetű felnőtt kutyáknak, mint a tacskó, collie, mopsz és cocker spániel. Összetétel: Szárított csirke és pulyka (természetes forrású glükozamin és kondroitin-szulfát), lazac (14%), árpa (14%), kukorica, zab, cirok, halliszt, sertészsír, szárított cukorrépapép (2.6%), napraforgó-olaj, csirke szaftos lében, ásványi anyagok (tartalmaz nátrium-hexametafoszfát 0.35%), frukto-oligoszacharidok (0.25%), szárított spenót (0.1%), szárított sörélesztő. Analitikai összetevők: Fehérje 25%, Zsírtartalom 15%, Omega-6 zsírsavak 3.6%, Omega-3 zsírsavak 0.8%, Nyershamu 6.6%, Nyersrost 2%, Kalcium 1.35%, Foszfor 1.12% Adalékanyagok: *(/kg) Vitaminok: A-vitamin: 54357IU, D₃-vitamin: 1375IU, C-vitamin: 62mg, E-vitamin: 248mg, L-karnitin 50mg, béta-karotin: 4mg/kg. Nyomelemek: réz(II)-szulfát-pentahidrát (réz): 11mg, kálium-jodid (jód): 2.2mg, vas (II)-szulfát-monohidrát (vas): 59mg, mangán-szulfát-monohidrát (mangán): 34mg, cink-oxid (cink): 98mg, nátrium-szelenit (szelén): 0.03mg. *A gyártás során hozzáadott kiegészítők. Tovább olvasok"}
{"breadcrumb": "Főoldal/Kutya/Eledelek/Száraz eledelek/Eukanuba Small&Medium Breeds száraz kutyaeledel puppy bárány&rizs 12kg", "product_name": "Eukanuba Small&Medium Breeds száraz kutyaeledel puppy bárány&rizs 12kgEukanuba Small&Medium Breeds száraz kutyaeledel puppy bárány&rizs 12kg", "brand": "Eukanuba10,1 – 12kgKölyökjuh&bárány&kecske", "regular_price": "11 499", "selling_price": "9 999", "price_per_unit": "1 kg=1883 Ft", "product_url": "https://webshop.fressnapf.hu/termekek/eukanuba-smallmedium-breeds-szaraz-kutyaeledel-puppy-baranyrizs-12kg/", "product_description": "A kölyökkutyával sok közös kalandjuk lesz. Gondoskodjon róla, hogy fiatal korukban végig élettel teliek maradjanak – a kedvence igényeit teljes egészében kielégítő prémium táplálékkal. A bárányban és rizsben gazdag Eukanuba szárazeledel tökéletes 1-12 hónapos, kis és közepes termetű növésben levő kölyökkutyák számára. Az érzékeny gyomrú kölyköknek is különösen alkalmas, mivel a csúcsminőségű bárány és rizs igazán könnyen emészthető. Az igényekhez szabott, prebiotikumokkal és répapéppel készült rostkeverék előmozdítja az egészséges emésztést is. A bárány mellett a másik fehérjeforrás a csirke, amely segíti a kutyáknak az erős, szálkás izomzat kifejlesztését. Az Eukanuba szárazeledel L-karnitint is tartalmaz. Ez a testzsír csökkentését támogatja. A kölyökkutya megtarthatja az ideális súlyát és kisebb az ízületek terhelése. Az Eukanuba egyedi hatszög alakú darabok és a DentaDefense fogápoló rendszer hosszú távon támogatja a tiszta, egészséges fogakat. Az Eukanuba szárazeledel elősegíti az egészséges bőrt és fényes bundát is a természetes omega 6 és omega 3 források segítségével. Ugyancsak segítenek a kölyökkutya szőrhullásának csökkentésében. A természetes antioxidánsforrással, kurkumával dúsított Eukanuba szárazeledel erősíti az immunrendszert is. Az eledel 100%-ban teljes értékű és kiegyensúlyozott. Az Eukanuba a rengeteg báránnyal és rizzsel ideális kis és közepes termetű növésben levő kölyökkutyáknak, mint a tacskó, collie, mopsz és cocker spániel. Összetétel: Szárított csirke és pulyka, bárány (14%), rizs (14%), kukorica, cirok, szárított egész tojás, halliszt, sertészsír, szárított cukorrépapép (2.6%), csirke szaftos lében, halolaj, ásványi anyagok (tartalmaz nátrium-hexametafoszfát 0.35%), frukto-oligoszacharidok (0.25%), mannán-oligoszacharidok (0.13%), kurkuma (0.1%), szárított sörélesztő. Analitikai összetevők: Fehérje 28%, Zsírtartalom 17%, Omega-6 zsírsavak 2.2%, Omega-3 zsírsavak 0.53%, DHA 0.18%, Nyershamu 6.7%, Nyersrost 1.4%, Kalcium 1.35%, Foszfor 1.05% Adalékanyagok: *(/kg) Vitaminok: A-vitamin: 46848IU, D₃-vitamin: 1554IU, C-vitamin: 59mg, E-vitamin: 260mg, béta-karotin: 5mg. Nyomelemek: réz(II)-szulfát-pentahidrát (réz): 10mg, kálium-jodid (jód): 1.9mg, vas (II)-szulfát-monohidrát (vas): 51mg, mangán-szulfát-monohidrát (mangán): 29mg/kg, cink-oxid (cink): 85mg. *A gyártás során hozzáadott kiegészítők. Tovább olvasok"}
{"breadcrumb": "Főoldal/Kutya/Eledelek/Száraz eledelek/Eukanuba Small&Medium Breeds száraz kutyaeledel puppy bárány&rizs 2,5kg", "product_name": "Eukanuba Small&Medium Breeds száraz kutyaeledel puppy bárány&rizs 2,5kgEukanuba Small&Medium Breeds száraz kutyaeledel puppy bárány&rizs 2,5kg", "brand": "Eukanuba1,1kg – 4kgKölyökjuh&bárány&kecske", "regular_price": "3 799", "selling_price": "3 299", "price_per_unit": "1 kg=2400 Ft", "product_url": "https://webshop.fressnapf.hu/termekek/eukanuba-smallmedium-breeds-szaraz-kutyaeledel-puppy-baranyrizs-25kg/", "product_description": "A kölyökkutyával sok közös kalandjuk lesz. Gondoskodjon róla, hogy fiatal korukban végig élettel teliek maradjanak – a kedvence igényeit teljes egészében kielégítő prémium táplálékkal. A bárányban és rizsben gazdag Eukanuba szárazeledel tökéletes 1-12 hónapos, kis és közepes termetű növésben levő kölyökkutyák számára. Az érzékeny gyomrú kölyköknek is különösen alkalmas, mivel a csúcsminőségű bárány és rizs igazán könnyen emészthető. Az igényekhez szabott, prebiotikumokkal és répapéppel készült rostkeverék előmozdítja az egészséges emésztést is. A bárány mellett a másik fehérjeforrás a csirke, amely segíti a kutyáknak az erős, szálkás izomzat kifejlesztését. Az Eukanuba szárazeledel L-karnitint is tartalmaz. Ez a testzsír csökkentését támogatja. A kölyökkutya megtarthatja az ideális súlyát és kisebb az ízületek terhelése. Az Eukanuba egyedi hatszög alakú darabok és a DentaDefense fogápoló rendszer hosszú távon támogatja a tiszta, egészséges fogakat. Az Eukanuba szárazeledel elősegíti az egészséges bőrt és fényes bundát is a természetes omega 6 és omega 3 források segítségével. Ugyancsak segítenek a kölyökkutya szőrhullásának csökkentésében. A természetes antioxidánsforrással, kurkumával dúsított Eukanuba szárazeledel erősíti az immunrendszert is. Az eledel 100%-ban teljes értékű és kiegyensúlyozott. Az Eukanuba a rengeteg báránnyal és rizzsel ideális kis és közepes termetű növésben levő kölyökkutyáknak, mint a tacskó, collie, mopsz és cocker spániel. Összetétel: Szárított csirke és pulyka, bárány (14%), rizs (14%), kukorica, cirok, szárított egész tojás, halliszt, sertészsír, szárított cukorrépapép (2.6%), csirke szaftos lében, halolaj, ásványi anyagok (tartalmaz nátrium-hexametafoszfát 0.35%), frukto-oligoszacharidok (0.25%), mannán-oligoszacharidok (0.13%), kurkuma (0.1%), szárított sörélesztő. Analitikai összetevők: Fehérje 28%, Zsírtartalom 17%, Omega-6 zsírsavak 2.2%, Omega-3 zsírsavak 0.53%, DHA 0.18%, Nyershamu 6.7%, Nyersrost 1.4%, Kalcium 1.35%, Foszfor 1.05% Adalékanyagok: *(/kg) Vitaminok: A-vitamin: 46848IU, D₃-vitamin: 1554IU, C-vitamin: 59mg, E-vitamin: 260mg, béta-karotin: 5mg. Nyomelemek: réz(II)-szulfát-pentahidrát (réz): 10mg, kálium-jodid (jód): 1.9mg, vas (II)-szulfát-monohidrát (vas): 51mg, mangán-szulfát-monohidrát (mangán): 29mg/kg, cink-oxid (cink): 85mg. *A gyártás során hozzáadott kiegészítők. Tovább olvasok"}
{"breadcrumb": "Főoldal/Kutya/Eledelek/Száraz eledelek/Eukanuba Small&Medium Breeds száraz kutyaeledel senior bárány&rizs 12kg", "product_name": "Eukanuba Small&Medium Breeds száraz kutyaeledel senior bárány&rizs 12kgEukanuba Small&Medium Breeds száraz kutyaeledel senior bárány&rizs 12kg", "brand": "Eukanuba10,1 – 12kgIdősjuh&bárány&kecskeérzékeny emésztésűkistestű 10kg-ig", "regular_price": "9 999", "selling_price": "8 999", "price_per_unit": "1 kg=1458 Ft", "product_url": "https://webshop.fressnapf.hu/termekek/eukanuba-kutya-szarazeledel-smallmedium-breeds-senior-baranyrizs-12kg/", "product_description": "EUKANUBA prémium száraztáp idősödő és idős, kis és közepes termetű kutyák számára. 7 éves kortól. Bárányhúsban és rizsben gazdag receptúra, érzékeny bőrű és/vagy gyomrú fajták igényeire szabva. Könnyen emészthető. Prebiotikummal és klinikailag igazolt cukorrépapéppel segíti az optimális emésztést. 28 napon belül csökkenti a fogkőképződést. Csökkenti a lepedék lerakódását, segíthet megőrizni az erős fogakat. Optimális béta-karotin- és E-vitamin-tartalmával támogatja az idősödő kutyák immunrendszerét. Táplálkozási szakértők által kifejlesztve, állatorvosok jóváhagyásával és vezető tenyésztők ajánlásával, a EUKANUBA mindent biztosít, amire kutyájának a hosszú és egészséges élethez szüksége lehet. Tovább olvasok"}
{"breadcrumb": "Főoldal/Kutya/Eledelek/Száraz eledelek/Eukanuba Small&Medium Breeds száraz kutyaeledel senior bárány&rizs 2,5kg", "product_name": "Eukanuba Small&Medium Breeds száraz kutyaeledel senior bárány&rizs 2,5kgEukanuba Small&Medium Breeds száraz kutyaeledel senior bárány&rizs 2,5kg", "brand": "Eukanuba1,1kg – 4kgIdősjuh&bárány&kecskeérzékeny emésztésűkistestű 10kg-ig", "regular_price": "3 499", "selling_price": "2 999", "price_per_unit": "1 kg=2480 Ft", "product_url": "https://webshop.fressnapf.hu/termekek/eukanuba-kutya-szarazeledel-smallmedium-breeds-senior-baranyrizs-25kg/", "product_description": "EUKANUBA prémium száraztáp idősödő és idős, kis és közepes termetű kutyák számára. 7 éves kortól. Bárányhúsban és rizsben gazdag receptúra, érzékeny bőrű és/vagy gyomrú fajták igényeire szabva. Könnyen emészthető. Prebiotikummal és klinikailag igazolt cukorrépapéppel segíti az optimális emésztést. 28 napon belül csökkenti a fogkőképződést. Csökkenti a lepedék lerakódását, segíthet megőrizni az erős fogakat. Optimális béta-karotin- és E-vitamin-tartalmával támogatja az idősödő kutyák immunrendszerét. Táplálkozási szakértők által kifejlesztve, állatorvosok jóváhagyásával és vezető tenyésztők ajánlásával, a EUKANUBA mindent biztosít, amire kutyájának a hosszú és egészséges élethez szüksége lehet. Tovább olvasok"}
{"breadcrumb": "Főoldal/Kutya/Eledelek/Száraz eledelek/Eukanuba Small&Medium Puppy gabonamentes száraz kutyaeledel bárány 3kg", "product_name": "Eukanuba Small&Medium Puppy gabonamentes száraz kutyaeledel bárány 3kgEukanuba Small&Medium Puppy gabonamentes száraz kutyaeledel bárány 3kg", "brand": "Eukanuba1,1kg – 4kgKölyökjuh&bárány&kecskegabonamentes", "regular_price": "9 999", "selling_price": "8 999", "price_per_unit": "1 KG=2266 Ft", "product_url": "https://webshop.fressnapf.hu/termekek/eukanuba-smallmedium-puppy-gabonamentes-szaraz-kutyaeledel-barany-3kg/", "product_description": "Az EUKANUBA Grain Free* kis- és közepes testű kölyökkutyáknak szánt kutyaeledel magas frissfagyasztott  bárányhústartalmával támogatja a sovány, erős izomzatot. A receptúrában lévő antioxidánsok és vitaminok az erős immunrendszerről gondoskodnak, a hozzáadott gluténmentes* édesburgonya pedig természetes rost- és ásványianyag-forrásként szolgál. A táp cukorrépapép, valamint prebiotikus frukto-oligoszacharid (FOS) és mannán-oligoszacharid (MOS) tartalma az egészséges emésztés további támogatásához járul hozzá. Ezen kívül a tápban fellelhető kalcium elősegíti a csontok fejlődését. A táp természetes forrásból származó omega-3 zsírsavakat is tartalmaz. Ráadásul a kifejezetten kölyökkutyáknak kifejlesztett receptúránk DHA-t is tartalmaz, amely a tanulási képesség fejlesztésével segít okosabbá és könnyebben kiképezhetővé tenni a kutyakölyköket. A különleges alakú tápszemek az egyedi DentaDefense technológiával együtt segítenek megőrizni kutyája fogainak tisztaságát és egészségét. Az EUKANUBA Grain Free* kis- és közepes testű kölyökkutyáknak szánt kutyaeledel szilárd alapot nyújt kölyökkutyájának ahhoz, hogy egészséges felnőtté válhasson. Összetétel: frissen fagyasztott bárányhús (22%), szárított csirke és pulyka (22% tartalmaz csirke 13%, természetes glükozamin-, kondroitin- és taurin-forrás), burgonya, egész borsó, baromfizsír, édesburgonya (4%), szárított cukorrépapép (3%), csirke szaftos lében, halolaj, szárított egész tojás, szárított sörélesztő, nátrium-hexametafoszfát (0.4%), lenmag, frukto-oligoszacharidok (0.25%, természetes prebiotikum), mannán-oligoszacharidok (0.15%, természetes prebiotikum). Analitikai összetevők: fehérje: 28%, zsírtartalom: 17%, omega-6 zsírsavak: 2.5%, omega-3 zsírsavak: 0.58%, DHA: 0.18%, nyershamu: 7.3%, nyersrost: 3%, kalcium: 1.1%, foszfor: 0.92%. Tovább olvasok"}
{"breadcrumb": "Főoldal/Kutya/Eledelek/Száraz eledelek/Eukanuba száraz kutyaeledel Large Breeds adult bárány&rizs 12kg", "product_name": "Eukanuba száraz kutyaeledel Large Breeds adult bárány&rizs 12kgEukanuba száraz kutyaeledel Large Breeds adult bárány&rizs 12kg", "brand": "Eukanuba10,1 – 12kgFelnőttjuh&bárány&kecskeérzékeny emésztésű", "regular_price": "3 399", "selling_price": "2 999", "price_per_unit": "1 kg=1450 Ft", "product_url": "https://webshop.fressnapf.hu/termekek/eukanuba-kutya-szarazeledel-large-breeds-adult-baranyrizs-12kg/", "product_description": "EUKANUBA prémium száraztáp nagytestű felnőtt kutyák számára. 1-6 éves. Bárányhúsban és rizsben gazdag receptúrája érzékeny bőrű vagy gyomrú kutyák igényeire lett szabva. Ez a száraztáp prebiotikumokat és cukorrépapépet tartalmaz az egészséges emésztés elősegítése érdekében. Omega-6 és Omega-3 zsírsavakat is tartalmaz, ezzel segítve az egészséges bőr és a ragyogó szőrzet megőrzését, kiváló minőségű állati eredetű fehérje tartalma pedig elősegíti az erős és szálkás izomzat kifejlődését.Ízletes receptúránk az egyedi DentaDefense technológiánkat is magában foglalja a fogak tisztán tartása és egészsége érdekében. Táplálkozási szakértők által kifejlesztve, állatorvosok jóváhagyásával és a vezető tenyésztők ajánlásával, a EUKANUBA mindent biztosít, amire kutyájának a hosszú és egészséges élethez szüksége lehet. Összetétel: szárított csirke és pulyka (természetes glükozamin- és kondroitin-szulfát-forrás), bárány (14%), rizs (14%), kukorica, cirok, árpa, szárított egész tojás, szárított cukorrépapép (2,6%), állati eredetű zsír, hidrolizált állati fehérjék, kálium-klorid, nátrium-klorid, nátrium-hexametafoszfát, frukto-oligoszacharidok (0,26%), kalcium-karbonát, halolaj. Analitikai összetevők: Fehérje: 23,0%, Zsírtartalom: 13,0%, Omega-6 zsírsavak: 1,90%, Omega-3 zsírsavak: 0,22%, Nyershamu: 6,30%, Nyersrost: 2,30%, Kálcium: 0,95%, Foszfor: 0,85%. Adalékanyagok: Vitaminok: A-vitamin: 41811IU/kg, D₃-vitamin: 1387IU/kg, E-vitamin: 232mg/kg, L-karnitin: 44,0mg/kg, β-karotin: 4,6mg/kg. Nyomelemek: Réz-szulfát pentahidrát: 43mg/kg, Kálium-jodid: 3,1mg/kg, Vas-szulfát monohidrát: 575mg/kg, Mangán-szulfát monohidrát: 43mg/kg, Mangán-oxid: 31mg/kg, Cink-oxid: 200mg/kg. Tovább olvasok"}
{"breadcrumb": "Főoldal/Kutya/Eledelek/Száraz eledelek/Eukanuba száraz kutyaeledel Large Breeds adult csirke 15kg", "product_name": "Eukanuba száraz kutyaeledel Large Breeds adult csirke 15kgEukanuba száraz kutyaeledel Large Breeds adult csirke 15kg", "brand": "Eukanuba12,1kg – 15kgFelnőttszárnyas", "regular_price": "3 799", "selling_price": "3 299", "price_per_unit": "1 kg=1253 Ft", "product_url": "https://webshop.fressnapf.hu/termekek/eukanuba-kutya-szarazeledel-large-breeds-adult-csirke-15kg/", "product_description": "Az egyedülálló Aktív Felnőtt receptúránkat úgy alkottuk meg, hogy elősegítse az optimális kondíció fenntartását, valamint az egészséges növekedést és fejlődést. Nagy termetű kutyák számára 18 hónapos és 6 éves kor között, óriás termetű kutyák számára 2-5 éves korig. A nagy méretű ízletes tápszemek friss csirkehúsban gazdagok és kifejezetten a nagy termetű kutyafajták igényeire szabtuk. Ezenkívül egyedülálló hatszög formájának köszönhetően kutyája fogainak egészségéről is gondoskodik. Táplálkozási szakértők által kifejlesztve, állatorvosok jóváhagyásával és a vezető tenyésztők ajánlásával, a EUKANUBA minden tápanyagot biztosít, amire kutyájának a hosszú és egészséges élethez szüksége lehet. -Prebiotikumok és cukorrépapép az egészséges emésztés támogatásáért. -Természetes omega-6 és omega-3 források az egészséges bőrért és szőrzetért. -Kalcium és glükozamin az egészséges csontok és ízületek támogatásáért. -Antioxidánsok és E-vitamin az immunrendszer támogatásáért. -Különleges formájú falatok egyedi DentaDefense technológiával a fogak tisztán tartása és egészsége érdekében. -L-karnitin a megfelelő testsúly beállításának és fenntartásának elősegítéséért. Összetétel: Friss csirke (18%), szárított csirke & pulyka 18% (ebből csirke 11%), kukorica, búza, zab, árpa, baromfizsír, cirok, csirke szaftos lében, szárított cukorrépapép (2,5%), ásványi anyagok (ebből nátrium-hexametafoszfát (0,34 %)), halliszt, kukoricapép, szárított egész tojás, frukto-oligoszacharidok (0,2%), szárított sörélesztő, glükozamin (állati eredetű szövetekből)(0.04%). Analitikai összetevők: Fehérje 24%, Zsírtartalom 13%, Omega-6 zsírsavak 2,9%, Omega-3 zsírsavak 0,36%, Nyershamu 5,9%, Nyersrost 2,9%, Kalcium 1,2 %, Foszfor 1,0% Adalékanyagok: (/kg): Vitaminok: A-vitamin: 47622IU, C-vitamin: 60mg, D₃-vitamin: 1580IU, E-vitamin: 265mg, β‐karotin: 5,2mg, L‐karnitin: 50mg. Nyomelemek: réz-szulfát-pentahidrát (réz): 12mg, kálium-jodid (jód): 2,4mg, vas-szulfát monohidrát (vas): 64mg, mangán-szulfát monohidrát (mangán): 37mg, cink-oxid (cink): 106mg, nátrium-szelenit (szelén) 0,06mg. Antioxidánsok: (természetes) tokoferol kivonat növényi olajból 98mg. Ízesítő összetevők: természetes rozmaring kivonat 49mg, tea kivonat 24mg, yucca kivonat 250mg Tovább olvasok"}
{"breadcrumb": "Főoldal/Kutya/Eledelek/Száraz eledelek/Eukanuba száraz kutyaeledel Large Breeds junior csirke 15kg", "product_name": "Eukanuba száraz kutyaeledel Large Breeds junior csirke 15kgEukanuba száraz kutyaeledel Large Breeds junior csirke 15kg", "brand": "Eukanuba12,1kg – 15kgKölyökszárnyas", "regular_price": "3 699", "selling_price": "3 499", "price_per_unit": "1 kg=1320 Ft", "product_url": "https://webshop.fressnapf.hu/termekek/eukanuba-kutya-szarazeledel-large-breeds-junior-csirke-15kg/", "product_description": "EUKANUBA  prémium száraztáp fiatal nagy termetű kutyák számára. 12 és 18 hónapos kor között ajánlott nagytestű kutyáknak, óriástestű kutyáknak pedig 14 és 24 hónapos koruk között.Fejlődésben lévő fiatal felnőtt termékeinket úgy fejlesztettük, hogy hozzájáruljanak az optimális kondícióhoz és az egészséges növekedéshez és fejlődéshez.Ízletes, nagy falatkák, melyek friss csirkehúsban gazdagok, és kifejezetten a nagytestű kutyák igényeinek megfelelően fejlesztettük ki. A falatok egyedi, hatszögű formája segít a kutya fogainak ápolásában is.A DHA segíti a kölykök tanulását, könnyebben képezhetők. Prebiotikumok és cukorrépapép az egészséges emésztés támogatásáért. Antioxidáns E- és C-vitamin az immunrendszer támogatásáért. Kalcium a csontok fejlődésének elősegítésére.Természetes omega-6 és omega-3 források az egészséges bőrért és szőrzetért. Különleges formájú falatok egyedi DentaDefense technológiával a fogak tisztán tartása és egészsége érdekében. Táplálkozási szakértők fejlesztették, állatorvosok hagyták jóvá, és tenyésztők ajánlják. A EUKANUBA teljes körű étrendet kínál, hogy kutyájának hosszú, egészséges élete legyen. Összetétel: friss csirke (20%), szárított csirke és pulyka 14% (tartalmaz csirke 8%), kukoricadara, kukorica, búza, halliszt, zab, rizs, baromfizsír, árpa, cirok, csirke szaftos lében, szárított cukorrépapép (2.5%), ásványi anyagok (tartalmaz nátrium-hexametafoszfát (0.33%)), szárított egész tojás, halolaj, halkivonat, frukto-oligoszacharidok (0.24%), szárított sörélesztő, mannán-oligoszacharidok. Analitikai összetevők: fehérje 25%, zsírtartalom 14%, omega-6 zsírsavak 2.8%, omega-3 zsírsavak 0.74%, nyershamu 5.6%, nyersrost 2.1%, kalcium 0.95%, foszfor 0.82%, DHA 0.18%. Adalékanyagok: Vitaminokat: A-vitamin 47202IU, C-vitamin 59mg, D₃-vitamin 1566IU, E-vitamin 262mg, béta-karotin 5.2mg. Nyomelemek: rézszulfát pentahidrát (réz) 13mg, kálium-jodid (jód) 2.6mg, vas-szulfát-monohidrát (vas) 68mg, mangán-szulfát-monohidrát (mangán) 39mg, cink-oxid (cink) 113mg. Antioxidánsok: (természetes) növényi olajból származó tokoferol-kivonat 107mg. Aromaanyagok: organikus rozmaring-kivonat 51mg, teakivonat 26mg, jukka-kivonat 250mg. Tovább olvasok"}
{"breadcrumb": "Főoldal/Kutya/Eledelek/Száraz eledelek/Eukanuba száraz kutyaeledel Large Breeds senior csirke 15kg", "product_name": "Eukanuba száraz kutyaeledel Large Breeds senior csirke 15kgEukanuba száraz kutyaeledel Large Breeds senior csirke 15kg", "brand": "Eukanuba12,1kg – 15kgIdősszárnyas", "regular_price": "3 699", "selling_price": "3 299", "price_per_unit": "1 kg=1287 Ft", "product_url": "https://webshop.fressnapf.hu/termekek/eukanuba-kutya-szarazeledel-large-breeds-senior-csirke-15kg/", "product_description": "EUKANUBA  prémium száraztáp nagy termetű kutyák számára 9 éves kortól, óriás termetű kutyák számára 8 éves kortól. Egyedülálló receptúránkat úgy alkottuk meg, hogy elősegítse az optimális kondíció fenntartását és a mozgékonyságot.A nagy méretű ízletes tápszemek friss csirkehúsban gazdagok és kifejezetten a nagy termetű kutyafajták igényeire szabtuk. Ezenkívül egyedülálló hatszög formájának köszönhetően kutyája fogainak egészségéről is gondoskodik. -Prebiotikumok és cukorrépapép az egészséges emésztés támogatásáért. -Természetes omega-6 és omega-3 források az egészséges bőrért és szőrzetért. -Glükozamin és kondroitin az ízületek egészségének megőrzéséért és a mozgékonyság fenntartásáért. -Kalcium az erős csontokért.Antioxidáns E- és C-vitamin az immunrendszer támogatásáért. -Különleges formájú falatok egyedi DentaDefense technológiával a fogak tisztán tartása és egészsége érdekében. -L-karnitin az ideális testsúly fenntartásáért. Táplálkozási szakértők által kifejlesztve, állatorvosok jóváhagyásával és a vezető tenyésztők ajánlásával, a EUKANUBA minden tápanyagot biztosít, amire kutyájának a hosszú és egészséges élethez szüksége lehet. Összetétel: friss csirke (17%), szárított csirke és pulyka 17% (tartalmaz csirke 10%), kukorica, búza, zab, halliszt, rizs, árpa, baromfizsír, kukoricadara, csirke szaftos lében, szárított cukorrépapép (2.5%), szárított egész tojás, ásványi anyagok (tartalmaz nátrium-hexametafoszfát (0.34%)), frukto-oligoszacharidok (0.37%), halolaj, mannán-oligoszacharidok, szárított sörélesztő, glükozamin (állati szövetekből)(0.04%), kondroitin-szulfát (0.004%). Analitikai összetevők: fehérje 26%, zsírtartalom 13%, omega-6 zsírsavak 2.7%, omega-3 zsírsavak 0.47%, nyershamu 5.9%, nyersrost 2.5%, kalcium 1.2%, foszfor 1.0%. Adalékanyagok: Vitaminokat: A-vitamin 47153IU, C-vitamin 59mg, D₃-vitamin 1565IU, E-vitamin 262mg, béta-karotin 5.1mg, L-karnitin 50mg. Nyomelemek: rézszulfát pentahidrát (réz) 12mg, kálium-jodid (jód) 2.4mg, vas-szulfát-monohidrát (vas) 64mg, mangán-szulfát-monohidrát (mangán) 37mg, cink-oxid (cink) 106mg. Antioxidánsok: (természetes) növényi olajból származó tokoferol-kivonat 94mg. Aromaanyagok: organikus rozmaring-kivonat 47mg, teakivonat 23mg, jukka-kivonat 250mg. Tovább olvasok"}
{"breadcrumb": "Főoldal/Kutya/Eledelek/Száraz eledelek/Eukanuba száraz kutyaeledel Small&Medium Breeds adult  bárány&rizs 12kg", "product_name": "Eukanuba száraz kutyaeledel Small&Medium Breeds adult  bárány&rizs 12kgEukanuba száraz kutyaeledel Small&Medium Breeds adult  bárány&rizs 12kg", "brand": "Eukanuba10,1 – 12kgFelnőttjuh&bárány&kecskeérzékeny emésztésű", "regular_price": "9 999", "selling_price": "8 999", "price_per_unit": "1 kg=1442 Ft", "product_url": "https://webshop.fressnapf.hu/termekek/eukanuba-kutya-szarazeledel-smallmedium-breeds-adult-baranyrizs-12kg/", "product_description": "EUKANUBA prémium száraztáp kis és közepes termetű felnőtt kutyák számára. 1-6 éves. Bárányhúsban és rizsben gazdag receptúrája érzékeny bőrű vagy gyomrú kutyák igényeire lett szabva. Ez a száraztáp prebiotikumokat és cukorrépapépet tartalmaz az egészséges emésztés elősegítése érdekében. Omega-6 és Omega-3 zsírsavakat is tartalmaz, ezzel segítve az egészséges bőr és a ragyogó szőrzet megőrzését, kiváló minőségű állati eredetű fehérje tartalma pedig elősegíti az erős és szálkás izomzat kifejlődését.Ízletes receptúránk az egyedi DentaDefense technológiánkat is magában foglalja a fogak tisztán tartása és egészsége érdekében. Táplálkozási szakértők által kifejlesztve, állatorvosok jóváhagyásával és a vezető tenyésztők ajánlásával, a EUKANUBA mindent biztosít, amire kutyájának a hosszú és egészséges élethez szüksége lehet. Összetétel: szárított csirke és pulyka, bárány (14%), rizs (14%), kukorica, cirok, árpa, szárított egész tojás, állati eredetű zsír, szárított cukorrépapép (2,6%), hidrolizált állati fehérjék, halliszt, kálium-klorid, nátrium-klorid, kalcium-karbonát, nátrium-hexametafoszfát, frukto-oligoszacharidok (0,26%), halolaj. Analitikai összetevők: Fehérje: 24,0%, Zsírtartalom: 15,5%, Omega-6 zsírsavak: 2,21%, Omega-3 zsírsavak: 0,26%, Nyershamu: 6,50%, Nyersrost: 2,00%, Kálcium: 1,10%, Foszfor: 0,85%. Adalékanyagok: Vitaminok: A-vitamin: 41778IU/kg, D₃-vitamin: 1386IU/kg, E-vitamin: 232mg/kg, β-karotin: 4,6mg/kg. Nyomelemek: Réz-szulfát pentahidrát: 43mg/kg, Kálium-jodid: 3,1mg/kg, Vas-szulfát monohidrát: 575mg/kg, Mangán-szulfát monohidrát: 43mg/kg, Mangán-oxid: 31mg/kg, Cink-oxid: 200mg/kg. Tovább olvasok"}
{"breadcrumb": "Főoldal/Kutya/Eledelek/Gyógyhatású eledelek/Eukanuba Vet Diet Dermatosis FP száraz kutyaeledel hal&burgonya 12kg", "product_name": "Eukanuba Vet Diet Dermatosis FP száraz kutyaeledel hal&burgonya 12kgEukanuba Vet Diet Dermatosis FP száraz kutyaeledel hal&burgonya 12kg", "brand": "EukanubaVet Diet10,1 – 12kgFelnőtthal&tenger gyümölcseibőr&szőr ápoló", "regular_price": "7 194", "selling_price": "5 394", "price_per_unit": "1 KG=2167 Ft", "product_url": "https://webshop.fressnapf.hu/termekek/eukanuba-vet-diet-dermatosis-fp-szaraz-kutyaeledel-halburgonya-12kg/", "product_description": "Fehérje- és szénhidrátforrások – hal/burgonya az ételallergia és ételintolerancia csökkentéséért Omega-6 és omega-3 zsírsav beállított aránya – segít a gyulladás és az atópia sejtszinten történő étrendi kezelésében Frukto-oligoszacharidok* – olyan prebiotikumok, amelyek hozzájárulnak a gyomor- és bélrendszer egészségéhez, és egy klinikai vizsgálat bizonyította, hogy segítenek fenntartani a jótékony hatású és potenciálisan kórokozó baktériumok közötti egyensúlyt E-vitamin: antioxidáns az erős immunrendszer fenntartása érdekében Az Eukanuba Veterinary Diets Dermatosis FP (hal és burgonya) kutyatáp úgy készült, hogy segítse a dermatosisban vagy túlzott szőrhullásban szenvedő kutyák bőrfunkcióját, valamint csökkentse az összetevőkkel és a tápanyagokkal szembeni intoleranciát. Az összetevőkkel és a tápanyagokkal szembeni intolerancia miatti allergiás bőrreakciók visszaszorítása érdekében a táp válogatott állati fehérjeforrásként halat, szénhidrátforrásként pedig burgonyát tartalmaz. Emellett az omega-6 és omega-3 zsírsavak célzott aránya segít az atópia és a gyulladás sejtszinten történő étrendi kezelésében. Az eledelben fellelhető prebiotikus frukto-oligoszacharidok pedig a gyomor- és bélrendszer egészségét támogatják, és egy klinikai vizsgálat eredményei szerint segítenek fenntartani a jótékony és a potenciálisan kórokozó baktériumok egyensúlyát. Az Eukanuba Veterinary Diets Dermatosis FP E-vitaminnal is ellátja kutyáját, amely az immunrendszert erősíti. Az eledel alkalmazásának megkezdése, illetve használati idejének meghosszabbítása előtt javasolt kikérni állatorvos szakvéleményét, hogy meg lehessen határozni kutyája igényeit. Összetevők: burgonya, halliszt, baromfizsír, szárított cukorrépapép (4%), hal szaftos lében, ásványi anyagok (tartalmaz nátrium-hexametafoszfát), napraforgó-olaj, frukto-oligoszacharidok (0.5%). Analitikai összetétel: fehérje: 22%, zsírtartalom: 15%, omega-6 zsírsavak: 2.83%, omega-3 zsírsavak: 0.78%, linolsav: 2.7%, EPA+DHA: 0.46%, nyershamu: 6.5%, nyersrost: 1.7%, kalcium: 1.1%, foszfor: 0.78%. Tovább olvasok"}
{"breadcrumb": "Főoldal/Kutya/Eledelek/Gyógyhatású eledelek/Eukanuba Vet Diet száraz kutyaeledel gyomor&emésztés szárnyas 12kg", "product_name": "Eukanuba Vet Diet száraz kutyaeledel gyomor&emésztés szárnyas 12kgEukanuba Vet Diet száraz kutyaeledel gyomor&emésztés szárnyas 12kg", "brand": "EukanubaVet Diet10,1 – 12kgFelnőttszárnyasgyomor&emésztés", "regular_price": "25999", "selling_price": "", "price_per_unit": "1 KG=2167 Ft", "product_url": "https://webshop.fressnapf.hu/termekek/eukanuba-vet-diet-szaraz-kutyaeledel-gyomoremesztes-szarnyas-12kg/", "product_description": "Az Eukanuba Veterinary Diets Intestinal száraz kutyatáp az akut emésztési felszívódási zavarok visszaszorítását, illetve az emésztési zavarok, köztük a krónikus hasnyálmirigy-elégtelenség ellensúlyozását célozza. Az Intestinal eledel emellett a zsíranyagcsere szabályozására is szolgál hiperlipidémia (magas vérzsírszint) esetén. A receptben lévő mannán-oligoszacharidok (MOS) megkötik a potenciálisan kórokozó baktériumokat, megakadályozva ezzel a megtapadásukat a bélfalakon, hogy a széklettel biztonságosan távozzanak a szervezetből. Továbbá a táp cukorrépapépet is tartalmaz. Ez a mérsékelten erjedő rost butirátot, egy rövidláncú zsírsavat termel, amely a bélsejtek (enterociták) előnyös energiaforrásaként szolgál. Segít fenntartani a bélrendszer egészségét és a széklet optimális állagát. Az általánosan alacsonyabb zsírszint csökkenti a hasnyálmirigyre rótt terhelést, ily módon támogatva a gyomor-bélrendszeri rendellenességek által esetlegesen meggyengített emésztési funkciót. A táp ezenkívül segít minimalizálni a zsírszéklet (steatorrhea) előfordulását. Az omega-6 és omega-3 zsírsavak beállított aránya segít a gyulladás sejtszinten történő kezelésében. Alkalmazása vagy használati idejének meghosszabbítása előtt javasolt kikérni állatorvos véleményét a kutya igényeinek meghatározása érdekében. Összetevők: fehér rizs, szárított csirke és pulyka, kukorica, szárított egész tojás, szárított cukorrépapép (3,3%), sertészsír, csirke szaftos lében, ásványi anyagok (tartalmaz nátrium-hexametafoszfát 0.38%), frukto-oligoszacharidok (1%), szárított sörélesztő, lenmag, halolaj, mannán-oligoszacharidok (0.19%). Analitikai összetétel: fehérje: 23%, zsírtartalom: 10%, omega-6 zsírsavak: 1.75%, omega-3 zsírsavak: 0.23%, nyershamu: 7.5%, nyersrost: 1.4%, kalcium: 1.4%, foszfor: 1%, kálium: 0.9%, nátrium: 0.6%. Tovább olvasok"}
{"breadcrumb": "Főoldal/Kutya/Eledelek/Gyógyhatású eledelek/Eukanuba Vet Diet száraz kutyaeledel gyomor&emésztés szárnyas 5kg", "product_name": "Eukanuba Vet Diet száraz kutyaeledel gyomor&emésztés szárnyas 5kgEukanuba Vet Diet száraz kutyaeledel gyomor&emésztés szárnyas 5kg", "brand": "EukanubaVet Diet4,1kg – 10kgFelnőttszárnyasgyomor&emésztés", "regular_price": "14999", "selling_price": "", "price_per_unit": "1 KG=3000 Ft", "product_url": "https://webshop.fressnapf.hu/termekek/eukanuba-vet-diet-szaraz-kutyaeledel-gyomoremesztes-szarnyas-5kg/", "product_description": "Az Eukanuba Veterinary Diets Intestinal száraz kutyatáp az akut emésztési felszívódási zavarok visszaszorítását, illetve az emésztési zavarok, köztük a krónikus hasnyálmirigy-elégtelenség ellensúlyozását célozza. Az Intestinal eledel emellett a zsíranyagcsere szabályozására is szolgál hiperlipidémia (magas vérzsírszint) esetén. A receptben lévő mannán-oligoszacharidok (MOS) megkötik a potenciálisan kórokozó baktériumokat, megakadályozva ezzel a megtapadásukat a bélfalakon, hogy a széklettel biztonságosan távozzanak a szervezetből. Továbbá a táp cukorrépapépet is tartalmaz. Ez a mérsékelten erjedő rost butirátot, egy rövidláncú zsírsavat termel, amely a bélsejtek (enterociták) előnyös energiaforrásaként szolgál. Segít fenntartani a bélrendszer egészségét és a széklet optimális állagát. Az általánosan alacsonyabb zsírszint csökkenti a hasnyálmirigyre rótt terhelést, ily módon támogatva a gyomor-bélrendszeri rendellenességek által esetlegesen meggyengített emésztési funkciót. A táp ezenkívül segít minimalizálni a zsírszéklet (steatorrhea) előfordulását. Az omega-6 és omega-3 zsírsavak beállított aránya segít a gyulladás sejtszinten történő kezelésében. Alkalmazása vagy használati idejének meghosszabbítása előtt javasolt kikérni állatorvos véleményét a kutya igényeinek meghatározása érdekében. Összetevők: fehér rizs, szárított csirke és pulyka, kukorica, szárított egész tojás, szárított cukorrépapép (3,3%), sertészsír, csirke szaftos lében, ásványi anyagok (tartalmaz nátrium-hexametafoszfát 0.38%), frukto-oligoszacharidok (1%), szárított sörélesztő, lenmag, halolaj, mannán-oligoszacharidok (0.19%). Analitikai összetétel: fehérje: 23%, zsírtartalom: 10%, omega-6 zsírsavak: 1.75%, omega-3 zsírsavak: 0.23%, nyershamu: 7.5%, nyersrost: 1.4%, kalcium: 1.4%, foszfor: 1%, kálium: 0.9%, nátrium: 0.6%. Tovább olvasok"}
{"breadcrumb": "Főoldal/Kutya/Eledelek/Gyógyhatású eledelek/Eukanuba Vet Diet száraz kutyaeledel izület védelem szárnyas 12kg", "product_name": "Eukanuba Vet Diet száraz kutyaeledel izület védelem szárnyas 12kgEukanuba Vet Diet száraz kutyaeledel izület védelem szárnyas 12kg", "brand": "EukanubaVet Diet10,1 – 12kgFelnőttszárnyasízület védelem", "regular_price": "25999", "selling_price": "", "price_per_unit": "1 KG=2167 Ft", "product_url": "https://webshop.fressnapf.hu/termekek/eukanuba-vet-diet-szaraz-kutyaeledel-izulet-vedelem-szarnyas-12kg/", "product_description": "Az Eukanuba Veterinary Diet Joint Mobility alacsony energiatartalmával segít szabályozni a kutyák testsúlyát, mivel az egészséges testsúly hozzájárul az ízületeken lévő teher csökkentéséhez. Ráadásul az eledel a zsír oxidációját könnyítő L-karnitin tartalmával a túlsúly csökkentésére is alkalmas. Az ízületek egészségének további támogatása érdekében a táp tisztított glükózamin és kondroitin-szulfát forrásokat tartalmaz, ellátva a kutyákat a porc alapvető építőanyagaival. Az omega-6 és omega-3 zsírsavak beállított aránya segít a gyulladás sejtszinten történő étrendi kezelésében, ráadásul a kiváló minőségű állati fehérje megfelelő szintje az izomtömeget és a létfontosságú szerveket is támogatja, ami különösen fontos az idősebb kutyáknak. Az eledel alkalmazásának megkezdése, illetve használati idejének meghosszabbítása előtt javasolt kikérni állatorvos szakvéleményét, hogy meg lehessen határozni kutyája igényeit. Az Eukanuba Veterinary Diet Joint Mobility kutyatápot addig kell alkalmazni, amíg el nem éri a kívánt testsúlyt. Ha ennél hosszabb ideig szeretné alkalmazni, kérje állatorvosa tanácsát. Összetevők: szárított csirke és pulyka, kukorica, búza, cirok, árpa, sertészsír, szárított cukorrépapép, csirke szaftos lében, ásványi anyagok (tartalmaz nátrium-hexametafoszfát), szárított egész tojás, lenmag, frukto-oligoszacharidok, szárított sörélesztő, glükozamin (állati szövetekből) (718 mg/kg), kondroitin-szulfát (72mg/kg). Analitikai összetétel: fehérje: 27%, zsírtartalom: 11%, omega-6 zsírsavak: 2.21%, omega-3 zsírsavak: 0.27%, nyershamu: 7%, nyersrost: 2.2%, kalcium: 1.5%, foszfor: 1.2%. Metabolizálható energia (NRC 2006a): 3669 kcal/kg. Tovább olvasok"}
{"breadcrumb": "Főoldal/Kutya/Eledelek/Gyógyhatású eledelek/Eukanuba Vet Diet száraz kutyaeledel súlycsökkentő szárnyas 12kg", "product_name": "Eukanuba Vet Diet száraz kutyaeledel súlycsökkentő szárnyas 12kgEukanuba Vet Diet száraz kutyaeledel súlycsökkentő szárnyas 12kg", "brand": "EukanubaVet Diet10,1 – 12kgFelnőttszárnyashízásra hajlamos&gabonamentes", "regular_price": "25999", "selling_price": "", "price_per_unit": "1 KG=2167 Ft", "product_url": "https://webshop.fressnapf.hu/termekek/eukanuba-vet-diet-szaraz-kutyaeledel-sulycsokkento-szarnyas-12kg/", "product_description": "Az Eukanuba Veterinary Diets Restricted Calorie kutyaeledel a túlsúly visszaszorítását célozza. A tápban fellelhető L-karnitin a zsír oxidációjának serkentése révén hozzájárul a testsúly szabályozásához és az ideális testfelépítés eléréséhez. Ráadásul az alacsony zsírtartalmú táp a kiváló minőségű állati fehérjének köszönhetően a kalóriabevitelt is csökkenti. Ezenfelül az árpából és zabból álló kiegyensúlyozott szénhidrátkeverék a vércukorszint és az inzulinválasz optimalizálást is elősegíti. Az Eukanuba Veterinary Diets Restricted Calorie kutyatáp a benne lévő tisztított glükózamin és kondroitin-szulfát forrásokkal biztosítja a porcok építőanyagát, hogy így javítsa az ízületek egészségét. Alkalmazása vagy használati idejének meghosszabbítása előtt javasolt kikérni állatorvos véleményét a kutya igényeinek meghatározása érdekében. Az Eukanuba Veterinary Diets Restricted Calorie kutyatápot az állat kívánt testsúlyának eléréséig kell alkalmazni. Ha ennél hosszabb ideig szeretné használni, kérje állatorvos szakvéleményét. Összetevők: szárított csirke és pulyka, kukorica, búza, zab, árpa, szárított cukorrépapép, cellulóz, csirke szaftos lében, szárított almapép, halliszt, baromfizsír, szárított sörélesztő, ásványi anyagok (tartalmaz nátrium-hexametafoszfát), szárított egész tojás, frukto-oligoszacharidok, nátrium-klorid, halolaj, lenmag, kálium-klorid, glükozamin (állati szövetekből) (450mg/kg), kondroitin-szulfát (45mg/kg). Analitikai összetétel: fehérje: 28%, zsírtartalom: 7.5%, omega-6 zsírsavak: 1.60%, omega-3 zsírsavak: 0.22%, nyershamu: 7.7%, nyersrost: 7.5%, kalcium: 1.7%, foszfor: 1.2%, Metabolizálható energia (NRC 2006a): 3131kcal/kg. Tovább olvasok"}
{"breadcrumb": "Főoldal/Kutya/Eledelek/Gyógyhatású eledelek/Eukanuba Vet Diet száraz kutyaeledel súlycsökkentő szárnyas 5kg", "product_name": "Eukanuba Vet Diet száraz kutyaeledel súlycsökkentő szárnyas 5kgEukanuba Vet Diet száraz kutyaeledel súlycsökkentő szárnyas 5kg", "brand": "EukanubaVet Diet4,1kg – 10kgFelnőttszárnyashízásra hajlamos&gabonamentes", "regular_price": "14999", "selling_price": "", "price_per_unit": "1 KG=3000 Ft", "product_url": "https://webshop.fressnapf.hu/termekek/eukanuba-vet-diet-szaraz-kutyaeledel-sulycsokkento-szarnyas-5kg/", "product_description": "Az Eukanuba Veterinary Diets Restricted Calorie kutyaeledel a túlsúly visszaszorítását célozza. A tápban fellelhető L-karnitin a zsír oxidációjának serkentése révén hozzájárul a testsúly szabályozásához és az ideális testfelépítés eléréséhez. Ráadásul az alacsony zsírtartalmú táp a kiváló minőségű állati fehérjének köszönhetően a kalóriabevitelt is csökkenti. Ezenfelül az árpából és zabból álló kiegyensúlyozott szénhidrátkeverék a vércukorszint és az inzulinválasz optimalizálást is elősegíti. Az Eukanuba Veterinary Diets Restricted Calorie kutyatáp a benne lévő tisztított glükózamin és kondroitin-szulfát forrásokkal biztosítja a porcok építőanyagát, hogy így javítsa az ízületek egészségét. Alkalmazása vagy használati idejének meghosszabbítása előtt javasolt kikérni állatorvos véleményét a kutya igényeinek meghatározása érdekében. Az Eukanuba Veterinary Diets Restricted Calorie kutyatápot az állat kívánt testsúlyának eléréséig kell alkalmazni. Ha ennél hosszabb ideig szeretné használni, kérje állatorvos szakvéleményét. Összetevők: szárított csirke és pulyka, kukorica, búza, zab, árpa, szárított cukorrépapép, cellulóz, csirke szaftos lében, szárított almapép, halliszt, baromfizsír, szárított sörélesztő, ásványi anyagok (tartalmaz nátrium-hexametafoszfát), szárított egész tojás, frukto-oligoszacharidok, nátrium-klorid, halolaj, lenmag, kálium-klorid, glükozamin (állati szövetekből) (450mg/kg), kondroitin-szulfát (45mg/kg). Analitikai összetétel: fehérje: 28%, zsírtartalom: 7.5%, omega-6 zsírsavak: 1.60%, omega-3 zsírsavak: 0.22%, nyershamu: 7.7%, nyersrost: 7.5%, kalcium: 1.7%, foszfor: 1.2%, Metabolizálható energia (NRC 2006a): 3131kcal/kg. Tovább olvasok"}
{"breadcrumb": "Főoldal/Kutya/Eledelek/Gyógyhatású eledelek/Eukanuba Vet Diet száraz kutyaeledel szőr&bőr hal&burgonya 5kg", "product_name": "Eukanuba Vet Diet száraz kutyaeledel szőr&bőr hal&burgonya 5kgEukanuba Vet Diet száraz kutyaeledel szőr&bőr hal&burgonya 5kg", "brand": "EukanubaVet Diet4,1kg – 10kgFelnőtthal&tenger gyümölcseibőr&szőr ápoló", "regular_price": "14999", "selling_price": "", "price_per_unit": "1 KG=3000 Ft", "product_url": "https://webshop.fressnapf.hu/termekek/eukanuba-vet-diet-szaraz-kutyaeledel-szorbor-halburgonya-5kg/", "product_description": "Az Eukanuba Veterinary Diets Dermatosis FP (hal és burgonya) kutyatáp úgy készült, hogy segítse a dermatosisban vagy túlzott szőrhullásban szenvedő kutyák bőrfunkcióját, valamint csökkentse az összetevőkkel és a tápanyagokkal szembeni intoleranciát. Az összetevőkkel és a tápanyagokkal szembeni intolerancia miatti allergiás bőrreakciók visszaszorítása érdekében a táp válogatott állati fehérjeforrásként halat, szénhidrátforrásként pedig burgonyát tartalmaz. Emellett az omega-6 és omega-3 zsírsavak célzott aránya segít az atópia és a gyulladás sejtszinten történő étrendi kezelésében. Az eledelben fellelhető prebiotikus frukto-oligoszacharidok pedig a gyomor- és bélrendszer egészségét támogatják, és egy klinikai vizsgálat eredményei szerint segítenek fenntartani a jótékony és a potenciálisan kórokozó baktériumok egyensúlyát. Az Eukanuba Veterinary Diets Dermatosis FP E-vitaminnal is ellátja kutyáját, amely az immunrendszert erősíti. Az eledel alkalmazásának megkezdése, illetve használati idejének meghosszabbítása előtt javasolt kikérni állatorvos szakvéleményét, hogy meg lehessen határozni kutyája igényeit. Összetevők: burgonya, halliszt, baromfizsír, szárított cukorrépapép (4%), hal szaftos lében, ásványi anyagok (tartalmaz nátrium-hexametafoszfát), napraforgó-olaj, frukto-oligoszacharidok (0.5%). Analitikai összetétel: fehérje: 22%, zsírtartalom: 15%, omega-6 zsírsavak: 2.83%, omega-3 zsírsavak: 0.78%, linolsav: 2.7%, EPA+DHA: 0.46%, nyershamu: 6.5%, nyersrost: 1.7%, kalcium: 1.1%, foszfor: 0.78%. Tovább olvasok"}
{"breadcrumb": "Főoldal/Kutya/Eledelek/Táplálékkiegészítők&vitaminok/Farkaskonyha Baby-Dog kutyák számára 80g", "product_name": "Farkaskonyha Baby-Dog kutyák számára 80gFarkaskonyha Baby-Dog kutyák számára 80g", "brand": "Farkaskonyha0g – 100gFelnőttpelletvemhes vagy szoptató", "regular_price": "5599", "selling_price": "", "price_per_unit": "1 kg=69988 Ft", "product_url": "https://webshop.fressnapf.hu/termekek/farkaskonyha-baby-dog-kutyak-szamara-80g/", "product_description": "Kölyök és mamakutyák emésztését támogató gyógynövénykeverék. Étrend és környezetváltozás (új otthon, utazás) esetén, szilárd táplálékra történő átálláskor, féreghajtást, gyógyszeres kezeléseket követően ajánlott étrend-kiegészítő útifűmaghéjjal, vörös szilfa-kéregporral, kaporral, homoktövissel és édesgyökérrel. A gyomor és béltraktust támogató gyógynövénykeverék kölyköknek és mamáiknak. Javasolt tejről szilárd eledelre váltásnál, féreghajtás, gyógyszeres kezelések után. A vörös szilfakéreg és az egyiptomi útifű maghéj a gyomor és bélműködést támogatja A színes, bogyós termésű homoktövis karotinoidokban gazdag. A kapormag elősegítheti az emésztést puffadás, hasfájás esetén A mamakutyák emésztése a vemhesség utolsó harmadában – mivel terheli a növekvő vehemérzékenyebbé válhat A kölykök pocakja féreghajtás, étrendváltás, környezetváltozás, hasmenés esetén igényelhet egy kis plusz támogatást TIPP: Kölyökkutyáknak már elválasztástól ajánlott. Mamakutyáknak a vemhesség utolsó harmadától egészen az elválasztásig ajánlott Keverd el az eledellel, vagy egy kis mézzel és natúr joghurttal Alkalmazás 2 hónapos kúrában javasolt, szükség esetén folyamatosan is adható. AJÁNLOTT NAPI ADAG: 1g / 5kg 1 mérőkanál kb. 3g Szükség szerint (étrendváltáskor, utazáskor) néhány napig és kúraszerűen is ajánlott  (2-3 hónapig) az emésztőrendszer támogatására. Az ajánlott napi mennyiség csak általános ajánlás, az ideális mennyiség egyedenként eltérő lehet, függ kedvenced étrendjétől, aktivitásától, életkorától. Összetevők: vörös szilfa kéreg, orvosi ziliz, útifű maghéj, homoktövis, kapormag, édesgyökér Analitikai összetevők: nyersfehérje 3%, nyersrost 6,5%, nyers olajok és zsírok 1,5%, nyershamu max. 10%, nedvességtartalom max. 10% Tovább olvasok"}
{"breadcrumb": "Főoldal/Kutya/Eledelek/Táplálékkiegészítők&vitaminok/Farkaskonyha barna alga kutyák számára 150g", "product_name": "Farkaskonyha barna alga kutyák számára 150gFarkaskonyha barna alga kutyák számára 150g", "brand": "Farkaskonyha101g – 200gFelnőttporbőr&szőr ápoló", "regular_price": "3699", "selling_price": "", "price_per_unit": "1 kg=24660 Ft", "product_url": "https://webshop.fressnapf.hu/termekek/farkaskonyha-barna-alga-kutyak-szamara-150g/", "product_description": "Az egészséges szőr és az immunrendszer támogatására. Kálium, réz és cinktartalmának, vitamin és ásványi anyag tartalmának köszönhetően a titkos segítőtárs a sokkal dúsabb, fénylő szőr elérésében! Hab a tortán, hogy az immunrendszer működését is támogatja! A tengeri hínárként is ismert barna alga támogatja a dús, fénylő, egészséges szőrzetet, a megfelelő pigmentációt és az immunrendszer megfelelő működését. Természetes vitaminokban, ásványi anyagokban és nyomelemekben, többek között jódban is gazdag. Bővelkedik antioxidánsokban – flavonoidokban és karotinoidokban is –  emellett magas a nátrium alginát tartalma. Gazdag kálium- és jódtartalmának köszönhetően hasznos lehet szívbeteg kutyák étrendjében. A barna alga a farkasok természetes étrendjének része, megfigyelések szerint a tengerpartok közelében élő farkasok rendszeresen járnak le tengerpartra és előszeretettel fogyasztják TIPP: Kizárólag ellenőrzött jódtartalmú barna algát etess – óvakodj az ellenőrizetlen (magas) jódtartalomtól. A Farkaskonyha barna alga jódtartalmát laboratóriumban ellenőrizzük, mindig a határértéken belül: 0,04 – 0,06% között van Mivel nagyon kis mennyiségre van szükség belőle (0,1g / 5kg / nap), praktikusabb, ha a heti mennyiséget (= 0,7g / 5kg / hét) hetente egyszer adod oda Alkalmazás 2 hónapos kúrában javasolt, szükség esetén folyamatosan is adható. Adagolás AJÁNLOTT NAPI ADAG: 0,1g / 5kg 1 mérőkanál kb. 6g Kúraszerűen, vagy folyamatosan is adható. Tekintve, hogy ez egy kiegészítő táplálék, ajánlott mennyisége nagyban függ az elfogyasztott táplálék összetételétől, fontos, hogy ezt az adagolásnál vedd figyelembe. Összetevők: 100% Ascophyllum nodosum Tovább olvasok"}
{"breadcrumb": "Főoldal/Kutya/Eledelek/Táplálékkiegészítők&vitaminok/Farkaskonyha bio kókuszolaj 250ml", "product_name": "Farkaskonyha bio kókuszolaj 250mlFarkaskonyha bio kókuszolaj 250ml", "brand": "FarkaskonyhaFelnőttfolyadékimmunerősítő", "regular_price": "5099", "selling_price": "", "price_per_unit": "1 l=20396 Ft", "product_url": "https://webshop.fressnapf.hu/termekek/farkaskonyha-bio-kokuszolaj-250ml/", "product_description": "Az egészséges szív és érrendszer, az immunrendszer és a bélflóra támogatására ajánlott, laurinsavban, értékes esszenciális aminosavakban, vitaminokban és ásványi anyagokban gazdag természetes étrend kiegészítő, amit a kutyák – cicák imádnak! Támogatja a szív és érrendszer működését. Mintegy 50% laurinsav tartalmának köszönhetően jótékony hatással van az emésztőrendszerre és az immunrendszerre. A laurinsav természetes gomba és baktériumölő tulajdonságokkal is bír. Támogatja az egészséges bélflóra fenntartását, kiegészítő védelemként, megelőzési célból hasznos lehet a paraziták elleni harcban. (Ne a szükséges féreghajtó helyettesítésére használd, hanem kiegészítő védelemként.) Elősegítheti a vércukorszint egyensúlyban tartását, cukorbeteg kutyák és cicák számára is hasznos étrend-kiegészítő. Tele van értékes esszenciális aminosavakkal, valamint vitaminokkal (pl E és K vitamin) és ásványi anyagokkal. (vas, kálium, magnézium, cink, foszfor). Emellett egészséges, gyorsan hasznosuló energiaforrás. Közvetlenül a friss kókusz húsából nyert bio kókuszolaj, kontrollált biológiai gazdálkodásból. A kíméletes hideg sajtolásnak köszönhetően megtartja ennek a különleges gyümölcsnek az értékes összetevőit. Nem finomított, nem  hidrogenizált. Természetes étrend-kiegészítő kutyáknak és macskáknak. -hozzájárulhat a szív és érrendszer egészséges működéséhez -támogatja az egészséges bélflóra fenntartását -jótékony hatással van az immunrendszerre és az emésztésre -segíthet a vércukorszint egyensúlyban tartásában -kiegészítő védelmet nyújthat a szervezetnek a baktériumok, gombák, paraziták elleni harcban Alkalmazás: Folyamatosan, az étrend kiegészítéseként javasolt. Adagolás AJÁNLOTT NAPI ADAG: 1,25 ml / 5 kg Kúraszerűen, vagy folyamatosan is adható. Hetente 2-3 alkalommal ajánlott az egészséges étrend kiegészítésére. A megadott napi mennyiség csak általános ajánlás, a napi ajánlott bevitel egyedenként eltérő lehet, függ kedvenced étrendjétől, aktivitásától, életkorától. ÖSSZETEVŐK: 100% Bio kókuszolaj Analitikai összetevők: Átlagos tápérték 100 grammonként: Energia 370kj / 900Kcal. Nyersolajok és zsírok 99,9%, Ebből telített zsírsavak 94,2, amelyből laurinsav 49,2 g. Egyszeresen telítetlen zsírsav 4,9g. Többszörösen telítetlen zsírsav 0,8g Tovább olvasok"}
{"breadcrumb": "Főoldal/Kutya/Eledelek/Táplálékkiegészítők&vitaminok/Farkaskonyha bio tojáshéjpor 200g", "product_name": "Farkaskonyha bio tojáshéjpor 200gFarkaskonyha bio tojáshéjpor 200g", "brand": "Farkaskonyha101g – 200gFelnőttporcsonterősítő", "regular_price": "4799", "selling_price": "", "price_per_unit": "1 kg=23995 Ft", "product_url": "https://webshop.fressnapf.hu/termekek/farkaskonyha-bio-tojashejpor-200g/", "product_description": "Természetes kalcium kiegészítő. Egészítsd ki vele kutyád, cicád eledelét, ha te készíted a menüjét és húst adsz neki (akár főve, akár nyersen), azonban csontot nem. Magas biohasznosulású természetes kalciumforrás, kutyák és cicák kalcium igényének fedezésére. Előnye, hogy természetes módon tartalmaz kalciumot: 100%-ban natúrtermék, mentes adalékanyagoktól, állományjavítóktól, ízfokozóktól. A kalcium gondoskodik a csontok és a fogak egészségéről, elengedhetetlen a szervezet megfelelő működéséhez. Megnövekedett kalciumszükséglet esetén (kölyökkorban és szoptató szukáknál) hasznos. A főtt házi koszt praktikus kalcium kiegészítője. A bio tojáshéjpor kalcium-karbonát tartalma ~ 38,6%. Kalcium kiegészítésre akkor lehet szükség, ha: Kedvenced főtt házi koszton van és gondoskodni szeretnél a kalcium bevitelről BARF étrenden van, de valamely oknál fogva nem adsz neki nyers csontot Étrendje nem tartalmaz elegendő kalciumot TIPP: Tojáshéjporból mindig válassz BIO minőséget Ellenőrzött ökológiai gazdálkodásból származó, nem gyógyszerezett tyúkok tojásaiból készült, így rendkívül magas tisztaságú Keverd el az eledellel, vagy egy kis mézzel és natúr joghurttal Alkalmazás: Folyamatosan, az étrend kiegészítéseként javasolt. AJÁNLOTT NAPI ADAG: kutyák: ~ 1g / 5kg kölyökkutyák: ~ 2-3g / 5kg macskák: ~ 0,75g / 5kg kölyökmacskák: ~ 1,5-2g / 5kg Kúraszerűen, vagy folyamatosan is adható a kutya csontfogyasztásától függően. FONTOS: Fenti példa csak iránymutatásként szolgál, a bevitt kalcium szükséges mennyisége étrendtől, életkortól, mérettől függően változhat. ÖSSZETEVŐK: 100% bio tojáshéjpor Tovább olvasok"}
{"breadcrumb": "Főoldal/Kutya/Eledelek/Táplálékkiegészítők&vitaminok/Farkaskonyha csipkebogyópor kutyák és macskák számára 200g", "product_name": "Farkaskonyha csipkebogyópor kutyák és macskák számára 200gFarkaskonyha csipkebogyópor kutyák és macskák számára 200g", "brand": "Farkaskonyha101g – 200gFelnőttporimmunerősítő", "regular_price": "2799", "selling_price": "", "price_per_unit": "1 kg=13995 Ft", "product_url": "https://webshop.fressnapf.hu/termekek/farkaskonyha-csipkebogyopor-kutyak-es-macskak-szamara-200g/", "product_description": "Az immunrendszer támogatására A vadon termő csipkebogyó, népies nevén ebrózsa kedvenceink étrendjében is kiemelten hasznos, sokoldalú általános immunerősítő. A kutyák szervezete képes C-vitamint szintetizálni. A C-vitamin szükségletet sok tényező befolyásolja, azonban a városi életmód, a stressz, a kipufogógázok, a méreganyagok okozta terhelés mellett jól jön egy kis extra támogatás az immunrendszernek. A természetes C-vitamint a szervezet jobban hasznosíthatja, mint a szintetikus aszkorbinsavat Stresszhelyzetekben, betegségek kapcsán is támogatja az immunrendszert Javíthatja az ízületvédők – a zöldkagylópor, glükozamin, MSM, kollagén hasznosulását Megakadályozza a szabad gyökök kialakulását A-, B-, C-, E-, K-vitamint, folsavat, flavonokat tartalmaz, természetes antioxidáns A C vitaminon túl A, B, E, K vitamint, folsavat, értékes flavonokat tartalmaz. Támogasd természetesen kedvenced immunrendszerét! Adagolás: Folyamatosan, az étrend kiegészítéseként javasolt. Összetevők: 100% csipkebogyópor Tovább olvasok"}
{"breadcrumb": "Főoldal/Kutya/Eledelek/Táplálékkiegészítők&vitaminok/Farkaskonyha Detox-Mix kutyák számára 80g", "product_name": "Farkaskonyha Detox-Mix kutyák számára 80gFarkaskonyha Detox-Mix kutyák számára 80g", "brand": "Farkaskonyha0g – 100gFelnőttpelletvesekímélő", "regular_price": "4499", "selling_price": "", "price_per_unit": "1 kg=56238 Ft", "product_url": "https://webshop.fressnapf.hu/termekek/farkaskonyha-detox-mix-kutyak-szamara-80g/", "product_description": "A vesét és a húgyutakat támogató gyógynövénykeverék. Csalánmaggal, galagonyavirággal, csalánlevéllel, mezei zsurlóval, aranyvesszőfűvel készült méregtelenítést elősegítő gyógynövénymix kutyáknak. Kúraszerűen ajánlott az étrend kiegészítésére. Az egymással szinergiában lévő gyógynövények támogatólag hatnak húgyúti problémák és vesebetegség esetén, elősegítik a kutya kiválasztó szerveinek egészséges működését. A vesét és a húgyutak méregtelenítését elősegítő gyógynövénymix csalánmaggal, galagonyavirággal, csalánlevéllel, mezei zsurlóval, aranyvesszőfűvel és kakukkfűvel készült. A csalán tápanyagokban az egyik leggazdagabb gyógynövényünk, bioflavonoidokat is tartalmaz, a csalánmag tonizálja a vesét. A mezei zsurló, népies nevén vesefű – általánosan tisztítja a szervezetet, legfőbb előnye a vese működésének támogatásában rejlik. A vese fő feladata szervezet sav-bázis egyensúlyának fenntartása és a szervezetben termelődő káros anyagok kiválasztása – ezt a folyamatot támogathatod a vese és a húgyutak egészségének fenntartását elősegítő gyógynövények kombinációjával TIPP: Célszerű legalább 2 hónapon át kiegészíteni vele kutyád étrendjét A teljes támogatásért a Detox-Mix mellett az étrendet kiegészítheted vitaminokban gazdag spirulinával, vagy bio lucernaporral is Keverd el az eledellel, vagy egy kis mézzel és natúr joghurttal Alkalmazás 2 hónapos kúrában javasolt, szükség esetén folyamatosan is adható. AJÁNLOTT NAPI ADAG: 1g / 5kg 1 mérőkanál kb. 2g Kúraszerűen ajánlott adni (egy kúra, illetve a kúrák közti szünet időtartama kb. 2-3 hónap). A megadott napi mennyiség csak általános ajánlás, a napi ajánlott bevitel egyedenként eltérő lehet, függ kedvenced étrendjétől, aktivitásától, életkorától. Összetevők: csalánlevél, aranyvesszőfű, mezei zsurló, kakukkfű, galagonyatermés, csalánmag Analitikai összetevők: nyersfehérje 3,5%, nyersrost 4,5%, nyers olajok és zsírok 0,8%, nyershamu max. 12%, nedvességtartalom max 12% Tovább olvasok"}
{"breadcrumb": "Főoldal/Kutya/Eledelek/Táplálékkiegészítők&vitaminok/Farkaskonyha Humin-Pet huminsav kutyák és macskák számára 150g", "product_name": "Farkaskonyha Humin-Pet huminsav kutyák és macskák számára 150gFarkaskonyha Humin-Pet huminsav kutyák és macskák számára 150g", "brand": "Farkaskonyha101g – 200gFelnőttporgyomor&emésztés", "regular_price": "4699", "selling_price": "", "price_per_unit": "1 kg=31327 Ft", "product_url": "https://webshop.fressnapf.hu/termekek/farkaskonyha-humin-pet-huminsav-kutyak-es-macskak-szamara-150g/", "product_description": "Allergia esetén és a méregtelenítés támogatására. A méreganyagok, környezeti toxinok kiválasztását támogató, magas koncentrációjú huminsavakból készült étrend-kiegészítő. Élethelyzetek, amikor célszerű lehet huminsavakkal támogatni kedvenced emésztőrendszerét: -étel- és környezeti allergia, ételintolerancia esetén -túl kevés, vagy túl sok gyomorsavra utaló tünetek felmerülésekor (étel visszaöklendezése, habos hányás, reflux) -féreghajtás, gyógyszeres kezelések után -érzékeny emésztés esetén Allergiás eredetű panaszok: lábrágás, tappancs nyalogatás, bőrgyulladás, valamint reflux, emésztőrendszeri panaszok esetén kutyáknak és cicáknak. Természetesen méregtelenít. Adagolás: Kúraszerűen, vagy folyamatosan is adható. Már 1-2 hétig tartó alkalmazás is hasznos (kullancs ellenes szerek, féreghajtó kezelések után), de legcélszerűbb 2 hónapos kúrában alkalmazni. Elkeverhető a napi kajával, vagy külön, egy kis natúr joghurttal. Összetevők: Cellu-Ligno-Karbon-Isolat (CLK-WH67®) speciálisan szelektált természetes huminsavak kombinációja Analitikai összetevők: nyershamu ~15%, nyersfehérje ~7%, nyersrostok ~5%, nyersolajok és zsírok < 1% Tovább olvasok"}
{"breadcrumb": "Főoldal/Kutya/Eledelek/Táplálékkiegészítők&vitaminok/Farkaskonyha Immun-R gyógynövénykeverék kutyák számára 80g", "product_name": "Farkaskonyha Immun-R gyógynövénykeverék kutyák számára 80gFarkaskonyha Immun-R gyógynövénykeverék kutyák számára 80g", "brand": "Farkaskonyha0g – 100gFelnőttporimmunerősítő", "regular_price": "4499", "selling_price": "", "price_per_unit": "1 kg=56238 Ft", "product_url": "https://webshop.fressnapf.hu/termekek/farkaskonyha-immun-r-gyogynovenykeverek-kutyak-szamara-80g/", "product_description": "Az immunrendszert támogató gyógynövénymix. Kakukkfűvel, gyömbérrel, ginzenggel készült gyógynövénykeverék kutyáknak. Elősegíti a szervezet regenerálódását betegségek, gyógyszeres kezelések után. A féreghajtók, a kullancs elleni szerek, a gyógyszerek, környezeti toxinok jelentős terhet rónak a kutyáink szervezetére, ezt ellensúlyozandó célszerű természetes étrenddel és gyógynövényekkel támogatni a szervezet méregtelenítő folyamatait. Az egymással szinergiában lévő gyógynövények speciális keveréke támogatja a kutyád immunrendszerét minden életkorban. Karbantartja a méregtelenítő szerveket (máj és epe) és a kiválasztó szerveket (vese, húgyutak), ezáltal elősegítve az immunrendszer egészséges működését. A máriatövismag szilimarin tartalmának köszönhetően a máj működését támogatja A kakukkfű és a gyömbér remek immunerősítők A ginzeng természetes antioxidáns, a szervezetet erősítő hatásáról ismert Adagolás: Kúraszerűen ajánlott adni (egy kúra, illetve a kúrák közti szünet időtartama kb. 2-3 hónap). Összetevők: gyermekláncfűlevél, máriatövismag, csalánlevél, gyömbér, kakukkfű, ginzeng Analitikai összetevők: nyersfehérje 3%, nyersrost 0,8%, nyers olajok és zsírok 0,4%, nyershamu max. 15%, nedvességtartalom max 12% Tovább olvasok"}
{"breadcrumb": "Főoldal/Kutya/Eledelek/Táplálékkiegészítők&vitaminok/Farkaskonyha Joint Aid kutyák számára 300g", "product_name": "Farkaskonyha Joint Aid kutyák számára 300gFarkaskonyha Joint Aid kutyák számára 300g", "brand": "Farkaskonyha201g – 400gFelnőttízület védelem", "regular_price": "13299", "selling_price": "", "price_per_unit": "1 KG=44330 Ft", "product_url": "https://webshop.fressnapf.hu/termekek/farkaskonyha-joint-aid-kutyak-szamara-300g/", "product_description": "Komplex ízületvédő az ízületek, inak és az izmok egészségéért Akkor ajánljuk, ha kedvenced nehezen mozog, csípő, könyök vállízületi diszpláziás, sérülést, sportsérülést szenvedett, vagy egészséges, de teljeskörűen támogatnád ízületeit. Támogatja a kölyökkutyák ízületeinek fejlődését. Artrózis, arthritis esetén, traumát követően, idősebb életkorban elősegíti az ízületek, inak, porcok és az izmok egészségének fenntartását. * Kurkumin * Hialuronsav * Kollagén * MSM * Chondroitin * Glükozamin * Omega 3 zsírsavak * Glutamin * E vitamin * Aminosavak * Nyomelemek Extra C-vitaminnal: támogatja az ízületvédők hasznosulását és elengedhetetlen a kollagén szintéziséhez Piperin feketebors kivonattal, amely elősegíti az aktív összetevők (pl kurkumin) felszívódását Az ízületvédők hatékonyságát a felszívódásuk nagyban befolyásolja: a Joint Aid® Oatinol® vivőrendszere galaktolipid emulgeálókkal, értékes antioxidánsokkal, béta-glükán és a foszfolipidek segítségével támogatja az összetevők kiemelkedően jó hasznosulását  anélkül, hogy irritálná az emésztést. TIPP: A Joint Aid jó választás, ha a kutyád: -Senior (8 évnél idősebb), elkoptak az ízületei -Sportkutya, fokozott terhelést kap -Fejlődésben lévő kölyökkutya és szüksége van extra támogatásra -Sérülés miatt szeretnéd segíteni a regenerációját Alkalmazás Folyamatosan, az étrend kiegészítéseként javasolt. AJÁNLOTT NAPI ADAG: Fenntartó mennyiség 1g / 5kg 1 mérőkanál kb. 5g Teljes támogatás ízületi problémák esetén 2g / 5kg 1 mérőkanál kb. 5g Kúraszerűen, vagy folyamatosan is adható. A megadott napi mennyiség csak általános ajánlás, a napi ajánlott bevitel egyedenként eltérő lehet, függ kedvenced étrendjétől, aktivitásától, életkorától. Tovább olvasok"}
{"breadcrumb": "Főoldal/Kutya/Eledelek/Táplálékkiegészítők&vitaminok/Farkaskonyha kollagén kutyák és macskák számára 125g", "product_name": "Farkaskonyha kollagén kutyák és macskák számára 125gFarkaskonyha kollagén kutyák és macskák számára 125g", "brand": "Farkaskonyha101g – 200gFelnőttporízület védelem", "regular_price": "3499", "selling_price": "", "price_per_unit": "1 kg=27992 Ft", "product_url": "https://webshop.fressnapf.hu/termekek/farkaskonyha-kollagen-kutyak-es-macskak-szamara-125g/", "product_description": "Az ízületek, inak, porcok egészségéért. A kollagén stimulálja a kutyák porcképződését, támogatja a sporttraumák, balesetek, műtétek utáni regenerációt. Sérülést követően, valamint idősebb kutyák, sportkutyák étrendjének kiegészítésére ajánlott. A kollagénrostok mennyisége meghatározza az inak szakítószilárdságát, amely az életkor előrehaladtával csökken. Mivel a kollagén a bőr, a szőr, a karmok természetes alkotóeleme is, támogatólag hat rossz bőr és szőrminőség és töredezett karmok esetén is. Stimulálja a kutyák porcképződését, javítja a sporttraumák, balesetek, műtétek utáni regenerációt, növeli az ízületek terhelhetőségét. 100% természetes sertéskollagén. Adagolás: Folyamatosan, az étrend kiegészítéseként javasolt. Kúraszerűen, vagy folyamatosan is adható Összetevők: 100% hidrolizált sertéskollagén Tovább olvasok"}
{"breadcrumb": "Főoldal/Kutya/Eledelek/Jutalomfalatok&rágcsák/Farkaskonyha kutya rágcsa bárányfejbőr 200g", "product_name": "Farkaskonyha kutya rágcsa bárányfejbőr 200gFarkaskonyha kutya rágcsa bárányfejbőr 200g", "brand": "Farkaskonyha101g – 200gFelnőttjuh&bárány&kecskerágócsontok&rágórudak", "regular_price": "2299", "selling_price": "", "price_per_unit": "1 kg=11495 Ft", "product_url": "https://webshop.fressnapf.hu/termekek/farkaskonyha-kutya-ragcsa-baranyfejbor-200g/", "product_description": "Szárított bárány fejbőr – a hosszantartó rágcsálnivaló. A rágás ápolja az ínyt és remek elfoglaltság az unalmas órákban. A kíméletes, alacsony hőmérsékleten történő szárításnak köszönhetően jól megtartja vitamin és ásványi anyag tartalmát. Támogatja a természetes emésztési folyamatot, jó minőségű fehérjét, rostokat tartalmaz. 100%-ban természetes, nem tartalmaz mesterséges színezéket, tartósítószert, ízfokozókat, aromákat. A rágcsálás remek elfoglaltságot jelent az unalmas órákban, ráadásul csökkenti a fogkőképződést. Támogatja a természetes emésztési folyamatot, jó minőségű fehérjét, rostokat tartalmaz Elfoglaltságot jelent az unalmas órákban Csökkenti a fogkőképződést 100%-ban természetes Visszazárható csomagolásban ÖSSZETEVŐK: Szárított bárány fejbőr Analitikai összetevők: nyersfehérje: 44,00%, nyersolajok és zsírok 5,00%, nyershamu 4,80%, nyersrostok 2%, nedvességtartalom 12,00% Tovább olvasok"}
{"breadcrumb": "Főoldal/Kutya/Eledelek/Jutalomfalatok&rágcsák/Farkaskonyha kutya rágcsa báránypacal 100g", "product_name": "Farkaskonyha kutya rágcsa báránypacal 100gFarkaskonyha kutya rágcsa báránypacal 100g", "brand": "Farkaskonyha0g – 100gFelnőttjuh&bárány&kecskerágócsontok&rágórudak", "regular_price": "1799", "selling_price": "", "price_per_unit": "1 kg=17990 Ft", "product_url": "https://webshop.fressnapf.hu/termekek/farkaskonyha-kutya-ragcsa-baranypacal-100g/", "product_description": "Szárított báránypacal 100%-ban természetes rágcsálnivaló. A rágás ápolja az ínyt és remek elfoglaltság az unalmas órákban, amikor kedvenced egyedül van otthon. A kíméletes, alacsony hőmérsékleten történő szárításnak köszönhetően jól megtartja vitamin és ásványi anyag tartalmát . Támogatja a természetes emésztési folyamatot, jó minőségű fehérjét, rostokat tartalmaz. 100%-ban természetes, nem tartalmaz mesterséges színezéket, tartósítószert, ízfokozókat, aromákat. A bárány pacal gazdag B vitaminokban – kiváló kiegészítője az egészséges étrendnek. A rágcsálás remek elfoglaltságot jelent az unalmas órákban, ráadásul csökkenti a fogkőképződést. Támogatja a természetes emésztési folyamatot, jó minőségű fehérjét, rostokat tartalmaz Gazdag B vitaminokban Elfoglaltságot jelent az unalmas órákban Csökkenti a fogkőképződést 100%-ban természetes Visszazárható csomagolásban ÖSSZETEVŐK: Szárított bárány pacal Analitikai összetevők: nyersfehérje 43,90%, nyersolajok és zsírok 6,10%, nyershamu 4,95%, nyersrostok 2%, nedvességtartalom 12,00% Tovább olvasok"}
{"breadcrumb": "Főoldal/Kutya/Eledelek/Jutalomfalatok&rágcsák/Farkaskonyha kutya rágcsa báránypacal 200g", "product_name": "Farkaskonyha kutya rágcsa báránypacal 200gFarkaskonyha kutya rágcsa báránypacal 200g", "brand": "Farkaskonyha101g – 200gFelnőttjuh&bárány&kecskerágócsontok&rágórudak", "regular_price": "2699", "selling_price": "", "price_per_unit": "1 kg=13495 Ft", "product_url": "https://webshop.fressnapf.hu/termekek/farkaskonyha-kutya-ragcsa-baranypacal-200g/", "product_description": "Szárított báránypacal 100%-ban természetes rágcsálnivaló. A rágás ápolja az ínyt és remek elfoglaltság az unalmas órákban, amikor kedvenced egyedül van otthon. A kíméletes, alacsony hőmérsékleten történő szárításnak köszönhetően jól megtartja vitamin és ásványi anyag tartalmát . Támogatja a természetes emésztési folyamatot, jó minőségű fehérjét, rostokat tartalmaz. 100%-ban természetes, nem tartalmaz mesterséges színezéket, tartósítószert, ízfokozókat, aromákat. A bárány pacal gazdag B vitaminokban – kiváló kiegészítője az egészséges étrendnek. A rágcsálás remek elfoglaltságot jelent az unalmas órákban, ráadásul csökkenti a fogkőképződést. Támogatja a természetes emésztési folyamatot, jó minőségű fehérjét, rostokat tartalmaz Gazdag B vitaminokban Elfoglaltságot jelent az unalmas órákban Csökkenti a fogkőképződést 100%-ban természetes Visszazárható csomagolásban ÖSSZETEVŐK: Szárított bárány pacal Analitikai összetevők: nyersfehérje 43,90%, nyersolajok és zsírok 6,10%, nyershamu 4,95%, nyersrostok 2%, nedvességtartalom 12,00% Tovább olvasok"}
{"breadcrumb": "Főoldal/Kutya/Eledelek/Jutalomfalatok&rágcsák/Farkaskonyha kutya rágcsa báránytüdő 200g", "product_name": "Farkaskonyha kutya rágcsa báránytüdő 200gFarkaskonyha kutya rágcsa báránytüdő 200g", "brand": "Farkaskonyha101g – 200gFelnőttjuh&bárány&kecskerágócsontok&rágórudak", "regular_price": "1999", "selling_price": "", "price_per_unit": "1 kg=9995 Ft", "product_url": "https://webshop.fressnapf.hu/termekek/farkaskonyha-kutya-ragcsa-baranytudo-200g/", "product_description": "100% szárított báránytüdő – természetes jutalomfalat, rágcsálnivaló. 100%-ban természetes, nem tartalmaz mesterséges színezéket, tartósítószert, ízfokozókat, aromákat. A rágcsálás remek elfoglaltságot jelent az unalmas órákban, ráadásul csökkenti a fogkőképződést. A kíméletes, alacsony hőmérsékleten történő szárításnak köszönhetően jól megtartja vitamin és ásványi anyag tartalmát. Támogatja a természetes emésztési folyamatot, jó minőségű fehérjét, rostokat tartalmaz. 100%-ban természetes, nem tartalmaz mesterséges színezéket, tartósítószert, ízfokozókat, aromákat. Támogatja a természetes emésztési folyamatot, jó minőségű fehérjét, rostokat tartalmaz Elfoglaltságot jelent az unalmas órákban Csökkenti a fogkőképződést 100%-ban természetes Visszazárható csomagolásban ÖSSZETEVŐK: Szárított bárány tüdő Analitikai összetevők: nyersfehérje: 71,5%, nyersolajok és zsírok 8,9%, nyershamu 7,4%, nyersrostok 2%, nedvességtartalom 12,00% Tovább olvasok"}
{"breadcrumb": "Főoldal/Kutya/Eledelek/Jutalomfalatok&rágcsák/Farkaskonyha kutya rágcsa marhafejbőr 250g", "product_name": "Farkaskonyha kutya rágcsa marhafejbőr 250gFarkaskonyha kutya rágcsa marhafejbőr 250g", "brand": "FarkaskonyhaFelnőttmarha&borjúrágócsontok&rágórudak", "regular_price": "2099", "selling_price": "", "price_per_unit": "1 kg=8396 Ft", "product_url": "https://webshop.fressnapf.hu/termekek/farkaskonyha-kutya-ragcsa-marhafejbor-250g/", "product_description": "Marha fejbőr, a hosszan tartó rágcsálnivaló. Nagyobb testű kutyáknak is ideális, szárított jutalomfalat. A kíméletes, alacsony hőmérsékleten történő szárításnak köszönhetően jól megtartja vitamin és ásványi anyag tartalmát. Támogatja a természetes emésztési folyamatot, jó minőségű fehérjét, rostokat tartalmaz. 100%-ban természetes, nem tartalmaz mesterséges színezéket, tartósítószert, ízfokozókat, aromákat. A rágcsálás remek elfoglaltságot jelent az unalmas órákban, ráadásul csökkenti a fogkőképződést. Támogatja a természetes emésztési folyamatot, jó minőségű fehérjét, rostokat tartalmaz Elfoglaltságot jelent az unalmas órákban Csökkenti a fogkőképződést 100%-ban természetes Visszazárható csomagolásban ÖSSZETEVŐK: Szárított marha fejbőr Analitikai összetevők: nyersfehérje: 79,34%, nyersolajok és zsírok 6,43%, nyershamu 1,00%, nyersrostok 2%, nedvességtartalom 12,00% Tovább olvasok"}
{"breadcrumb": "Főoldal/Kutya/Eledelek/Jutalomfalatok&rágcsák/Farkaskonyha kutya rágcsa marhafül 2db", "product_name": "Farkaskonyha kutya rágcsa marhafül 2dbFarkaskonyha kutya rágcsa marhafül 2db", "brand": "FarkaskonyhaFelnőttmarha&borjúrágócsontok&rágórudak", "regular_price": "1799", "selling_price": "", "price_per_unit": "1 DB=900 Ft", "product_url": "https://webshop.fressnapf.hu/termekek/farkaskonyha-kutya-ragcsa-marhaful-2db/", "product_description": "Szárított marhafül – a hosszantartó rágcsálnivaló. A rágás ápolja az ínyt és remek elfoglaltság az unalmas órákban. Szárított marhafül, amely a kíméletes, alacsony hőmérsékleten történő szárításnak köszönhetően jól megtartja vitamin és ásványi anyag tartalmát. Támogatja a természetes emésztési folyamatot, jó minőségű fehérjét, rostokat tartalmaz. 100%-ban természetes, nem tartalmaz mesterséges színezéket, tartósítószert, ízfokozókat, aromákat. A rágcsálás remek elfoglaltságot jelent az unalmas órákban, ráadásul csökkenti a fogkőképződést. Támogatja a természetes emésztési folyamatot, jó minőségű fehérjét, rostokat tartalmaz Elfoglaltságot jelent az unalmas órákban Csökkenti a fogkőképződést 100%-ban természetes Visszazárható csomagolásban ÖSSZETEVŐK: Szárított marhafül Analitikai összetevők: nyersfehérje 77,8%, nyersolajok és zsírok 6,4%, nyershamu 10,9%, nedvességtartalom 5,9% Tovább olvasok"}
{"breadcrumb": "Főoldal/Kutya/Eledelek/Jutalomfalatok&rágcsák/Farkaskonyha kutya rágcsa marhagége 250g", "product_name": "Farkaskonyha kutya rágcsa marhagége 250gFarkaskonyha kutya rágcsa marhagége 250g", "brand": "FarkaskonyhaFelnőttmarha&borjúrágócsontok&rágórudak", "regular_price": "1899", "selling_price": "", "price_per_unit": "1 kg=7596 Ft", "product_url": "https://webshop.fressnapf.hu/termekek/farkaskonyha-kutya-ragcsa-marhagege-250g/", "product_description": "Szárított marhagége természetes jutalomfalat, rágcsálnivaló. 100%-ban természetes, nem tartalmaz mesterséges színezéket, tartósítószert, ízfokozókat, aromákat. Néhány cm széles darabokra vágva. Szárított marhagége, amely a kíméletes, alacsony hőmérsékleten történő szárításnak köszönhetően jól megtartja vitamin és ásványi anyag tartalmát. Támogatja a természetes emésztési folyamatot, jó minőségű fehérjét, rostokat tartalmaz. 100%-ban természetes, nem tartalmaz mesterséges színezéket, tartósítószert, ízfokozókat, aromákat. A rágcsálás remek elfoglaltságot jelent az unalmas órákban, ráadásul csökkenti a fogkőképződést. Támogatja a természetes emésztési folyamatot, jó minőségű fehérjét, rostokat tartalmaz Elfoglaltságot jelent az unalmas órákban Csökkenti a fogkőképződést 100%-ban természetes Visszazárható csomagolásban ÖSSZETEVŐK: Szárított marhagége Analitikai összetevők: nyersfehérje 63,6%, nyersolajok és zsírok 21,4%, nyershamu 8,2%, nedvességtartalom 6,9% Tovább olvasok"}
{"breadcrumb": "Főoldal/Kutya/Eledelek/Jutalomfalatok&rágcsák/Farkaskonyha kutya rágcsa marhaín 150g", "product_name": "Farkaskonyha kutya rágcsa marhaín 150gFarkaskonyha kutya rágcsa marhaín 150g", "brand": "Farkaskonyha101g – 200gFelnőttmarha&borjúrágócsontok&rágórudak", "regular_price": "1699", "selling_price": "", "price_per_unit": "1 kg=11327 Ft", "product_url": "https://webshop.fressnapf.hu/termekek/farkaskonyha-kutya-ragcsa-marhain-150g/", "product_description": "Szárított marhaín. 100%-ban természetes rágcsálnivaló. A rágás ápolja az ínyt és remek elfoglaltság az unalmas órákban, amikor kedvenced egyedül van otthon. Remek rágcsálnivaló, amivel hosszú ideig lefoglalja magát kedvenced. A kíméletes, alacsony hőmérsékleten történő szárításnak köszönhetően jól megtartja vitamin és ásványi anyag tartalmát. Támogatja a természetes emésztési folyamatot, jó minőségű fehérjét, rostokat tartalmaz. 100%-ban természetes, nem tartalmaz mesterséges színezéket, tartósítószert, ízfokozókat, aromákat. Támogatja a természetes emésztési folyamatot, jó minőségű fehérjét, rostokat tartalmaz Elfoglaltságot jelent az unalmas órákban Csökkenti a fogkőképződést 100%-ban természetes Visszazárható csomagolásban ÖSSZETEVŐK: Szárított marha ín Analitikai összetevők: nyersfehérje: 60,87%, nyersolajok és zsírok 17,26%, nyershamu 7,96%, nyersrostok <2%, nedvességtartalom 12,00% Tovább olvasok"}
{"breadcrumb": "Főoldal/Kutya/Eledelek/Jutalomfalatok&rágcsák/Farkaskonyha kutya rágcsa marhaín 250g", "product_name": "Farkaskonyha kutya rágcsa marhaín 250gFarkaskonyha kutya rágcsa marhaín 250g", "brand": "FarkaskonyhaFelnőttmarha&borjúrágócsontok&rágórudak", "regular_price": "2299", "selling_price": "", "price_per_unit": "1 kg=9196 Ft", "product_url": "https://webshop.fressnapf.hu/termekek/farkaskonyha-kutya-ragcsa-marhain-250g/", "product_description": "Szárított marhaín. 100%-ban természetes rágcsálnivaló. A rágás ápolja az ínyt és remek elfoglaltság az unalmas órákban, amikor kedvenced egyedül van otthon. Remek rágcsálnivaló, amivel hosszú ideig lefoglalja magát kedvenced. A kíméletes, alacsony hőmérsékleten történő szárításnak köszönhetően jól megtartja vitamin és ásványi anyag tartalmát. Támogatja a természetes emésztési folyamatot, jó minőségű fehérjét, rostokat tartalmaz. 100%-ban természetes, nem tartalmaz mesterséges színezéket, tartósítószert, ízfokozókat, aromákat. Támogatja a természetes emésztési folyamatot, jó minőségű fehérjét, rostokat tartalmaz Elfoglaltságot jelent az unalmas órákban Csökkenti a fogkőképződést 100%-ban természetes Visszazárható csomagolásban ÖSSZETEVŐK: Szárított marha ín Analitikai összetevők: nyersfehérje: 60,87%, nyersolajok és zsírok 17,26%, nyershamu 7,96%, nyersrostok <2%, nedvességtartalom 12,00% Tovább olvasok"}
{"breadcrumb": "Főoldal/Kutya/Eledelek/Jutalomfalatok&rágcsák/Farkaskonyha kutya rágcsa marhamáj 250g", "product_name": "Farkaskonyha kutya rágcsa marhamáj 250gFarkaskonyha kutya rágcsa marhamáj 250g", "brand": "FarkaskonyhaFelnőttmarha&borjúrágócsontok&rágórudak", "regular_price": "2099", "selling_price": "", "price_per_unit": "1 kg=8396 Ft", "product_url": "https://webshop.fressnapf.hu/termekek/farkaskonyha-kutya-ragcsa-marhamaj-250g/", "product_description": "Szárított marhamáj, természetes jutalomfalat, rágcsálnivaló. 100%-ban természetes, nem tartalmaz mesterséges színezéket, tartósítószert, ízfokozókat, aromákat. Szárított marhamáj , visszazárható csomagolásban. A kíméletes, alacsony hőmérsékleten történő szárításnak köszönhetően jól megtartja vitamin és ásványi anyag tartalmát . Támogatja a természetes emésztési folyamatot, jó minőségű fehérjét, rostokat tartalmaz. A marhamáj gazdag B vitaminokban – kiváló kiegészítője az egészséges étrendnek. A rágcsálás remek elfoglaltságot jelent az unalmas órákban, ráadásul csökkenti a fogkőképződést. Támogatja a természetes emésztési folyamatot, jó minőségű fehérjét, rostokat tartalmaz Gazdag B vitaminokban Elfoglaltságot jelent az unalmas órákban Csökkenti a fogkőképződést 100%-ban természetes Visszazárható csomagolásban ÖSSZETEVŐK: Szárított marhamáj Analitikai összetevők: nyersfehérje 69,1%, nyersolajok és zsírok 12,6%, nyershamu 10,2%, nedvességtartalom 7,4% Tovább olvasok"}
{"breadcrumb": "Főoldal/Kutya/Eledelek/Jutalomfalatok&rágcsák/Farkaskonyha kutya rágcsa marhapacal 250g", "product_name": "Farkaskonyha kutya rágcsa marhapacal 250gFarkaskonyha kutya rágcsa marhapacal 250g", "brand": "FarkaskonyhaFelnőttmarha&borjúrágócsontok&rágórudak", "regular_price": "2699", "selling_price": "", "price_per_unit": "1 kg=10796 Ft", "product_url": "https://webshop.fressnapf.hu/termekek/farkaskonyha-kutya-ragcsa-marhapacal-250g/", "product_description": "Szárított marhapacal 100%-ban természetes rágcsálnivaló. A rágás ápolja az ínyt és remek elfoglaltság az unalmas órákban, amikor kedvenced egyedül van otthon. A kíméletes, alacsony hőmérsékleten történő szárításnak köszönhetően jól megtartja vitamin és ásványi anyag tartalmát . Támogatja a természetes emésztési folyamatot, jó minőségű fehérjét, rostokat tartalmaz. 100%-ban természetes, nem tartalmaz mesterséges színezéket, tartósítószert, ízfokozókat, aromákat. A marha pacal gazdag B vitaminokban – kiváló kiegészítője az egészséges étrendnek. A rágcsálás remek elfoglaltságot jelent az unalmas órákban, ráadásul csökkenti a fogkőképződést. Támogatja a természetes emésztési folyamatot, jó minőségű fehérjét, rostokat tartalmaz Gazdag B vitaminokban Elfoglaltságot jelent az unalmas órákban Csökkenti a fogkőképződést 100%-ban természetes Visszazárható csomagolásban ÖSSZETEVŐK: Szárított marha pacal Analitikai összetevők: nyersfehérje 71,1%, nyersolajok és zsírok 22,7%, nyershamu 7,7%, nedvességtartalom  4,2% Tovább olvasok"}
{"breadcrumb": "Főoldal/Kutya/Eledelek/Jutalomfalatok&rágcsák/Farkaskonyha kutya rágcsa marhaszív 200g", "product_name": "Farkaskonyha kutya rágcsa marhaszív 200gFarkaskonyha kutya rágcsa marhaszív 200g", "brand": "Farkaskonyha101g – 200gFelnőttmarha&borjúrágócsontok&rágórudak", "regular_price": "2499", "selling_price": "", "price_per_unit": "1 kg=12495 Ft", "product_url": "https://webshop.fressnapf.hu/termekek/farkaskonyha-kutya-ragcsa-marhasziv-200g/", "product_description": "100% szárított marhaszív – természetes jutalomfalat, rágcsálnivaló. 100%-ban természetes, nem tartalmaz mesterséges színezéket, tartósítószert, ízfokozókat, aromákat. Szárított marhaszív, amely a kíméletes, alacsony hőmérsékleten történő szárításnak köszönhetően jól megtartja vitamin és ásványi anyag tartalmát. Támogatja a természetes emésztési folyamatot, jó minőségű fehérjét, rostokat tartalmaz. 100%-ban természetes, nem tartalmaz mesterséges színezéket, tartósítószert, ízfokozókat, aromákat. Kiváló kiegészítője az egészséges étrendnek, remek csemege. A rágcsálás remek elfoglaltságot jelent az unalmas órákban, ráadásul csökkenti a fogkőképződést. Támogatja a természetes emésztési folyamatot, jó minőségű fehérjét, rostokat tartalmaz Elfoglaltságot jelent az unalmas órákban Csökkenti a fogkőképződést 100%-ban természetes Visszazárható csomagolásban ÖSSZETEVŐK: Szárított marhaszív Analitikai összetevők: nyersfehérje 73,4%, nyersolajok és zsírok 14%, nyershamu 6,5%, nedvességtartalom 5,1% Tovább olvasok"}
{"breadcrumb": "Főoldal/Kutya/Eledelek/Jutalomfalatok&rágcsák/Farkaskonyha kutya rágcsa nyúlfül 100g", "product_name": "Farkaskonyha kutya rágcsa nyúlfül 100gFarkaskonyha kutya rágcsa nyúlfül 100g", "brand": "Farkaskonyha0g – 100gFelnőttnyúlrágócsontok&rágórudak", "regular_price": "2099", "selling_price": "", "price_per_unit": "1 kg=20990 Ft", "product_url": "https://webshop.fressnapf.hu/termekek/farkaskonyha-kutya-ragcsa-nyulful-100g/", "product_description": "Szárított nyúlfül – az allergiás kutyák kedvenc jutalomfalata. 100%-ban természetes, nem tartalmaz mesterséges színezéket, tartósítószert, ízfokozókat, aromákat. A kíméletes, alacsony hőmérsékleten történő szárításnak köszönhetően jól megtartja vitamin és ásványi anyag tartalmát. Támogatja a természetes emésztési folyamatot, jó minőségű fehérjét, rostokat tartalmaz. 100%-ban természetes, nem tartalmaz mesterséges színezéket, tartósítószert, ízfokozókat, aromákat. A rágcsálás remek elfoglaltságot jelent az unalmas órákban, ráadásul csökkenti a fogkőképződést. Támogatja a természetes emésztési folyamatot, jó minőségű fehérjét, rostokat tartalmaz Elfoglaltságot jelent az unalmas órákban Csökkenti a fogkőképződést 100%-ban természetes Visszazárható csomagolásban ÖSSZETEVŐK: Szárított nyúlfül Analitikai összetevők: nyersfehérje 44,5 %, nyersolajok és zsírok 33,3%, nyershamu 6,7%, nedvességtartalom 2% Tovább olvasok"}
{"breadcrumb": "Főoldal/Kutya/Eledelek/Jutalomfalatok&rágcsák/Farkaskonyha kutya rágcsa nyúlfül szőrös 100g", "product_name": "Farkaskonyha kutya rágcsa nyúlfül szőrös 100gFarkaskonyha kutya rágcsa nyúlfül szőrös 100g", "brand": "Farkaskonyha0g – 100gFelnőttnyúlrágócsontok&rágórudak", "regular_price": "2099", "selling_price": "", "price_per_unit": "1 kg=20990 Ft", "product_url": "https://webshop.fressnapf.hu/termekek/farkaskonyha-kutya-ragcsa-nyulful-szoros-100g/", "product_description": "Szőrös nyúlfül – az allergiás kutyák kedvenc jutalomfalata. A szőr mintegy seprűként működve tisztítja a beleket, így támogatja az emésztési folyamatot. 100%-ban természetes, nem tartalmaz mesterséges színezéket, tartósítószert, ízfokozókat, aromákat. A kíméletes, alacsony hőmérsékleten történő szárításnak köszönhetően jól megtartja vitamin és ásványi anyag tartalmát. Támogatja a természetes emésztési folyamatot, jó minőségű fehérjét, rostokat tartalmaz. A szőr a bélben és a gyomorfalon kvázi seprűként működve tisztítja a bélfalat, a gyomor falát, ezáltal is támogatva az egészséges emésztést. 100%-ban természetes, nem tartalmaz mesterséges színezéket, tartósítószert, ízfokozókat, aromákat. A rágcsálás remek elfoglaltságot jelent az unalmas órákban, ráadásul csökkenti a fogkőképződést. Támogatja a természetes emésztési folyamatot, jó minőségű fehérjét, rostokat tartalmaz A szőr seprűként működve tisztítja a bélfalat Elfoglaltságot jelent az unalmas órákban Csökkenti a fogkőképződést 100%-ban természetes Visszazárható csomagolásban ÖSSZETEVŐK: Szárított szőrös nyúlfül Analitikai összetevők: nyersfehérje 45,8%, nyersolajok és zsírok 31,1%, nyershamu 7,3%, nedvességtartalom 3,1% Tovább olvasok"}
{"breadcrumb": "Főoldal/Kutya/Eledelek/Jutalomfalatok&rágcsák/Farkaskonyha kutya rágcsa nyúlfül szőrös 200g", "product_name": "Farkaskonyha kutya rágcsa nyúlfül szőrös 200gFarkaskonyha kutya rágcsa nyúlfül szőrös 200g", "brand": "Farkaskonyha101g – 200gFelnőttnyúlrágócsontok&rágórudak", "regular_price": "3299", "selling_price": "", "price_per_unit": "1 kg=16495 Ft", "product_url": "https://webshop.fressnapf.hu/termekek/farkaskonyha-kutya-ragcsa-nyulful-szoros-200g/", "product_description": "Szőrös nyúlfül – az allergiás kutyák kedvenc jutalomfalata. A szőr mintegy seprűként működve tisztítja a beleket, így támogatja az emésztési folyamatot. 100%-ban természetes, nem tartalmaz mesterséges színezéket, tartósítószert, ízfokozókat, aromákat. A kíméletes, alacsony hőmérsékleten történő szárításnak köszönhetően jól megtartja vitamin és ásványi anyag tartalmát. Támogatja a természetes emésztési folyamatot, jó minőségű fehérjét, rostokat tartalmaz. A szőr a bélben és a gyomorfalon kvázi seprűként működve tisztítja a bélfalat, a gyomor falát, ezáltal is támogatva az egészséges emésztést. 100%-ban természetes, nem tartalmaz mesterséges színezéket, tartósítószert, ízfokozókat, aromákat. A rágcsálás remek elfoglaltságot jelent az unalmas órákban, ráadásul csökkenti a fogkőképződést. Támogatja a természetes emésztési folyamatot, jó minőségű fehérjét, rostokat tartalmaz A szőr seprűként működve tisztítja a bélfalat Elfoglaltságot jelent az unalmas órákban Csökkenti a fogkőképződést 100%-ban természetes Visszazárható csomagolásban ÖSSZETEVŐK: Szárított szőrös nyúlfül Analitikai összetevők: nyersfehérje 45,8%, nyersolajok és zsírok 31,1%, nyershamu 7,3%, nedvességtartalom 3,1% Tovább olvasok"}
{"breadcrumb": "Főoldal/Kutya/Eledelek/Jutalomfalatok&rágcsák/Farkaskonyha kutya rágcsa szardinella 100g", "product_name": "Farkaskonyha kutya rágcsa szardinella 100gFarkaskonyha kutya rágcsa szardinella 100g", "brand": "Farkaskonyha0g – 100gFelnőtthal&tenger gyümölcseirágócsontok&rágórudak", "regular_price": "1799", "selling_price": "", "price_per_unit": "1 kg=17990 Ft", "product_url": "https://webshop.fressnapf.hu/termekek/farkaskonyha-kutya-ragcsa-szardinella-100g/", "product_description": "Szárított szardinella jutalomfalat, kutyáknak és cicáknak.100%-ban természetes, nem tartalmaz mesterséges színezéket, ízfokozókat, aromákat. Igazi ínyenc csemege! A kíméletes, alacsony hőmérsékleten történő szárításnak köszönhetően jól megtartja vitamin és ásványi anyag tartalmát. Támogatja a természetes emésztési folyamatot, jó minőségű fehérjét, rostokat tartalmaz. 100%-ban természetes, nem tartalmaz mesterséges színezéket, tartósítószert, ízfokozókat, aromákat. Támogatja a természetes emésztési folyamatot, jó minőségű fehérjét, rostokat tartalmaz Értékes Omega 3 zsírsavakkal Elfoglaltságot jelent az unalmas órákban Csökkenti a fogkőképződést 100%-ban természetes Visszazárható csomagolásban ÖSSZETEVŐK: Szárított szardinella Analitikai összetevők: nyersfehérje: 32,00%, nyersolajok és zsírok 18,9%, nyershamu 15,35%, nyersrostok <2%, nedvességtartalom 12,00% Tovább olvasok"}
{"breadcrumb": "Főoldal/Kutya/Eledelek/Jutalomfalatok&rágcsák/Farkaskonyha kutya rágcsa szardinella 200g", "product_name": "Farkaskonyha kutya rágcsa szardinella 200gFarkaskonyha kutya rágcsa szardinella 200g", "brand": "Farkaskonyha101g – 200gFelnőtthal&tenger gyümölcseirágócsontok&rágórudak", "regular_price": "2999", "selling_price": "", "price_per_unit": "1 kg=14995 Ft", "product_url": "https://webshop.fressnapf.hu/termekek/farkaskonyha-kutya-ragcsa-szardinella-200g/", "product_description": "Szárított szardinella jutalomfalat, kutyáknak és cicáknak.100%-ban természetes, nem tartalmaz mesterséges színezéket, ízfokozókat, aromákat. Igazi ínyenc csemege! A kíméletes, alacsony hőmérsékleten történő szárításnak köszönhetően jól megtartja vitamin és ásványi anyag tartalmát. Támogatja a természetes emésztési folyamatot, jó minőségű fehérjét, rostokat tartalmaz. 100%-ban természetes, nem tartalmaz mesterséges színezéket, tartósítószert, ízfokozókat, aromákat. Támogatja a természetes emésztési folyamatot, jó minőségű fehérjét, rostokat tartalmaz Értékes Omega 3 zsírsavakkal Elfoglaltságot jelent az unalmas órákban Csökkenti a fogkőképződést 100%-ban természetes Visszazárható csomagolásban ÖSSZETEVŐK: Szárított szardinella Analitikai összetevők: nyersfehérje: 32,00%, nyersolajok és zsírok 18,9%, nyershamu 15,35%, nyersrostok <2%, nedvességtartalom 12,00% Tovább olvasok"}
{"breadcrumb": "Főoldal/Kutya/Eledelek/Jutalomfalatok&rágcsák/Farkaskonyha kutya rágcsa tőkehal érmék 100g", "product_name": "Farkaskonyha kutya rágcsa tőkehal érmék 100gFarkaskonyha kutya rágcsa tőkehal érmék 100g", "brand": "Farkaskonyha0g – 100gFelnőtthal&tenger gyümölcseirágócsontok&rágórudak", "regular_price": "1799", "selling_price": "", "price_per_unit": "1 kg=17990 Ft", "product_url": "https://webshop.fressnapf.hu/termekek/farkaskonyha-kutya-ragcsa-tokehal-ermek-100g/", "product_description": "100% szárított tőkehal. 100%-ban természetes, nem tartalmaz mesterséges színezéket, tartósítószert, ízfokozókat, aromákat. Igazi ínyenc csemege, 100%-ban tőkehalból! A kíméletes, alacsony hőmérsékleten történő szárításnak köszönhetően jól megtartja vitamin és ásványi anyag tartalmát. Támogatja a természetes emésztési folyamatot, jó minőségű fehérjét, rostokat tartalmaz. 100%-ban természetes, nem tartalmaz mesterséges színezéket, tartósítószert, ízfokozókat, aromákat. Támogatja a természetes emésztési folyamatot, jó minőségű fehérjét, rostokat tartalmaz Értékes Omega 3 zsírsavakkal Elfoglaltságot jelent az unalmas órákban Csökkenti a fogkőképződést 100%-ban természetes Visszazárható csomagolásban ÖSSZETEVŐK: Szárított tőkehal Analitikai összetevők: nyersfehérje 80,90%, nyersolajok és zsírok 3,3%, nyershamu 9,71%, nyersrostok 2%, nedvességtartalom 12,00%, DHA 1g/100g, Omega 3 zsírsavak 0,9g/100g Tovább olvasok"}
{"breadcrumb": "Főoldal/Kutya/Eledelek/Jutalomfalatok&rágcsák/Farkaskonyha kutya rágcsa tőkehal érmék 200g", "product_name": "Farkaskonyha kutya rágcsa tőkehal érmék 200gFarkaskonyha kutya rágcsa tőkehal érmék 200g", "brand": "Farkaskonyha101g – 200gFelnőtthal&tenger gyümölcseirágócsontok&rágórudak", "regular_price": "2999", "selling_price": "", "price_per_unit": "1 kg=14995 Ft", "product_url": "https://webshop.fressnapf.hu/termekek/farkaskonyha-kutya-ragcsa-tokehal-ermek-200g/", "product_description": "100% szárított tőkehal. 100%-ban természetes, nem tartalmaz mesterséges színezéket, tartósítószert, ízfokozókat, aromákat. Igazi ínyenc csemege, 100%-ban tőkehalból! A kíméletes, alacsony hőmérsékleten történő szárításnak köszönhetően jól megtartja vitamin és ásványi anyag tartalmát. Támogatja a természetes emésztési folyamatot, jó minőségű fehérjét, rostokat tartalmaz. 100%-ban természetes, nem tartalmaz mesterséges színezéket, tartósítószert, ízfokozókat, aromákat. Támogatja a természetes emésztési folyamatot, jó minőségű fehérjét, rostokat tartalmaz Értékes Omega 3 zsírsavakkal Elfoglaltságot jelent az unalmas órákban Csökkenti a fogkőképződést 100%-ban természetes Visszazárható csomagolásban ÖSSZETEVŐK: Szárított tőkehal Analitikai összetevők: nyersfehérje 80,90%, nyersolajok és zsírok 3,3%, nyershamu 9,71%, nyersrostok 2%, nedvességtartalom 12,00%, DHA 1g/100g, Omega 3 zsírsavak 0,9g/100g Tovább olvasok"}
{"breadcrumb": "Főoldal/Kutya/Eledelek/Táplálékkiegészítők&vitaminok/Farkaskonyha lenmagolaj 250ml", "product_name": "Farkaskonyha lenmagolaj 250mlFarkaskonyha lenmagolaj 250ml", "brand": "FarkaskonyhaFelnőttfolyadékbőr&szőr ápoló", "regular_price": "2099", "selling_price": "", "price_per_unit": "1 l=8396 Ft", "product_url": "https://webshop.fressnapf.hu/termekek/farkaskonyha-lenmagolaj-250ml/", "product_description": "Alfa-linloénsavban gazdag olaj, amellyel fedezheted kutyád Omega 3 zsírsav szükségletét. Enyhítheti  a bőr viszketését, gyulladáscsökkentő. Visszaadja a bőr rugalmasságát, segít, hogy kedvencednek igazán dús szőre legyen. Magas alfa-linolénsav tartalmának köszönhetően remek gyulladáscsökkentő, enyhíti a  bőr viszketését. Visszaadja a bőr rugalmasságát, segít abban, hogy kedvencednek igazán csillogó szőrzete legyen. Remek, egészséges étrend kiegészítő kutyáknak allergiás panaszok, bőrproblémák, szívbetegség esetén. Támogatja az egészséges emésztési folyamatot. A lazacolaj után az egyik legkedveltebb olaj kutyák Omega 3 zsírsav szükségleteinek fedezésére. Az Omega 3 zsírsavak köztudottan jó gyulladáscsökkentő hatásúak, illetve csökkentik a szívbetegségek kockázatát. Az egészséges étrend kiegészítőjeként ideális kedvenced Omega3 zsírsav szükségletének fedezésére. Állatok kiegészítő táplálására alkalmazható készítmény. -Remek gyulladáscsökkentő, enyhíti a  bőr viszketését -Allergiás panaszok, bőrproblémák, szívbetegség esetén -Támogatja az egészséges emésztési folyamatot -Kutyák Omega 3 zsírsav szükségleteinek fedezésére -Visszaadja a bőr rugalmasságát, segít abban, hogy kedvencednek igazán csillogó szőrzete legyen Alkalmazás Folyamatosan, az étrend kiegészítéseként javasolt. Adagolás AJÁNLOTT NAPI ADAG: 1,25 ml / 5 kg Kúraszerűen, vagy folyamatosan is adható. A megadott napi mennyiség csak általános ajánlás, a napi ajánlott bevitel egyedenként eltérő lehet, függ kedvenced étrendjétől, aktivitásától, életkorától. Tovább olvasok"}
{"breadcrumb": "Főoldal/Kutya/Eledelek/Táplálékkiegészítők&vitaminok/Farkaskonyha ligetszépeolaj kutyák számára 100ml", "product_name": "Farkaskonyha ligetszépeolaj kutyák számára 100mlFarkaskonyha ligetszépeolaj kutyák számára 100ml", "brand": "Farkaskonyha0ml – 100mlFelnőttfolyadékbőr&szőr ápoló", "regular_price": "5399", "selling_price": "", "price_per_unit": "1 l=53990 Ft", "product_url": "https://webshop.fressnapf.hu/termekek/farkaskonyha-ligetszepeolaj-kutyak-szamara-100ml/", "product_description": "A dús, fénylő szőr és az egészséges bőr támogatója. Természetes antioxidáns, gamma-linolénsavban gazdag, hidegen sajtolt növényi olaj kutyáknak. A kis, sárga levelű parlagi ligetszépéből nyert olaj, amelyet a növény fekete magvaiból sajtolnak ki, gamma-linolénsavban (GLA) és esszenciális zsírsavakban (linolsavak) – amelyeket a kutya szervezete nem tud önmaga előállítani – nagyon gazdag. -gamma-linolénsavban (GLA) és esszenciális zsírsavakban (linolsavak) nagyon gazdag -erős antioxidáns -remekül használható kiegészítő ekcémás panaszok, allergiás betegségek, szőr és bőrproblémák esetén -a dús szőrt támogatja Természetes antioxidáns – semlegesíti a káros szabadgyököket és gátolja azok keletkezését az állat szervezetében. Remekül használható étrend-kiegészítő allergiára utaló szőr és bőrproblémák esetén. Állatok kiegészítő táplálására alkalmazható étrend-kiegészítő. Adagolás: Komolyabb bőrproblémák esetén az első két hétben adhatsz dupla mennyiséget, majd csökkentsd az adagot a csomagoláson megadottra, és alkalmazd 2-3 hónapon át. Kúraszerűen, vagy folyamatosan is adható. Tovább olvasok"}
{"breadcrumb": "Főoldal/Kutya/Eledelek/Táplálékkiegészítők&vitaminok/Farkaskonyha máriatövismagolaj 250ml", "product_name": "Farkaskonyha máriatövismagolaj 250mlFarkaskonyha máriatövismagolaj 250ml", "brand": "FarkaskonyhaFelnőttfolyadékmájdiéta", "regular_price": "4199", "selling_price": "", "price_per_unit": "1 l=16796 Ft", "product_url": "https://webshop.fressnapf.hu/termekek/farkaskonyha-mariatovismagolaj-250ml/", "product_description": "Májvédő kutyáknak: védi, méregteleníti a májat. Segíti a szervezetben lerakódott toxikus anyagok kiválasztását. Ajánlott kullancs elleni szerek adása esetén, féreghajtást és gyógyszeres kezeléseket követően étrend-kiegészítőként. A máriatövismag olaj remek májvédő: védi, erősíti, méregteleníti a májat. Erős antioxidatív hatásának köszönhetően elősegíti kedvenced szervezetének általános méregtelenítését. Képes szabályozni a máj epetermelését, a májban termelődő koleszterint. Vemhes és szoptatós szukáknak is ajánlott, elősegítheti a tej termelődést. Állatok kiegészítő táplálására alkalmazható készítmény. Alkalmazás Folyamatosan, az étrend kiegészítéseként javasolt. AJÁNLOTT NAPI ADAG: 1,25 ml / 5 kg Kúraszerűen, vagy folyamatosan is adható. A megadott napi mennyiség csak általános ajánlás, a napi ajánlott bevitel egyedenként eltérő lehet, függ kedvenced étrendjétől, aktivitásától, életkorától. Tovább olvasok"}
{"breadcrumb": "Főoldal/Kutya/Eledelek/Táplálékkiegészítők&vitaminok/Farkaskonyha MSM organikus kén kutyák számára 150g", "product_name": "Farkaskonyha MSM organikus kén kutyák számára 150gFarkaskonyha MSM organikus kén kutyák számára 150g", "brand": "Farkaskonyha101g – 200gFelnőttízület védelem", "regular_price": "4799", "selling_price": "", "price_per_unit": "1 kg=31993 Ft", "product_url": "https://webshop.fressnapf.hu/termekek/farkaskonyha-msm-organikus-ken-kutyak-szamara-150g/", "product_description": "Organikus kén a mozgásszervek és az immunrendszer egészségéért. Természetes gyulladáscsökkentő tulajdonságának köszönhetően ízületi fájdalmak és allergiás tünetek esetén egyaránt ajánlott étrend-kiegészítő. A szerves kén minden élő organizmusban megtalálható: a bőrben, az izomzatban és a csontokban is. A mozgásszervekre, az immunrendszerre, a szőr- és bőrkondícióra is támogatólag hat. Nemcsak a mozgásszerveket támogatja, hanem allergia esetén is hasznos. Támogatja: az ízületek és inak, kötőszövetek egészségét a dús, vastag szőrzetet és az egészséges bőrt a méreganyagok kiválasztódását a szervezetben a glükozamin és a chondroitin hasznosulását az immunrendszer működését Az amerikai OptiMSM speciális, többfázisú MSM párlási technológiája a világon egyedülálló. A termékek tisztasága klinikai tesztekkel is igazolt – ennek köszönhetően a lehető legtisztább minőségű MSM terméket tartod a kezedben Tipp: A kén mennyisége a szervezetben az életkor előrehaladtával csökken – ezért idősebb kutyáknak kifejezetten ajánlott. A C-vitamin javíthatja az MSM hasznosulását, ha teheted, egészítsd ki kedvenced étrendjét csipkebogyóporral is! Keverd el az eledellel, vagy egy kis mézzel és natúr joghurttal Ajánlott napi adag: 1g / 5kg. 1 mérőkanál kb. 5g Alkalmazás: Folyamatosan, az étrend kiegészítéseként javasolt. Kúraszerűen, vagy folyamatosan is adható. A megadott napi mennyiség csak általános ajánlás, a napi ajánlott bevitel egyedenként eltérő lehet, függ kedvenced étrendjétől, aktivitásától, életkorától. Az MSM hatását erősíti a természetes C vitaminban gazdag táplálkozás, ezért a legjobb hatás elérése érdekében javasoljuk, hogy csipkebogyóporral együtt add kedvencednek. Az ajánlott napi mennyiséget szépen fokozatosan érd el, először csak egy késhegynyit adj az eledelhez, majd egy hét alatt emeld a mennyiséget a tervezettre. Vedd figyelembe, hogy a megadott napi mennyiség csak általános ajánlás, amely egyedenként más és más lehet, függ kedvenced étrendjétől, aktivitásától, életkorától! Túladagolás esetén lágyabb széklet figyelhető meg, ha ilyet tapasztalsz, csökkentsd a napi mennyiséget. Összetevők: 100% Opti MSM (metil-szulfonil-metán) Tovább olvasok"}
{"breadcrumb": "Főoldal/Kutya/Eledelek/Táplálékkiegészítők&vitaminok/Farkaskonyha MSM organikus kén kutyák számára 300g", "product_name": "Farkaskonyha MSM organikus kén kutyák számára 300gFarkaskonyha MSM organikus kén kutyák számára 300g", "brand": "Farkaskonyha201g – 400gFelnőttízület védelem", "regular_price": "9299", "selling_price": "", "price_per_unit": "1 kg=30997 Ft", "product_url": "https://webshop.fressnapf.hu/termekek/farkaskonyha-msm-organikus-ken-kutyak-szamara-300g/", "product_description": "Organikus kén a mozgásszervek és az immunrendszer egészségéért. Természetes gyulladáscsökkentő tulajdonságának köszönhetően ízületi fájdalmak és allergiás tünetek esetén egyaránt ajánlott étrend-kiegészítő. A szerves kén minden élő organizmusban megtalálható: a bőrben, az izomzatban és a csontokban is. A mozgásszervekre, az immunrendszerre, a szőr- és bőrkondícióra is támogatólag hat. Nemcsak a mozgásszerveket támogatja, hanem allergia esetén is hasznos. Támogatja: az ízületek és inak, kötőszövetek egészségét a dús, vastag szőrzetet és az egészséges bőrt a méreganyagok kiválasztódását a szervezetben a glükozamin és a chondroitin hasznosulását az immunrendszer működését Az amerikai OptiMSM speciális, többfázisú MSM párlási technológiája a világon egyedülálló. A termékek tisztasága klinikai tesztekkel is igazolt – ennek köszönhetően a lehető legtisztább minőségű MSM terméket tartod a kezedben Tipp: A kén mennyisége a szervezetben az életkor előrehaladtával csökken – ezért idősebb kutyáknak kifejezetten ajánlott. A C-vitamin javíthatja az MSM hasznosulását, ha teheted, egészítsd ki kedvenced étrendjét csipkebogyóporral is! Keverd el az eledellel, vagy egy kis mézzel és natúr joghurttal Ajánlott napi adag: 1g / 5kg. 1 mérőkanál kb. 5g Alkalmazás: Folyamatosan, az étrend kiegészítéseként javasolt. Kúraszerűen, vagy folyamatosan is adható. A megadott napi mennyiség csak általános ajánlás, a napi ajánlott bevitel egyedenként eltérő lehet, függ kedvenced étrendjétől, aktivitásától, életkorától. Az MSM hatását erősíti a természetes C vitaminban gazdag táplálkozás, ezért a legjobb hatás elérése érdekében javasoljuk, hogy csipkebogyóporral együtt add kedvencednek. Az ajánlott napi mennyiséget szépen fokozatosan érd el, először csak egy késhegynyit adj az eledelhez, majd egy hét alatt emeld a mennyiséget a tervezettre. Vedd figyelembe, hogy a megadott napi mennyiség csak általános ajánlás, amely egyedenként más és más lehet, függ kedvenced étrendjétől, aktivitásától, életkorától! Túladagolás esetén lágyabb széklet figyelhető meg, ha ilyet tapasztalsz, csökkentsd a napi mennyiséget. Összetevők: 100% Opti MSM (metil-szulfonil-metán) Tovább olvasok"}
{"breadcrumb": "Főoldal/Kutya/Eledelek/Táplálékkiegészítők&vitaminok/Farkaskonyha Pocak-Mix gyógynövénykeverék kutyák számára 80g", "product_name": "Farkaskonyha Pocak-Mix gyógynövénykeverék kutyák számára 80gFarkaskonyha Pocak-Mix gyógynövénykeverék kutyák számára 80g", "brand": "Farkaskonyha0g – 100gFelnőttporgyomor&emésztés", "regular_price": "5599", "selling_price": "", "price_per_unit": "1 kg=69988 Ft", "product_url": "https://webshop.fressnapf.hu/termekek/farkaskonyha-pocak-mix-gyogynovenykeverek-kutyak-szamara-80g/", "product_description": "Az emésztőrendszert támogató gyógynövénykeverék. Érzékeny emésztésű kutyák számára kifejlesztett gyógynövénykeverék. Ajánlott étrendváltáskor, utazások alkalmával, gyógyszeres kezeléseket, féreghajtást követően, valamint stresszes élethelyzetekben és az érzékeny pocak támogatására a mindennapokban. Támogatja az egészséges bélflóra fenntartását: Az édesgyökér támogatólag hat gyomorsav problémák, reflux esetén A kapormag elősegítheti az emésztést puffadás esetén A vörös szilfakéreg, az egyiptomi útifű maghéj és az orvosi ziliz a gyomor és bélműködést támogatja A színes, bogyós termésű homoktövis karotinoidokban, bioflavonoidokban gazdag, bővelkedik vitaminokban és ásvá­nyi anyagokban Érzékeny emésztés, étrendváltás, környezetváltozás, utazás alkalmával, valamint féreghajtás és gyógyszeres kezelések után támogatást igénylő emésztőrendszer esetén ajánlott gyógynövénymix kutyáknak. Adagolás: Szükség szerint (étrendváltáskor, utazáskor) néhány napig és kúraszerűen is ajánlott  (2-3 hónapig) az emésztőrendszer támogatására, szükség esetén folyamatosan is adható. Összetevők: vörös szilfa kéreg, orvosi ziliz, útifű maghéj, homoktövis, kapormag, édesgyökér Analitikai összetevők: nyersfehérje 3%, nyersrost 6,5%, nyers olajok és zsírok 1,5%, nyershamu max. 10%, nedvességtartalom max. 10% Tovább olvasok"}
{"breadcrumb": "Főoldal/Kutya/Eledelek/Táplálékkiegészítők&vitaminok/Farkaskonyha sörélesztő kutyák és macskák számára 150g", "product_name": "Farkaskonyha sörélesztő kutyák és macskák számára 150gFarkaskonyha sörélesztő kutyák és macskák számára 150g", "brand": "Farkaskonyha101g – 200gFelnőttporbőr&szőr ápoló", "regular_price": "2899", "selling_price": "", "price_per_unit": "1 kg=19327 Ft", "product_url": "https://webshop.fressnapf.hu/termekek/farkaskonyha-soreleszto-kutyak-es-macskak-szamara-150g/", "product_description": "Vékony, fénytelen szőr esetén ajánlott, a természetes B vitamin tartalmának köszönhetően felgyorsítja a vedlést. Dús, csillogó szőrzetet eredményez. A dús és fénylő szőr és az egészséges bőr és erős karmok támogatója. Ajánlott korpás, fénytelen szőrzet, száraz bőr esetén, vedléskor. Könnyen töredező karmok esetén is hasznos. A B vitaminok teljes repertoárját felvonultatja: B1- (tiamin) B2- (riboflavin), B3- (niacin), B5- (pantoténsav), B6- (piridoxin), B7- (biotin) és B9- (folsav) vitaminokban is gazdag. A benne lévő cink, a szelén és a vas támogatják az immunrendszer működését. Gazdag krómtartalma hasznos lehet cukorbeteg kutyák és cicák étrendjében egyaránt. Alkalmazás Folyamatosan, az étrend kiegészítéseként javasolt. Ajánlott napi adag: 1,5g / 5kg 1 mérőkanál kb. 5g Kúraszerűen, vagy folyamatosan is adható. A megadott napi mennyiség csak általános ajánlás, a napi ajánlott bevitel egyedenként eltérő lehet, függ kedvenced étrendjétől, aktivitásától, életkorától. Tovább olvasok"}
{"breadcrumb": "Főoldal/Kutya/Eledelek/Táplálékkiegészítők&vitaminok/Farkaskonyha Spirulina alga kutyák és macskák számára 125g", "product_name": "Farkaskonyha Spirulina alga kutyák és macskák számára 125gFarkaskonyha Spirulina alga kutyák és macskák számára 125g", "brand": "Farkaskonyha101g – 200gFelnőttporimmunerősítő", "regular_price": "3499", "selling_price": "", "price_per_unit": "1 kg=27992 Ft", "product_url": "https://webshop.fressnapf.hu/termekek/farkaskonyha-spirulina-alga-kutyak-es-macskak-szamara-125g/", "product_description": "Természetes vitamin és ásványi anyag forrás. Igazi „superfood”: 18 értékes, kimagasló biohasznosulású aminosavval, értékes vitaminokkal, ásványi anyagokkal és enzimekkel, nyomelemekkel támogatja a szervezetet. Természetes antioxidáns. A zöld színt adó klorofill támogatja az anyagcsere folyamatokat. Lúgosító hatásának köszönhetően segíthet elkerülni a savtúltengést és támogathatja a friss, egészséges leheletet. A kékes színét adó pigmentje, a phycocyanin a májfunkciókat támogatja. 50 vitamint, ásványi anyagot, nyomelemet tartalmaz. Méregtelenítést segítő, magas kloforill tartalmú mikroalga – a napi menüre rászórva ajánlott természetes étrend-kiegészítő. Hatékony a szájszag ellen is. Folyamatosan, az étrend kiegészítéseként javasolt. Összetevők: 100% Spirulina platensis Tovább olvasok"}
{"breadcrumb": "Főoldal/Kutya/Eledelek/Táplálékkiegészítők&vitaminok/Farkaskonyha Sprint-R kutyák számára 80g", "product_name": "Farkaskonyha Sprint-R kutyák számára 80gFarkaskonyha Sprint-R kutyák számára 80g", "brand": "Farkaskonyha0g – 100gFelnőttpelletízület védelem", "regular_price": "4499", "selling_price": "", "price_per_unit": "1 kg=56238 Ft", "product_url": "https://webshop.fressnapf.hu/termekek/farkaskonyha-sprint-r-kutyak-szamara-80g/", "product_description": "A mozgásszerveket támogató gyógynövénymix kurkumával és gyömbérrel. Indiai kurkuma, gyömbér, fűzfakéreg, csalánlevél, nagy útifű, orbáncfű keverékéből álló gyógynövénymix – kutyád ízületeinek karbantartására. Kúraszerűen, két hónapon át ajánlott az eledellel elkeverni. Speciális gyógynövénymix kutyád ízületeinek karbantartására, kurkumával és gyömbérrel. Segít megőrizni kutyád mobilitását és támogatja az ízületek rugalmasságát. A kurkuma és a gyömbér egymással szinergiában támogatják a szervezetet ízületi gyulladás esetén. A fűzfakéreg, csalánlevél, a nagy útifű és az orbáncfű természetes gyulladáscsökkentő tulajdonságaiknak köszönhetően segítenek fenntartani a mozgásszervek egészségét minden életkorban. A kurkumában lévő kurkumin gátolja a test szöveteiben a gyulladáskeltő anyagok felszabadulását A gyömbér roborálja, erősíti a szervezetet, támogatja az immunrendszert TIPP: A teljes támogatás érdekében a gyógynövénymix mellett az étrendjét kiegészítheted az ízületeket tápláló, glükozaminoglikánban gazdag új-zélandi zöldkagylóporral is Keverd el az eledellel, vagy egy kis mézzel és natúr joghurttal Alkalmazás 2 hónapos kúrában javasolt, szükség esetén folyamatosan is adható. AJÁNLOTT NAPI ADAG: 1g / 5kg Kúraszerűen ajánlott adni (egy kúra, illetve a kúrák közti szünet időtartama kb. 2-3 hónap). A megadott napi mennyiség csak általános ajánlás, a napi ajánlott bevitel egyedenként eltérő lehet, függ kedvenced étrendjétől, aktivitásától, életkorától. Összetevők: fűzfakéreg, csalánlevél, nagy útifű, orbáncfű és gyömbér, indiai kurkuma Analitikai összetevők: nyersfehérje 3,3%, nyersrost 6,2%, nyers olajok és zsírok 0,5%, nyershamu max. 12%, nedvességtartalom max 10% Tovább olvasok"}
{"breadcrumb": "Főoldal/Kutya/Eledelek/Táplálékkiegészítők&vitaminok/Farkaskonyha Új-Zélandi zöldkagylópor 125g", "product_name": "Farkaskonyha Új-Zélandi zöldkagylópor 125gFarkaskonyha Új-Zélandi zöldkagylópor 125g", "brand": "Farkaskonyha101g – 200gFelnőttporízület védelem", "regular_price": "9399", "selling_price": "", "price_per_unit": "1 kg=75192 Ft", "product_url": "https://webshop.fressnapf.hu/termekek/farkaskonyha-uj-zelandi-zoldkagylopor-125g/", "product_description": "Az ízületek, porcok, inak támogatására. Magas biohasznosulású teljes, nem zsírtalanított zöldkagylópor 2,8-4% közötti glükozaminoglikán (GAG) tartalommal kutyáknak és cicáknak. Már kölyökkortól célszerű vele kiegészíteni az étrendet. Fagyasztva szárított, magas biohasznosulású, nem zsírtalanított, teljes zöldkagylópor. Természetes glükozaminoglikán (GAG) tartalma: 2,8 – 4%. Támogatja az ízületi porcok tápanyagellátását, elősegíti a porcképződést és az ízületekben lévő szinoviális folyadék képződését. Támogatja a fejlődésben lévő ízületeket. Diszplázia, artrózis és más ízületi problémák esetén hasznos étrendkiegészítő. Megelőzési céllal kölyök, felnőtt, senior kutyáknak és cicáknak egyaránt ajánlott. Alkalmazás: Folyamatosan, az étrend kiegészítéseként javasolt. AJÁNLOTT NAPI ADAG: 0,5g / 5kg Kúraszerűen, vagy folyamatosan is adható. A megadott napi mennyiség csak általános ajánlás, a napi ajánlott bevitel egyedenként eltérő lehet, függ kedvenced étrendjétől, aktivitásától, életkorától. Tovább olvasok"}
{"breadcrumb": "Főoldal/Kutya/Eledelek/Táplálékkiegészítők&vitaminok/Farkaskonyha Új-Zélandi zöldkagylópor 200g", "product_name": "Farkaskonyha Új-Zélandi zöldkagylópor 200gFarkaskonyha Új-Zélandi zöldkagylópor 200g", "brand": "Farkaskonyha101g – 200gFelnőttporízület védelem", "regular_price": "12899", "selling_price": "", "price_per_unit": "1 kg=64495 Ft", "product_url": "https://webshop.fressnapf.hu/termekek/farkaskonyha-uj-zelandi-zoldkagylopor-200g/", "product_description": "Az ízületek, porcok, inak támogatására. Magas biohasznosulású teljes, nem zsírtalanított zöldkagylópor 2,8-4% közötti glükozaminoglikán (GAG) tartalommal kutyáknak és cicáknak. Már kölyökkortól célszerű vele kiegészíteni az étrendet. Fagyasztva szárított, magas biohasznosulású, nem zsírtalanított, teljes zöldkagylópor. Természetes glükozaminoglikán (GAG) tartalma: 2,8 – 4%. Támogatja az ízületi porcok tápanyagellátását, elősegíti a porcképződést és az ízületekben lévő szinoviális folyadék képződését. Támogatja a fejlődésben lévő ízületeket. Diszplázia, artrózis és más ízületi problémák esetén hasznos étrendkiegészítő. Megelőzési céllal kölyök, felnőtt, senior kutyáknak és cicáknak egyaránt ajánlott. Alkalmazás: Folyamatosan, az étrend kiegészítéseként javasolt. AJÁNLOTT NAPI ADAG: 0,5g / 5kg Kúraszerűen, vagy folyamatosan is adható. A megadott napi mennyiség csak általános ajánlás, a napi ajánlott bevitel egyedenként eltérő lehet, függ kedvenced étrendjétől, aktivitásától, életkorától. Tovább olvasok"}
{"breadcrumb": "Főoldal/Kutya/Eledelek/Táplálékkiegészítők&vitaminok/Farkaskonyha Vita Aid kutyák számára 300g", "product_name": "Farkaskonyha Vita Aid kutyák számára 300gFarkaskonyha Vita Aid kutyák számára 300g", "brand": "Farkaskonyha201g – 400gFelnőttimmunerősítő", "regular_price": "9999", "selling_price": "", "price_per_unit": "1 KG=33330 Ft", "product_url": "https://webshop.fressnapf.hu/termekek/farkaskonyha-vita-aid-kutyak-szamara-300g/", "product_description": "Az immunrendszer komplex támogatására kurkumával és feketebors kivonattal Akkor ajánljuk, ha kedvenced immunrendszere regenerálásra szorul, vagy egészséges, de teljeskörűen támogatnád szervezete védelmi mechanizmusait. 17 aktív tápanyag egyedi kombinációjával – közöttük kurkumin és feketebors kivonattal, Omega-3 zsírsavakkal, esszenciális aminosavakkal és vitaminokkal – az Oatinol® Delivery System™ (hatékony felszívódást támogató vivőrendszer) segítségével – támogatja a szervezet természetes védelmi mechanizmusait, regenerációját az immunrendszert érő kihívások, betegségek esetén. * Kurkumin * Feketebors kivonat * Béta-karotin * Élesztő * MSM * Oligoszacharidok * Omega-3 * Glutamin * A, C, D3 és E vitamin* Szelén 100% GMO mentes, szójamentes formula Ideális választás: Gyógyszeres, féreghajtó, kullancs ellenes kezeléseket követően a szervezet természetes méregtelenítő folyamatainak támogatására Sérülést, betegséget követően a gyorsabb felépülés elősegítésére AJÁNLOTT NAPI ADAG: Fenntartó mennyiség 1g / 5kg 1 mérőkanál kb. 5g Teljes támogatás ízületi problémák esetén 2g / 5kg 1 mérőkanál kb. 5g Kúraszerűen, vagy folyamatosan is adható. ÖSSZETEVŐK: kurkuma kivonat, feketebors kivonat, fekete zab, kendermag, mikronizált répapép, kalcium karbonát, 4,2% Omega-3 zsírsavak, 3% frukto oligoszacharidok, barna alga,, növényi olajok és zsírok (Oatinol), 0,25% MSM (metil-szulfonil metán) ANALITIKAI ÖSSZETEVŐK: nyersfehérje: 15%, nyers olajok és zsírok 8,5%, nyersrostok:14%, nyershamu: 10% Tovább olvasok"}
{"breadcrumb": "Főoldal/Kutya/Eledelek/Táplálékkiegészítők&vitaminok/Farkaskonyha Zöldike zöldségmix kutyák számára 400g", "product_name": "Farkaskonyha Zöldike zöldségmix kutyák számára 400gFarkaskonyha Zöldike zöldségmix kutyák számára 400g", "brand": "Farkaskonyha201g – 400gFelnőttzöldség&gyümölcspellet", "regular_price": "3399", "selling_price": "", "price_per_unit": "1 kg=8498 Ft", "product_url": "https://webshop.fressnapf.hu/termekek/farkaskonyha-zoldike-zoldsegmix-kutyak-szamara-400g/", "product_description": "Oldd meg praktikusan, macera nélkül a rost bevitelt: sárgarépa, cékla, paszternák, zeller és parajlevél keverékéből álló zöldségmix aprítva – a jobb emészthetőségért. Gabona és burgonya nélkül, kíméletesen szárított zölségmix barf étrendhez, házi koszthoz. A Zöldike  gazdag vitamin és ásványianyag tartalmú  szárított zöldségekből  gondosan összeállított zöldség mix. Tartalmaz sárgarépát, céklát, paszternákot, zellert és parajlevelet. BARF étrend esetén a ballasztanyagok biztosításához elengedhetetlenek a zöldségek. A kutyák, egészséges étrendjéhez a hús mellett hozzátartoznak a zöldségek is, hiszen ha vadon élnének, és lehetőségük lenne rá, megennék a zsákmányállataik gyomortartalmát is, amely nyilvánvalóan tartalmaz növényi eredetű összetevőket – zöldséget, gabonát is. A szárított zöldségeink úgy készülnek, hogy a zöldségekből alacsony hőmérsékleten történő szárítással kivonják a vizet.  A víz elillan, megmarad viszont a zöldségek vitamin és ásványianyag tartalmának legnagyobb része. Vízelvonás hatására szerencsére nem változik meg a zöldség szerkezete, ezért víz hozzáadásával a szárított termékek újra az eredetit megközelítő állapotúak lesznek. A Farkaskonyha által forgalmazott szárított zöldségek pici, 2-4 mm méretű dara formában kerülnek a zacskókba, a minél könnyebb emészthetőség érdekében. Gazdag vitamin és ásványianyag tartalmú BARF étrend esetén a ballasztanyagok biztosításához elengedhetetlenek a zöldségek Adagolás AJÁNLOTT NAPI ADAG: 100 gramm Zöldike körülbelül 800 gramm friss zöldségnak felel meg. Ha 100 gramm zöldséget szeretnél adni kedvencednek, ~ 12 gramm Zöldikére van hozzá szükséged. 1 evőkanál Zöldike ~ 6 gramm A megadott napi mennyiség csak általános ajánlás, a napi ajánlott bevitel egyedenként eltérő lehet, függ kedvenced étrendjétől, aktivitásától, életkorától. ADAGOLÁS: Áztasd be azonos mennyiségű langyos / meleg vízbe, és hagyd 15-30 percig ázni. Az emészthetőség további javítása  érdekében egy botmixerrel pillanatok alatt tovább apríthatod a pelyheket. Mindig frissen áztatott zöldséget   adj kedvencednek. Ha azt tapasztalod, hogy kedvenced nem szívesen eszi a zöldségeket, keverd el egy kis joghurttal, vagy esetleg mézzel, így sokkal ízletesebb, és még mindig nagyon egészséges. Összetevők: szárított sárgarépa, cékla, paszternák, zeller, parajlevél Tovább olvasok"}
{"breadcrumb": "Főoldal/Kutya/Eledelek/Száraz eledelek/FIT+FUN Croc kutya szárazeledel adult 15kg", "product_name": "FIT+FUN Croc kutya szárazeledel adult 15kgFIT+FUN Croc kutya szárazeledel adult 15kg", "brand": "12,1kg – 15kgFIT+FUNFelnőtthús és állati származékok", "regular_price": "3 799", "selling_price": "3 299", "price_per_unit": "1 kg=567 Ft", "product_url": "https://webshop.fressnapf.hu/termekek/fitfun-croc-kutyaeledel-15kg/", "product_description": "Ízletes, teljes értékű táplálék Ízletes hússal Nem tartalmaz színezékeket és tartósítószert A fit+fun Croc ízletes, teljes értékű táplálék felnőtt, normál aktivitású kutyák számára. A kiegyensúlyozott összetétel olyan koncentrált táplálékot kínál kutyája számára, amely mindent tartalmaz a kutya kondíciójának és vitalitásának támogatásához: Ezek a szénhidrátok, nyomelemek, alapvető vitaminok és ásványi anyagok. Az ízletes húsok és a gabonafélék nagy aránya a fit+fun Croc terméket különösen finom étkezési élménnyé teszi! Itt csak a termék íze „szaftos”, de az ára nem! Valamennyi fontos tápanyag biztosítása kedvező áron és minden nap – mindezt vegyi színezőanyagoktól és tartósítószerektől mentesen. Teljes értékű eledel kifejlett kutyák számára, bővebb információk a következő címen kérhetők: webshop@fressnapf.hu . Analitikai összetevők 20% fehérje, 8% zsírtartalom, 7,5% nyershamu, 3% nyersrost. 1,5% kalcium, 1,3% foszfor. Összetétel Gabonafélék, hús és állati eredetű melléktermékek, növényi eredetű melléktermékek, olajok és zsírok, ásványi anyagok (0,5%). Adalékanyag/kg Vitaminok: 11500 NE A-vitamin, 1150 NE D3-vitamin, nyomelemek: 10 mg réz (réz-II-szulfát, pentahidrát), 2 mg jód (kalcium-jodát, vízmentes), 0,2 mg szelén (nátrium-szelenit), 70 mg cink (cink-oxid); antioxidánsok. Táplálási javaslat A kutya súlya Adagolás 5–7,5 kg 100–130 g/nap 7,5–10 kg 130–160 g/nap 10–12,5 kg 160–190 g/nap 12,5–15 kg 190–220 g/nap 15–17,5 kg 220–250 g/nap 17,5–20 kg 250–270 g/nap 20–22,5 kg 270–300 g/nap 22,5–25 kg 300–320 g/nap 25-30 kg 320–370 g/nap 30–35 kg 370–410 g/nap 35–40 kg 410–460 g/nap 40–45 kg 460–500 g/nap 45–50 kg 500–540 g/nap 50-60 kg 540–620 g/nap 60–70 kg 620–700 g/nap Ossza el a megadott mennyiségeket két étkezésre. A tényleges táplálékszükséglet kutyája életkorától, méretétől és aktivitásától függ. Mindig álljon rendelkezésre friss ivóvíz. Tovább olvasok"}
{"breadcrumb": "Főoldal/Kutya/Eledelek/Jutalomfalatok&rágcsák/Fit+Fun Fun Sticks kutya jutalomfalat csirke 55g", "product_name": "Fit+Fun Fun Sticks kutya jutalomfalat csirke 55gFit+Fun Fun Sticks kutya jutalomfalat csirke 55g", "brand": "FIT+FUNFelnőttszárnyasrágócsíkok", "regular_price": "529", "selling_price": "399", "price_per_unit": "1 kg=7255 Ft", "product_url": "https://webshop.fressnapf.hu/termekek/fitfun-fun-sticks-kutya-jutalomfalat-csirke-55g/", "product_description": "Ideális jutalomfalat két étkezés között 5 rágórúd, egyenként 11 g Egyenként csomagolt snackek Az öt ízletes rágórudacska mindegyike külön-külön csomagolt. Kiegészítő eledel felnőtt kutyák számára, bővebb információk a következő címen kérhetők: webshop@fressnapf.hu . Analitikai összetevők 39,0% fehérje, 20,0% zsírtartalom, 9,0% nyershamu, 2,0% nyersrost Összetétel 96% hús és állati eredetű melléktermékek (ebből 22,1% szárnyas), ásványi anyagok, növényi eredetű melléktermékek (0,4% inulin), olajok és zsírok (0,01% omega-3 zsírsav). Táplálási javaslat Két étkezés között. Szükség szerint csökkenteni kell az eledel mennyiségét. Mindig álljon rendelkezésre friss ivóvíz. Tovább olvasok"}
{"breadcrumb": "Főoldal/Kutya/Eledelek/Jutalomfalatok&rágcsák/Fit+Fun Fun Sticks kutya jutalomfalat marha 55g", "product_name": "Fit+Fun Fun Sticks kutya jutalomfalat marha 55gFit+Fun Fun Sticks kutya jutalomfalat marha 55g", "brand": "FIT+FUNFelnőttmarha&borjúrágócsíkok", "regular_price": "529", "selling_price": "399", "price_per_unit": "1 kg=7255 Ft", "product_url": "https://webshop.fressnapf.hu/termekek/fitfun-fun-sticks-kutya-jutalomfalat-marha-55g/", "product_description": "Ideális jutalomfalat két étkezés között 5 rágórúd, egyenként 11 g Egyenként csomagolt snackek Az öt ízletes rágórudacska mindegyike külön-külön csomagolt. Kiegészítő eledel felnőtt kutyák számára, bővebb információk a következő címen kérhetők: webshop@fressnapf.hu . Analitikai összetevők 39,0% fehérje, 20,0% zsírtartalom, 9,0% nyershamu, 2,0% nyersrost Összetétel 96% hús és állati eredetű melléktermékek (ebből 75,4% marhahús), ásványi anyagok, növényi eredetű melléktermékek (0,4% inulin), olajok és zsírok (0,01% omega-3 zsírsav). Táplálási javaslat Két étkezés között. Szükség szerint csökkenteni kell az eledel mennyiségét. Mindig álljon rendelkezésre friss ivóvíz. Tovább olvasok"}
{"breadcrumb": "Főoldal/Kutya/Eledelek/Jutalomfalatok&rágcsák/Fit+Fun Fun Sticks kutya jutalomfalat vad 55g", "product_name": "Fit+Fun Fun Sticks kutya jutalomfalat vad 55gFit+Fun Fun Sticks kutya jutalomfalat vad 55g", "brand": "FIT+FUNFelnőttvadrágócsíkok", "regular_price": "529", "selling_price": "399", "price_per_unit": "1 kg=7255 Ft", "product_url": "https://webshop.fressnapf.hu/termekek/fitfun-fun-sticks-kutya-jutalomfalat-vad-55g/", "product_description": "Ideális jutalomfalat két étkezés között 5 rágórúd, egyenként 11 g Egyenként csomagolt snackek Az öt ízletes rágórudacska mindegyike külön-külön csomagolt. Kiegészítő eledel felnőtt kutyák számára, bővebb információk a következő címen kérhetők: webshop@fressnapf.hu . Analitikai összetevők 39,0% fehérje, 20,0% zsírtartalom, 9,0% nyershamu, 2,0% nyersrost Összetétel 96% hús és állati eredetű melléktermékek (ebből 10,5% vadhús), ásványi anyagok, növényi eredetű melléktermékek (0,4% inulin), olajok és zsírok (0,01% omega-3 zsírsav). Táplálási javaslat Két étkezés között. Szükség szerint csökkenteni kell az eledel mennyiségét. Mindig álljon rendelkezésre friss ivóvíz. Tovább olvasok"}
{"breadcrumb": "Főoldal/Kutya/Eledelek/Jutalomfalatok&rágcsák/Fit+Fun kutya csavart rágórúd 870g 100db", "product_name": "Fit+Fun kutya csavart rágórúd 870g 100dbFit+Fun kutya csavart rágórúd 870g 100db", "brand": "FIT+FUNFelnőttmarha&borjúrágócsontok&rágórudak", "regular_price": "5199", "selling_price": "", "price_per_unit": "1 db=52 Ft", "product_url": "https://webshop.fressnapf.hu/termekek/fitfun-borropi-vegyes-870g/", "product_description": "FIT+FUN. Csavart rágcsálnivaló. Kb. 100 darab. Fogápolást segítő ízletes rágcsálnivaló két étkezés között. Hozzáadott színezékek és tartósítószerek nélkül. 100% szárított, nyers marhabőr. Kiegészítő eledel 6 hónaposnál idősebb fiatal, valamint kifejlett kutyák számára. Összetétel: 100% nyers marhabőr. Analitikai összetevők: fehérje 80%, zsírtartalom 1%, nyershamu 1%, nyersrost 1,7%, nedvesség 14,4%. (A közölt értékek a természetes termékekre jellemző módon eltérést mutathatnak.) Etetési javaslat: étkezések között. Az eledel mennyisége szükség szerint csökkenthető. Nem alkalmas önálló eledelként. Mindig adjon friss ivóvizet. Hűvös és száraz helyen tárolandó. Tovább olvasok"}
{"breadcrumb": "Főoldal/Kutya/Eledelek/Nedves eledelek/FIT+FUN kutya konzerv adult marha 6x1240g", "product_name": "FIT+FUN kutya konzerv adult marha 6x1240gFIT+FUN kutya konzerv adult marha 6x1240g", "brand": "1,1kg – 4kgFIT+FUNFelnőttmarha&borjúkonzervnagytestű 26kg-tól", "regular_price": "5 394", "selling_price": "4 794", "price_per_unit": "799 Ft", "product_url": "https://webshop.fressnapf.hu/termekek/6xfitfun-konzerv-adult-marha-1240g/", "product_description": "FIT+FUN. Zamatos Marhahúsos Falatok. Hozzáadott mesterséges színezékek és tartósítószerek nélkül. Teljes értékű eledel kifejlett kutyáknak. Összetétel: hús és állati származékok (t. k. 4% marha), gabonafélék, ásványi anyagok, különféle cukrok. Analitikai összetevők: fehérje 7,5%, zsírtartalom 5%, nyers hamu 2,5%, nyersrost 0,4%, nedvesség 80%. Adalékanyagok/kg: tápértékkel rendelkező adalékanyagok: A-vitamin 1000 NE, D3-vitamin 140 NE, mangán (mangán(II)- oxid) 2mg, cink (cink- szulfát, monohidrát) 10mg, réz (réz(II)- szulfát-pentahidrát) 1,8mg. Etetési javaslat: Az adatok tájékoztató értékek. A tényleges tápanyagszükséglet fajtától, életkortól és aktivitástól függ. Az eledel etetéskor szobahőmérsékletű legyen. Csemegével történő kiegészítő táplálás esetén csökkentse a megfelelő mértékben a fő eledel mennyiségét. Hűvös és száraz helyen tárolandó. Felbontás után hűtőszekrényben tárolandó. Tovább olvasok"}
{"breadcrumb": "Főoldal/Kutya/Eledelek/Nedves eledelek/FIT+FUN kutya konzerv ragu adult bárány 6x1240g", "product_name": "FIT+FUN kutya konzerv ragu adult bárány 6x1240gFIT+FUN kutya konzerv ragu adult bárány 6x1240g", "brand": "1,1kg – 4kgFIT+FUNFelnőttjuh&bárány&kecskekonzervnagytestű 26kg-tól", "regular_price": "5 394", "selling_price": "4 794", "price_per_unit": "799 Ft", "product_url": "https://webshop.fressnapf.hu/termekek/6xfitfun-kutyakonzerv-barannyal-1240g/", "product_description": "A fit+fun Ragout kutyatáp lédús, húsos  XL méretű darabokkal különösen alkalmas nagytestű kutyák számára Mindent tartalmaz, amire kutyájának szüksége van. A lédús, húsos XL méretű darabok nagyszerű rágcsálnivalót nyújtanak a nagytestű kutyák számára. A különféle ízletes falatok pedig változatossá teszik az étkezést kutyája számára. Az előnyök áttekintése: lédús ragu XL méretű darabok, különösen alkalmasak nagy termetű kutyák számára hozzáadott színezékek,  tartósítószerek és antioxidánsok nélkül lédús ragu húsos XL méretű darabok ideális nagy termetű kutyák számára Analitikai összetevők 7,5% fehérje, 4,5% zsírtartalom, 2,5% nyershamu, 0,4% nyersrost. Összetétel Hús és állati eredetű melléktermékek (többek között 4% bárány), gabona, növényi fehérje kivonatok, ásványi anyagok, cukor Adalékanyag/kg Táplálkozásfiziológiai adalékanyagok (kg): 11000 NE A-vitamin, 140 NE D3-vitamin, 2 mg mangán (mangán-(II)-oxid), 10 mg cink (cink-szulfát, monohidrát), 1,8 mg réz (réz-(II)-szulfát, pentahidrát), 0,1 mg jód (kalcium-jodát, vízmentes) Táplálási javaslat A kutya súlya Tápmennyiség 2 kg 184 g 5 kg 370 g 7,5 kg 490 g 10 kg 612 g 15 kg 830 g 20 kg 1030 g 25 kg 1217 g 30 kg 1396 g 35 kg 1570 g 40 kg 1730 g 45 kg 1890 g 50 kg 2050 g 60 kg 2350 g 70 kg 2640 g 80 kg 2910 g A megadott adatok irányadó értékek. A tényleges tápanyagigény a fajtától, az életkortól és az aktivitástól függ. Jutalomfalatok hozzáadása esetén ennek megfelelően csökkentse a táp mennyiségét. Hűvös és száraz helyen tárolja. Felbontás után hűtőszekrényben tárolja. Szobahőmérsékleten tálalja. Tovább olvasok"}
{"breadcrumb": "Főoldal/Kutya/Eledelek/Nedves eledelek/Fit+Fun kutya konzerv ragu adult csirke&vad 6x400g", "product_name": "Fit+Fun kutya konzerv ragu adult csirke&vad 6x400gFit+Fun kutya konzerv ragu adult csirke&vad 6x400g", "brand": "FIT+FUN201g – 400gFelnőttvegyesraguskonzerv", "regular_price": "8 994", "selling_price": "8 394", "price_per_unit": "499 Ft", "product_url": "https://webshop.fressnapf.hu/termekek/fitfun-kutya-konzerv-ragu-adult-csirkevad-400g/", "product_description": "FIT+FUN. Szaftos falatok vaddal és csirkével. Hozzáadott tartósítószerek és mesterséges színezékek nélkül. Teljes értékű takarmány kifejlett kutyák számára. Összetétel: Hús és állati melléktermékek (4% vad, 4% csirke), gabona, ásványi anyagok, növényi melléktermékek, cukor. Analitikai összetevők: Fehérje 8%, zsírtartalom 5%, nyershamu 1,8%, nyersrost 0,4%, nedvességtartalom 80%. Adalékanyagok/kg: tápértékkel rendelkező adalékanyagok: D3-vitamin 200 NE, mangán (mangán (II) -oxid) 2,5 mg, cink (cink-oxid) 12 mg, réz (réz (II) -szulfát-pentahidrát) 1,4 mg. Tovább olvasok"}
{"breadcrumb": "Főoldal/Kutya/Eledelek/Nedves eledelek/Fit+Fun kutya konzerv ragu adult marha 6x400g", "product_name": "Fit+Fun kutya konzerv ragu adult marha 6x400gFit+Fun kutya konzerv ragu adult marha 6x400g", "brand": "FIT+FUN201g – 400gFelnőttmarha&borjúraguskonzerv", "regular_price": "5 094", "selling_price": "4 794", "price_per_unit": "499 Ft", "product_url": "https://webshop.fressnapf.hu/termekek/fitfun-kutya-konzerv-ragu-adult-marha-400g/", "product_description": "FIT+FUN. Szaftos marhahús falatok. Hozzáadott tartósítószerek és mesterséges színezékek nélkül, Teljes értékű takarmány kifejlett kutyák számára. Összetétel: Hús és állati melléktermékek (4% marhahús), gabona, ásványi anyagok, növényi melléktermékek, cukor. Analitikai összetevők: Fehérje 8%, zsírtartalom 5%, nyershamu 1,8%, nyersrost 0,4%, nedvességtartalom 80%. Adalékanyagok/kg: tápértékkel rendelkező adalékanyagok: D3-vitamin 200 NE, mangán (mangán (II) -oxid) 2,5 mg, cink (cink-oxid) 12 mg, réz (réz (II) -szulfát-pentahidrát) 1,4 mg. Tovább olvasok"}
{"breadcrumb": "Főoldal/Kutya/Eledelek/Nedves eledelek/FIT+FUN kutya konzerv ragu adult szárnyas 6x1240g", "product_name": "FIT+FUN kutya konzerv ragu adult szárnyas 6x1240gFIT+FUN kutya konzerv ragu adult szárnyas 6x1240g", "brand": "1,1kg – 4kgFIT+FUNFelnőttszárnyaskonzervnagytestű 26kg-tól", "regular_price": "5 394", "selling_price": "4 794", "price_per_unit": "799 Ft", "product_url": "https://webshop.fressnapf.hu/termekek/6xfitfun-kutyakonzerv-baromfival-1240g/", "product_description": "A fit+fun Ragout kutyatáp lédús, húsos  XL méretű darabokkal különösen alkalmas nagytestű kutyák számára Mindent tartalmaz, amire kutyájának szüksége van. A lédús, húsos XL méretű darabok nagyszerű rágcsálnivalót nyújtanak a nagytestű kutyák számára. A különféle ízletes falatok pedig változatossá teszik az étkezést kutyája számára. Az előnyök áttekintése: lédús ragu XL méretű darabok, különösen alkalmasak nagy termetű kutyák számára hozzáadott színezékek,  tartósítószerek és antioxidánsok nélkül lédús ragu húsos XL méretű darabok ideális nagy termetű kutyák számára Analitikai összetevők 7,5% fehérje, 4,5% zsírtartalom, 2,5% nyershamu, 0,4% nyersrost. Összetétel Hús és állati eredetű melléktermékek (4% szárnyas), gabona, növényi fehérje kivonatok, ásványi anyagok, cukor. Adalékanyag/kg Táplálkozásfiziológiai adalékanyagok (kg): 11000 NE A-vitamin, 140 NE D3-vitamin, 2 mg mangán (mangán-(II)-oxid), 10 mg cink (cink-szulfát, monohidrát), 1,8 mg réz (réz-(II)-szulfát, pentahidrát), 0,1 mg jód (kalcium-jodát, vízmentes) Táplálási javaslat A kutya súlya Tápmennyiség 2 kg 184 g 5 kg 370 g 7,5 kg 490 g 10 kg 612 g 15 kg 830 g 20 kg 1030 g 25 kg 1217 g 30 kg 1396 g 35 kg 1570 g 40 kg 1730 g 45 kg 1890 g 50 kg 2050 g 60 kg 2350 g 70 kg 2640 g 80 kg 2910 g A megadott adatok irányadó értékek. A tényleges tápanyagigény a fajtától, az életkortól és az aktivitástól függ. Jutalomfalatok hozzáadása esetén ennek megfelelően csökkentse a táp mennyiségét. Hűvös és száraz helyen tárolja. Felbontás után hűtőszekrényben tárolja. Szobahőmérsékleten tálalja. Tovább olvasok"}
{"breadcrumb": "Főoldal/Kutya/Eledelek/Nedves eledelek/FIT+FUN kutya konzerv ragu adult vad 6x1240g", "product_name": "FIT+FUN kutya konzerv ragu adult vad 6x1240gFIT+FUN kutya konzerv ragu adult vad 6x1240g", "brand": "1,1kg – 4kgFIT+FUNFelnőttvadkonzervnagytestű 26kg-tól", "regular_price": "5 394", "selling_price": "4 794", "price_per_unit": "799 Ft", "product_url": "https://webshop.fressnapf.hu/termekek/6xfitfun-kutyakonzerv-vaddal-tesztaval-es-karottaval-1240g/", "product_description": "A fit+fun Ragout kutyatáp lédús, húsos  XL méretű darabokkal különösen alkalmas nagytestű kutyák számára Mindent tartalmaz, amire kutyájának szüksége van. A lédús, húsos XL méretű darabok nagyszerű rágcsálnivalót nyújtanak a nagytestű kutyák számára. A különféle ízletes falatok pedig változatossá teszik az étkezést kutyája számára. Az előnyök áttekintése: lédús ragu XL méretű darabok, különösen alkalmasak nagy termetű kutyák számára hozzáadott színezékek,  tartósítószerek és antioxidánsok nélkül lédús ragu húsos XL méretű darabok ideális nagy termetű kutyák számára Analitikai összetevők 7,5% fehérje, 4,5% zsírtartalom, 2,5% nyershamu, 0,4% nyersrost. Összetétel Hús és állati eredetű melléktermékek (többek között 4% vad), gabona, pékáruk (4% tészta), zöldség (2% sárgarépa), növényi fehérje kivonatok, ásványi anyagok, cukor. Adalékanyag/kg Táplálkozásfiziológiai adalékanyagok (kg): 1100 NE A-vitamin, 140 NE D3-vitamin, 2 mg mangán (mangán-(II)-oxid), 10 mg cink (cink-szulfát, monohidrát), 1,8 mg réz (réz-(II)-szulfát, pentahidrát), 0,1 mg jód (kalcium-jodát, vízmentes) Táplálási javaslat A kutya súlya Tápmennyiség 2 kg 184 g 5 kg 370 g 7,5 kg 490 g 10 kg 612 g 15 kg 830 g 20 kg 1030 g 25 kg 1217 g 30 kg 1396 g 35 kg 1570 g 40 kg 1730 g 45 kg 1890 g 50 kg 2050 g 60 kg 2350 g 70 kg 2640 g 80 kg 2910 g A megadott adatok irányadó értékek. A tényleges tápanyagigény a fajtától, az életkortól és az aktivitástól függ. Jutalomfalatok hozzáadása esetén ennek megfelelően csökkentse a táp mennyiségét. Hűvös és száraz helyen tárolja. Felbontás után hűtőszekrényben tárolja. Szobahőmérsékleten tálalja. Tovább olvasok"}
{"breadcrumb": "Főoldal/Kutya/Eledelek/Jutalomfalatok&rágcsák/Fit+Fun kutya rágócsont 120g 2db", "product_name": "Fit+Fun kutya rágócsont 120g 2dbFit+Fun kutya rágócsont 120g 2db", "brand": "FIT+FUNFelnőttmarha&borjúrágócsontok&rágórudak", "regular_price": "859", "selling_price": "", "price_per_unit": "1 db=430 Ft", "product_url": "https://webshop.fressnapf.hu/termekek/fitfun-kutya-ragocsont-120g-13c-2db/", "product_description": "Fogápolást segítő ízletes rágcsálnivaló két étkezés között. Hozzáadott színezékek és tartósítószerek nélkül. 100% szárított, nyers marhabőr. Kiegészítő eledel 6 hónaposnál idősebb fiatal, valamint kifejlett kutyák számára. Összetétel: 100% nyers marhabőr. Analitikai összetevők: fehérje 80%, zsírtartalom 1%, nyershamu 1%, nyersrost 1,7%, nedvesség 14,4%. (A közölt értékek a természetes termékekre jellemző módon eltérést mutathatnak.) Etetési javaslat: étkezések között. Az eledel mennyisége szükség szerint csökkenthető. Nem alkalmas önálló eledelként. Tovább olvasok"}
{"breadcrumb": "Főoldal/Kutya/Eledelek/Jutalomfalatok&rágcsák/Fit+Fun kutya rágócsont 175g 1db", "product_name": "Fit+Fun kutya rágócsont 175g 1dbFit+Fun kutya rágócsont 175g 1db", "brand": "FIT+FUNFelnőttmarha&borjúrágócsontok&rágórudak", "regular_price": "1199", "selling_price": "", "price_per_unit": "1 db=1199 Ft", "product_url": "https://webshop.fressnapf.hu/termekek/fitfun-kutya-ragocsont-175g-1db/", "product_description": "Fogápolást segítő ízletes rágcsálnivaló két étkezés között. Hozzáadott színezékek és tartósítószerek nélkül. 100% szárított, nyers marhabőr. Kiegészítő eledel 6 hónaposnál idősebb fiatal, valamint kifejlett kutyák számára. Összetétel: 100% nyers marhabőr. Analitikai összetevők: fehérje 80%, zsírtartalom 1%, nyershamu 1%, nyersrost 1,7%, nedvesség 14,4%. (A közölt értékek a természetes termékekre jellemző módon eltérést mutathatnak.) Etetési javaslat: étkezések között. Az eledel mennyisége szükség szerint csökkenthető. Nem alkalmas önálló eledelként. Tovább olvasok"}
{"breadcrumb": "Főoldal/Kutya/Eledelek/Jutalomfalatok&rágcsák/Fit+Fun kutya rágócsont 440g 1db", "product_name": "Fit+Fun kutya rágócsont 440g 1dbFit+Fun kutya rágócsont 440g 1db", "brand": "FIT+FUNFelnőttmarha&borjúrágócsontok&rágórudak", "regular_price": "2399", "selling_price": "", "price_per_unit": "1 db=2399 Ft", "product_url": "https://webshop.fressnapf.hu/termekek/fitfun-preselt-csont-440g-32cm/", "product_description": "FIT+FUN Rágócsont.1 darab. Fogápolást segítő ízletes rágcsálni való két étkezés között. Hozzáadott színezékek és tartósítószerek nélkül. 100% szárított, nyers marhabőr. Kiegészítő eledel 6 hónaposnál idősebb fiatal, valamint kifejlett kutyák számára. Összetétel: 100% nyers marhabőr. Analitikai összetevők: fehérje 80%, zsírtartalom 1%, nyershamu 1%, nyersrost 1,7%, nedvesség 14,4%. (A közölt értékek a természetes termékekre jellemző módon eltérést mutathatnak.) Etetési javaslat: étkezések között. Az eledel mennyisége szükség szerint csökkenthető. Nem alkalmas önálló eledelként. Mindig adjon friss ivóvizet. Hűvös és száraz helyen tárolandó. Tovább olvasok"}
{"breadcrumb": "Főoldal/Kutya/Eledelek/Jutalomfalatok&rágcsák/Fit+Fun kutya rágórúd 130g 4db", "product_name": "Fit+Fun kutya rágórúd 130g 4dbFit+Fun kutya rágórúd 130g 4db", "brand": "FIT+FUNFelnőttmarha&borjúrágócsontok&rágórudak", "regular_price": "749", "selling_price": "", "price_per_unit": "1 db=187 Ft", "product_url": "https://webshop.fressnapf.hu/termekek/fitfun-kutya-ragorud-130g-125cm-4db/", "product_description": "Fogápolást segítő ízletes rágcsálnivaló két étkezés között. Hozzáadott színezékek és tartósítószerek nélkül. 100% szárított, nyers marhabőr. Kiegészítő eledel 6 hónaposnál idősebb fiatal, valamint kifejlett kutyák számára. Összetétel: 100% nyers marhabőr. Analitikai összetevők: fehérje 80%, zsírtartalom 1%, nyershamu 1%, nyersrost 1,7%, nedvesség 14,4%. (A közölt értékek a természetes termékekre jellemző módon eltérést mutathatnak.) Etetési javaslat: étkezések között. Az eledel mennyisége szükség szerint csökkenthető. Nem alkalmas önálló eledelként. Tovább olvasok"}
{"breadcrumb": "Főoldal/Kutya/Eledelek/Jutalomfalatok&rágcsák/Fit+Fun kutya rágórúd 160g 2db", "product_name": "Fit+Fun kutya rágórúd 160g 2dbFit+Fun kutya rágórúd 160g 2db", "brand": "FIT+FUNFelnőttmarha&borjúrágócsontok&rágórudak", "regular_price": "1099", "selling_price": "", "price_per_unit": "1 db=550 Ft", "product_url": "https://webshop.fressnapf.hu/termekek/fitfun-kutya-ragorud-160g-25cm-2db/", "product_description": "Fogápolást segítő ízletes rágcsálnivaló két étkezés között. Hozzáadott színezékek és tartósítószerek nélkül. 100% szárított, nyers marhabőr. Kiegészítő eledel 6 hónaposnál idősebb fiatal, valamint kifejlett kutyák számára. Összetétel: 100% nyers marhabőr. Analitikai összetevők: fehérje 80%, zsírtartalom 1%, nyershamu 1%, nyersrost 1,7%, nedvesség 14,4%. (A közölt értékek a természetes termékekre jellemző módon eltérést mutathatnak.) Etetési javaslat: étkezések között. Az eledel mennyisége szükség szerint csökkenthető. Nem alkalmas önálló eledelként. Tovább olvasok"}
{"breadcrumb": "Főoldal/Kutya/Eledelek/Száraz eledelek/FIT+FUN kutya szárazeledel adult bárány&rizs 10kg", "product_name": "FIT+FUN kutya szárazeledel adult bárány&rizs 10kgFIT+FUN kutya szárazeledel adult bárány&rizs 10kg", "brand": "4,1kg – 10kgFIT+FUNFelnőttjuh&bárány&kecske", "regular_price": "11 499", "selling_price": "9 999", "price_per_unit": "1 kg=750 Ft", "product_url": "https://webshop.fressnapf.hu/termekek/fitfun-kutya-szarazeledel-barany-es-rizs-10kg/", "product_description": "Teljes értékű eledel minden kifejlett, normál aktivitású kutya számára. A kiegyensúlyozott összetétel ízletes, jól emészthető bárányhúst, valamint könnyű rizst tartalmaz. A ropogós krokettek ellátják a kutyát minden fontos tápanyaggal és ezen túlmenően ízletes és élvezetes rágcsálást biztosítanak. Hozzáadott színezékek és tartósítószerek nélkül. Összetétel: gabonafélék (4%rizs), hús és állati származékok (4% bárány), növényi eredetű származékok, olajok és zsírok, ásványi anyagok 0,5%. Analitikai összetevők: fehérje 20%, zsírtartalom 8%, nyershamu 7,2%, nyersrost 3%, kalcium 1,5%, foszfor 1,3%. Adalékanyagok: tápértékkel rendelkező adalékanyagok/kg: A-vitamin 11500NE, D3-vitamin 1150NE, E-vitamin 65mg, réz (rézszulfát, pentahidrát) 10mg, jód (kalcium-jodát, vízmentes) 2mg, szelén (nátrium-szelenit) 0,2mg, cink (cink-oxid) 70mg. Technológiai adalékanyagok:antioxidánsok. Tovább olvasok"}
{"breadcrumb": "Főoldal/Kutya/Eledelek/Nedves eledelek/FIT+FUN kutya tálka adult bárány&marha 9x300g", "product_name": "FIT+FUN kutya tálka adult bárány&marha 9x300gFIT+FUN kutya tálka adult bárány&marha 9x300g", "brand": "FIT+FUN201g – 400gFelnőttjuh&bárány&kecskekistestű 10kg-igtálka", "regular_price": "8 994", "selling_price": "8 394", "price_per_unit": "459 Ft", "product_url": "https://webshop.fressnapf.hu/termekek/fitfun-kutya-talka-adult-baranymarha-300g/", "product_description": "A FIT+FUN Páté egy ízletes nedves eledel kutyák számára. Mindent tartalmaz, amire kutyájának szüksége van, és minden kutyafajta számára alkalmas. – finom pástétom – hozzáadott cukor nélkül – mesterséges színezékek és tartósítószerek nélkül Összetétel: Hús és állati melléktermékek (beleértve 6% bárányhúst, 6% vadhúst), növényi melléktermékek, ásványi anyagok. Analitikai összetevők: Fehérje 9%, zsírtartalom 4,5%, nyershamu 2%, nyersrost 0,4%, nedvességtartalom 81% Adalékanyagok: Táplálkozási adalékanyagok: D3-vitamin 200 NE, mangán (mangán(II)-szulfát, monohidrát) 3 mg, cink (cink-szulfát, monohidrát) 20 mg. Tovább olvasok"}
{"breadcrumb": "Főoldal/Kutya/Eledelek/Nedves eledelek/FIT+FUN kutya tálka adult marha 11x150g", "product_name": "FIT+FUN kutya tálka adult marha 11x150gFIT+FUN kutya tálka adult marha 11x150g", "brand": "FIT+FUN101g – 200gFelnőttmarha&borjúkistestű 10kg-igtálka", "regular_price": "3 588", "selling_price": "3 069", "price_per_unit": "279 Ft", "product_url": "https://webshop.fressnapf.hu/termekek/fitfun-kutya-talka-adult-marha-150g/", "product_description": "A FIT+FUN Páté egy ízletes nedves eledel kutyák számára. Mindent tartalmaz, amire kutyájának szüksége van, és minden kutyafajta számára alkalmas. – finom pástétom – hozzáadott cukor nélkül – mesterséges színezékek és tartósítószerek nélkül Analitikai összetevők: Fehérje 9%, zsírtartalom 5%, nyers hamu 2,5%, nyersrost 0,4%, nedvességtartalom 82% Összetétel: Hús és állati melléktermékek (beleértve 4% marhahúst), növényi melléktermékek, ásványi anyagok. Adalékanyagok kg-onként: Táplálkozási adalékanyagok: D3-vitamin 200 NE, mangán (mangán(II)-szulfát, monohidrát) 3 mg, cink (cink-szulfát, monohidrát) 20 mg. Tovább olvasok"}
{"breadcrumb": "Főoldal/Kutya/Eledelek/Nedves eledelek/FIT+FUN kutyakonzerv paté adult baromfiszív 6x400g", "product_name": "FIT+FUN kutyakonzerv paté adult baromfiszív 6x400gFIT+FUN kutyakonzerv paté adult baromfiszív 6x400g", "brand": "FIT+FUN201g – 400gFelnőttszárnyaskistestű 10kg-igtasak", "regular_price": "3 294", "selling_price": "2 994", "price_per_unit": "499 Ft", "product_url": "https://webshop.fressnapf.hu/termekek/fitfun-kutya-konzerv-pate-adult-baromfisziv-400g/", "product_description": "A FIT+FUN pástétom egy ízletes nedves eledel kutyák számára. Mindent tartalmaz, amire kutyájának szüksége van, és minden kutyafajta számára alkalmas. Analitikai összetevők: Fehérje 8,5%, zsírtartalom 6%, nyers hamu 2,5%, nyersrost 0,3%, nedvességtartalom: 79% Összetétel: Hús és állati melléktermékek (beleértve 4% baromfiszívet), gabonafélék, ásványi anyagok. Adalékanyagok kg-onként: Táplálkozási adalékanyagok (kg): A-vitamin 2000 NE, D3-vitamin 200 NE, jód (kalcium-jodát, vízmentes) 0,75 mg, cink (cink-oxid) 20 mg. Tovább olvasok"}
{"breadcrumb": "Főoldal/Kutya/Eledelek/Száraz eledelek/FIT+FUN Mix kutya szárazeledel adult 15kg", "product_name": "FIT+FUN Mix kutya szárazeledel adult 15kgFIT+FUN Mix kutya szárazeledel adult 15kg", "brand": "12,1kg – 15kgFIT+FUNFelnőtthús és állati származékok", "regular_price": "9 999", "selling_price": "8 999", "price_per_unit": "1 kg=580 Ft", "product_url": "https://webshop.fressnapf.hu/termekek/fitfun-mix-kutyaeledel-15kg/", "product_description": "Ízletes, teljes értékű táplálék Hússal, kukoricával és gabonapehellyel Kiadós étkezési élmény A fit+fun Mix intenzív teljes értékű eledel minden felnőtt, normál aktivitású kutya számára. A gondosan válogatott összetevők ízletes, kiegyensúlyozott, teljes értékű táplálékot biztosítanak kutyájának. A fehérjék, szénhidrátok, vitaminok és ásványi anyagok étvágygerjesztő módon támogatják a vitalitást és az állóképességet. A kukorica- és gabonapelyhek növényi energiaforrásként ideális kiegészítésként szolgálnak, és kiadós étkezési élményt nyújtanak! Keverje össze langyos vízzel és hagyja rövid ideig ázni. Teljes értékű eledel felnőtt kutyák számára, bővebb információk a következő címen kérhetők: webshop@fressnapf.hu Analitikai összetevők 19% fehérje, 7,5% zsírtartalom, 7,5% nyershamu, 3% nyersrost, 1,2% kalcium, 1,0% foszfor. Összetétel Gabonafélék (30% gabonapehely), hús és állati eredetű melléktermékek, növényi eredetű melléktermékek, olajok és zsírok, zöldségek, ásványi anyagok (0,5%). Adalékanyag/kg Vitaminok: 11500 NE A-vitamin, 1150 NE D3-vitamin, nyomelemek: 10 mg réz (réz-II-szulfát, pentahidrát), 2 mg jód (kalcium-jodát, vízmentes), 0,2 mg szelén (nátrium-szelenit), 70 mg cink (cink-oxid); antioxidánsok. Táplálási javaslat A kutya súlya Adagolás 2,5-5 kg 60-100 g 5–7,5 kg 100–130 g/nap 7,5–10 kg 130–170 g/nap 10–12,5 kg 170–200 g/nap 12,5–15 kg 200–220 g/nap 15–17,5 kg 220–250 g/nap 17,5–20 kg 250–280 g/nap 20–22,5 kg 280–300 g/nap 22,5–25 kg 300–330 g/nap 25-30 kg 330–380 g/nap 30–35 kg 380–420 g/nap 35–40 kg 420–470 g/nap 40–45 kg 470–510 g/nap 45–50 kg 510–550 g/nap 50-60 kg 550–630 g/nap 60–70 kg 630–710 g/nap 70-80 kg 710–790 g/nap Ossza el a megadott mennyiségeket két étkezésre. A tényleges táplálékszükséglet kutyája életkorától, méretétől és aktivitásától függ. Mindig álljon rendelkezésre friss ivóvíz. Tovább olvasok"}
{"breadcrumb": "Főoldal/Kutya/Eledelek/Száraz eledelek/Fit+Fun száraz kutyaeledel adult marha&zöldség 10kg", "product_name": "Fit+Fun száraz kutyaeledel adult marha&zöldség 10kgFit+Fun száraz kutyaeledel adult marha&zöldség 10kg", "brand": "FIT+FUN4,1kg – 10kgFelnőttmarha&borjú", "regular_price": "3 799", "selling_price": "3 299", "price_per_unit": "1 kg=720 Ft", "product_url": "https://webshop.fressnapf.hu/termekek/fitfun-szaraz-kutyaeledel-adult-marhazoldseg-10kg/", "product_description": "Teljes értékű eledel felnőtt kutyáknak. A kiegyensúlyozott összetétel ízletes marhahúst és zöldséget. Az ízletes, ropogós krokett minden fontos tápanyagot biztosít kutyájának. Tartósítószerek hozzáadása nélkül. Összetétel: Gabona (30% teljes kiőrlésű, őrölt), hús és állati melléktermékek (4% marhahús, 4% baromfi), növényi melléktermékek, olajok és zsírok, ásványi anyagok, 0,2% zöldségfélék (borsó, szárított). Analitikai összetevők: Fehérje 19%, zsírtartalom 7%, nyershamu 7%, nyersrost 3%, kalcium 1,5%, foszfor 1,1% Adalékanyagok/kg: tápértékkel rendelkező adalékanyagok A-vitamin 11000IE, D3-vitamin 1100IE, réz (réz (II) -szulfát, pentahidrát) 9mg, jód (vízmentes kalcium-jodát) 2mg, szelén (nátrium-szelenit) 0,2mg , cink (cink-oxid) 63mg; Technológiai adalékanyagok: antioxidánsok Érzékelő adalékok: színezékek Tovább olvasok"}
{"breadcrumb": "Főoldal/Kutya/Eledelek/Jutalomfalatok&rágcsák/Fit+Fun Tasty Snack kutya jutalomfalat csirke 80g", "product_name": "Fit+Fun Tasty Snack kutya jutalomfalat csirke 80gFit+Fun Tasty Snack kutya jutalomfalat csirke 80g", "brand": "FIT+FUNFelnőttszárnyas", "regular_price": "749", "selling_price": "", "price_per_unit": "1 kg=9363 Ft", "product_url": "https://webshop.fressnapf.hu/termekek/fitfun-tasty-snack-kutya-jutalomfalat-csirke-80g/", "product_description": "Kiegészítő takarmány kutyáknak. Hozzáadott cukor, színezék és tartósítószer nélkül. Összetétel: 90% csirkenyak, növényi melléktermékek, ásványi anyagok. Analitikai összetevők: fehérje 40,6%, zsírtartalom 23,3%, nyershamu 12%, nyersrost 1%. Etetési javaslat: csemegeként, a fő eledel kiegészítésére. A fő eledel mennyisége szükség szerint csökkenthető. Nem alkalmas önálló eledelként. Hűvös és száraz helyen tárolandó. Tovább olvasok"}
{"breadcrumb": "Főoldal/Kutya/Eledelek/Jutalomfalatok&rágcsák/Fit+Fun Tasty Snack kutya jutalomfalat kacsa 80g", "product_name": "Fit+Fun Tasty Snack kutya jutalomfalat kacsa 80gFit+Fun Tasty Snack kutya jutalomfalat kacsa 80g", "brand": "FIT+FUNFelnőttszárnyasrágócsíkok", "regular_price": "799", "selling_price": "", "price_per_unit": "1 kg=9988 Ft", "product_url": "https://webshop.fressnapf.hu/termekek/fitfun-tasty-snack-kutya-jutalomfalat-kacsa-80g/", "product_description": "Kiegészítő takarmány kutyáknak. Hozzáadott cukor, színezék és tartósítószer nélkül. Összetétel: 90% kacsanyak, növényi melléktermékek, ásványi anyagok. Analitikai összetevők: fehérje 42%, zsírtartalom 16,2 %, nyershamu 13,3%, nyersrost 1%. Etetési javaslat: csemegeként, a fő eledel kiegészítésére. A fő eledel mennyisége szükség szerint csökkenthető. Nem alkalmas önálló eledelként. Hűvös és száraz helyen tárolandó. Tovább olvasok"}
{"breadcrumb": "Főoldal/Kutya/Eledelek/Száraz eledelek/FitActive Croq száraz kutyaeledel bárány&rizs 15+2kg", "product_name": "FitActive Croq száraz kutyaeledel bárány&rizs 15+2kgFitActive Croq száraz kutyaeledel bárány&rizs 15+2kg", "brand": "FitActiveCROQBonus bagFelnőttjuh&bárány&kecske", "regular_price": "9 999", "selling_price": "8 999", "price_per_unit": "1 kg=882 Ft", "product_url": "https://webshop.fressnapf.hu/termekek/fitactive-croq-szaraz-kutyaeledel-baranyrizs-152kg/", "product_description": "Teljes értékű eledel felnőtt kutyák részére Könnyed étrend normál aktivitású felnőtt kutyák számára, ízletes báránnyal. Optimálisra hangolt fehérje-zsír arány, biztosítja, hogy kedvence emésztőrendszere jól működön. Hozzáadott ízületvédővel támogathatja kedvence egészségét. A termék elegendő rosttartalommal rendelkezik ahhoz, hogy a táplálás mellett kutyája éhségérzetét csökkentse. A termék nem tartalmaz: – szóját, szója származékot – mesterséges színezéket Összetétel: hús és állati származékok: húsliszt (26%, melyből minimum 4% bárányhúsliszt), búza, kukorica, korpa, olajok és zsírok, rizs, premix, digest. Analitikai összetevők: nyers fehérje: 22,00%, nyersolajok- és zsírok: 10,00%, nyers hamu: 7,80%, nyersrost: 3,70%, nedvességtartalom: max. 10,00%. Vitaminok és ásványi anyagok: Ca (Calcium-D-panthotenat) (3a841): 0,58%, szelenium (Se sodium selenit) (3b801): 0,31 mg/kg, A-vitamin retinil acetate (a3672): 6177,6 NE/kg, E-vitamin (alfa tokoferol acetate) (a3700): 36,7 mg/kg Tovább olvasok"}
{"breadcrumb": "Főoldal/Kutya/Eledelek/Száraz eledelek/FitActive Croq száraz kutyaeledel marha&rizs 15+2kg", "product_name": "FitActive Croq száraz kutyaeledel marha&rizs 15+2kgFitActive Croq száraz kutyaeledel marha&rizs 15+2kg", "brand": "FitActiveCROQBonus bagFelnőttmarha&borjú", "regular_price": "9 999", "selling_price": "8 999", "price_per_unit": "1 kg=853 Ft", "product_url": "https://webshop.fressnapf.hu/termekek/fitactive-croq-szaraz-kutyaeledel-marharizs-152kg/", "product_description": "Teljes értékű eledel felnőtt kutyák részére Könnyed étrend normál aktivitású felnőtt kutyák számára, ízletes marhával. Optimálisra hangolt fehérje-zsír arány, biztosítja, hogy kedvence emésztőrendszere jól működön. Hozzáadott ízületvédővel támogathatja kedvence egészségét. A termék elegendő rosttartalommal rendelkezik ahhoz, hogy a táplálás mellett kutyája éhségérzetét is csökkentse. A termék nem tartalmaz: – szóját, szója származékot – mesterséges színezéket Összetétel: hús és állati származékok: húsliszt (26%, melyből minimum 4% marhahúsliszt), búza, kukorica, korpa, olajok és zsírok, rizs, premix, digest. Analitikai összetevők: nyers fehérje: 22,00%, nyersolajok- és zsírok: 10,00%, nyers hamu: 7,80%, nyersrost: 3,70%, nedvességtartalom: max. 10,00%. Vitaminok és ásványi anyagok: Ca (Calcium-D-panthotenat) (3a841): 0,58%, szelenium (Se sodium selenit) (3b801): 0,31 mg/kg, A-vitamin retinil acetate (a3672): 6177,6 NE/kg, E-vitamin (alfa tokoferol acetate) (a3700): 36,7 mg/kg Tovább olvasok"}
{"breadcrumb": "Főoldal/Kutya/Eledelek/Nedves eledelek/FitActive Fitabox kutya tasak bárány&nyúl 12x100g", "product_name": "FitActive Fitabox kutya tasak bárány&nyúl 12x100gFitActive Fitabox kutya tasak bárány&nyúl 12x100g", "brand": "FitActiveFitaboxmultipackFelnőttvegyesszószbantasak", "regular_price": "8 994", "selling_price": "8 394", "price_per_unit": "1 kg=1999 Ft", "product_url": "https://webshop.fressnapf.hu/termekek/fitactive-fitabox-kutya-tasak-baranynyul-12x100g/", "product_description": "A Fitactive Fitabox válogatás kutyáknak a legízletesebb falatok változatos variációja. A fehérjében, vitaminokban, aminosavakban gazdag étrend hozzájárul a csillogó szőrzethez, erős izomzat kialakulásához, és nem utolsó sorban az állat általános jó közérzetéhez. Magas (90%) hústartalmának köszönhetően nem csak ízletes, de tápláló eledelt biztosíthat vele kedvence számára. Bárány: Összetevők: hús és állati származékok (bárány 4%),növényi eredetű származékok, ásványi anyagok, különféle cukrok Nyúl: Összetevők: hús és állati származékok (nyúl 4%),növényi eredetű származékok, ásványi anyagok, különféle cukrok Analitikai összetétel: nedvességtartalom: 83%, nyersfehérje: 7,5%, nyers olajok és zsírok: 5%, nyershamu: 2,4%, nyersrost: 0,5% Tovább olvasok"}
{"breadcrumb": "Főoldal/Kutya/Eledelek/Nedves eledelek/FitActive kutya konzerv liba&nyúl&alma 12x1240g", "product_name": "FitActive kutya konzerv liba&nyúl&alma 12x1240gFitActive kutya konzerv liba&nyúl&alma 12x1240g", "brand": "FitActive1,1kg – 4kgFelnőttszárnyasnagytestű 26kg-tólkonzerv", "regular_price": "8 994", "selling_price": "8 394", "price_per_unit": "1 199 Ft", "product_url": "https://webshop.fressnapf.hu/termekek/fitactive-kutya-konzerv-libanyulalma-1240g/", "product_description": "Az ízek varázsa kedvenceink örömére. A változatos fehérjeforrás minden szempontból fontos és hasznos kutyáink számára. Ezt a FitActive terméket úgy alakították ki, hogy a könnyen emészthető húsok ideális kombinációja (LIBA, NYÚL) ideális arányban legyen jelen. A termék minimum 32%-os hústartalma garantálja kedvence laktató ízletes vacsoráját. A megfelelő vitaminszintekkel ellátott eledel. A kiváló minőségű természetes alapanyagoknak köszönhetően, a termék tartalmaz minden olyan összetevőt, mely kedvenceink egészséges mindennapjaihoz szükségesek. A gyümölcs, mint természetes forrású vitaminforrás igen hasznos kutyáink mindennapi táplálása során. FitActive – BURSTIN’ OUT – Kirobbanó formába hoz! Összetétel: Hús és állati alapanyagok (vegyeshús 24%, libahús 4%, nyúlhús 4 %), teljes kiőrlésű gabona, alma 4%, ásványi anyagok. Analitikai összetevők: nyersfehérje 7,5 %, nyers olajok és zsírok 4,5 %, nyershamu 2,5 %, nyersrost 0,3% nedvességtartalom 80 %. Vitaminok és nyomelemek: A-vitamin (retinyl-acetát) 1900 NE/kg, D3-vitamin (cholecalciferol) 190 NE/kg, E-vitamin (RRR-alfa-tocopheryl-acetát) 10mg/kg, réz (réz (II) szulfát pentahidrát) 1,4 mg/kg, cink(cinkszulfát monohidrát) 10mg/kg, mangán (mangán(II) oxid) 2 mg/kg. Tovább olvasok"}
{"breadcrumb": "Főoldal/Kutya/Eledelek/Nedves eledelek/FitActive Meat-Mix kutya konzerv adult 12x1240g", "product_name": "FitActive Meat-Mix kutya konzerv adult 12x1240gFitActive Meat-Mix kutya konzerv adult 12x1240g", "brand": "FitActive1,1kg – 4kgFelnőttvegyeskonzerv", "regular_price": "5 094", "selling_price": "4 794", "price_per_unit": "1 199 Ft", "product_url": "https://webshop.fressnapf.hu/termekek/fitactive-meat-mix-kutya-konzerv-adult-12x1240g/", "product_description": "Az ízek varázsa kedvenceink örömére. A változatos fehérjeforrás minden szempontból fontos és hasznos kutyáink számára. A FitActive DOG meat-mix terméket úgy alakítottuk ki, hogy a könnyen emészthető magas energiatartalmú szárnyashúsok (LIBA, PULYKA, KACSA, CSIRKE) mellett a kutyák által igen kedvelt NYÚL hús is belekerült. A termék minimum 32%-os hústartalma garantálja kedvence laktató ízletes vacsoráját. A megfelelő vitaminszintekkel ellátott eledel. A kiváló minőségű természetes alapanyagoknak köszönhetően, a termék tartalmaz minden olyan összetevőt, mely kedvenceink egészséges mindennapjaihoz szükségesek. A gyümölcskoktél, mint természetes forrású vitaminforrás igen hasznos kutyáink mindennapi táplálása során. FitActive – BURSTIN’ OUT – Kirobbanó formába hoz! Összetétel: Hús és állati alapanyagok (vegyeshús 12%, csirke 4%, liba 4 %, pulyka 4%, kacsa4%, nyúl4%), teljes kiőrlésű gabona, alma 4%, körte 4%, ásványi anyagok. Analitikai összetevők: nyersfehérje 7,5 %, nyers olajok és zsírok 4,5 %, nyershamu 2,5 %, nyersrost 0,3% nedvességtartalom 80 %. Vitaminok és nyomelemek: A-vitamin (retinyl-acetát) 1900 NE/kg, D3-vitamin (cholecalciferol) 190 NE/kg, E-vitamin (RRR-alfa-tocopheryl-acetát) 10mg/kg, réz (réz (II) szulfát pentahidrát) 1,4 mg/kg, cink(cinkszulfát monohidrát) 10mg/kg, mangán (mangán(II) oxid) 2 mg/kg. Tovább olvasok"}
{"breadcrumb": "Főoldal/Kutya/Eledelek/Száraz eledelek/FitActive Next Hypoallergenic Five Reds adult száraz kutyaeledel 15kg", "product_name": "FitActive Next Hypoallergenic Five Reds adult száraz kutyaeledel 15kgFitActive Next Hypoallergenic Five Reds adult száraz kutyaeledel 15kg", "brand": "FitActiveNext12,1kg – 15kgFelnőtt", "regular_price": "3 499", "selling_price": "2 999", "price_per_unit": "1 kg=1400 Ft", "product_url": "https://webshop.fressnapf.hu/termekek/fitactive-next-hypoallergenic-five-reds-adult-szaraz-kutyaeledel-15kg/", "product_description": "Fit Active NEXT Hypoallergenic Adult 5 Reds – Teljesértékű, csökkentett gabonatartalmú, hipoallergén, szuperprémium szárazeledel 5 féle hússal (marha, bárány, vaddisznó és bivaly valamint lazachússal), közepes és nagytestű felnőtt és idős kutyák számára. Alacsony gabonatartalmú termék, mely nem tartalmaz kukoricát, búzát, zabot. Hipoallergén receptúra A termék NEM tartalmaz génmódosított alapanyagokat! A FitActive NEXT 100%-ban természetes alapanyagokból készült, mesterséges színezékektől, és ízfokozóktól mentes. Összetétel: Hús-, és állati összetevők (dehidratált marha min.14%, dehidratált bárány min.4%, dehidratált vaddisznó min.4%, dehidratált bivaly min.4%, dehidratált lazac min.4%, marhafaggyú 9%), vöröscirok, rizs, élelmi rost, spenót, vörösáfonya, F.O.S., glükozamin, Anisi fructus, Sambuci flos, Menthae pip.folium, Melissae herba, Urticae folium, Cinnamomi cortex, Cardui mariae fructus Analitikai összetétel: Nyersfehérje: 25.00%, Zsírok és olajok: 14.00%, Nyersrost: 2.70%, Nyershamu: 10.00%, Nedvességtartalom: max 10.00% Tápértékkel rendelkező adalékanyagok: Lizin 1,2%, methionin 0,4%, treonin 0,8%, triptofán 0,25%, arginin 1,3%, isoleucin 0,8%, leucin 2%, valin 1%, Ca: 1,7%, P: 0,7%, Na:0,6%Zn: 93 mg/kg, Cu: 16 mg/kg, Fe: 330 mg/kg, Mn: 1 mg/kg, Se: 0,1 mg/kg, vitamin A: 13 750 NE/kg, vitamin D-3: 1325 mg/kg, vitamin E: 77 mg/kg, vitamin B-1: 4mg/kg, itamin B-2: 6 mg/kg, vitamin B-5 (Panthoténsav): 11 mg/kg, vitamin B-6: 5 mg/kg, vitamin B-12:0,03 mg/kg, Biotin: 0,28 g/kg, Niacin (B3): 27 mg/kg, Folsav 1 mg/kg, Kolinklorid 2206 mg/kg Tovább olvasok"}
{"breadcrumb": "Főoldal/Kutya/Eledelek/Száraz eledelek/FitActive Originals Hipoallergén száraz kutyaeledel adult bárány 15kg", "product_name": "FitActive Originals Hipoallergén száraz kutyaeledel adult bárány 15kgFitActive Originals Hipoallergén száraz kutyaeledel adult bárány 15kg", "brand": "FitActiveOriginals12,1kg – 15kgFelnőttjuh&bárány&kecskehipoallergén", "regular_price": "3 499", "selling_price": "2 999", "price_per_unit": "1 kg=1267 Ft", "product_url": "https://webshop.fressnapf.hu/termekek/fitactive-originals-hipoallergen-szaraz-kutyaeledel-adult-barany-15kg/", "product_description": "FitActive Originals bárány és zöldség ízű hipoallergén száraztáp felnőtt kutyák számára. Csirke- és szárnyasmentes étrendben alkalmazható. Kiváló minőségű fehérjeforrás. A kutyák napi vitamin- és tápanyagszükségletét tartalmazza. Összetevői elősegítik az ízületek egészségét és mobilitását. ISO22000 minőségellenőrzési és irányítási rendszerrel van gyártva. Összetétel: Hús- és állati származékok (bárányhúsliszt min.25%), kukorica, zsírok és olajok (marhazsír, lazacolaj), búza, hal- és halszármazékok (lazacliszt min.5%), rizs, szárított burgonya (min.4%), szárított sárgarépa (min.4%), szárított borsó (min.4%), szárított cukorrépa, korpa, élelmi rost, szárított alma, élesztő, ízületvédő (600mg/kg), yucca schidigera kivonat, F.O.S. Analitikai összetevők: Nyersfehérje: 25,00%, zsírok és olajok: 14,00%, nyershamu: 9,50% , nyersrost: 3,40%, nedvességtartalom: max.10,00%. Hozzáadott vitaminok és ásványi anyagok(/kg): calcium: 0,39%, vitamin E / all-rac-alphatocopheryl acetate (3a700): 37mg/kg, vitamin A (3a672a): 6.250,00NE/kg. Tovább olvasok"}
{"breadcrumb": "Főoldal/Kutya/Eledelek/Száraz eledelek/FitActive Originals Hipoallergén száraz kutyaeledel adult bárány 4kg", "product_name": "FitActive Originals Hipoallergén száraz kutyaeledel adult bárány 4kgFitActive Originals Hipoallergén száraz kutyaeledel adult bárány 4kg", "brand": "FitActiveOriginals1,1kg – 4kgFelnőttjuh&bárány&kecskehipoallergén", "regular_price": "3 699", "selling_price": "3 499", "price_per_unit": "1 kg=1625 Ft", "product_url": "https://webshop.fressnapf.hu/termekek/fitactive-originals-hipoallergen-szaraz-kutyaeledel-adult-barany-4kg/", "product_description": "FitActive Originals bárány és zöldség ízű hipoallergén száraztáp felnőtt kutyák számára. Csirke- és szárnyasmentes étrendben alkalmazható. Kiváló minőségű fehérjeforrás. A kutyák napi vitamin- és tápanyagszükségletét tartalmazza. Összetevői elősegítik az ízületek egészségét és mobilitását. ISO22000 minőségellenőrzési és irányítási rendszerrel van gyártva. Összetétel: Hús- és állati származékok (bárányhúsliszt min.25%), kukorica, zsírok és olajok (marhazsír, lazacolaj), búza, hal- és halszármazékok (lazacliszt min.5%), rizs, szárított burgonya (min.4%), szárított sárgarépa (min.4%), szárított borsó (min.4%), szárított cukorrépa, korpa, élelmi rost, szárított alma, élesztő, ízületvédő (600mg/kg), yucca schidigera kivonat, F.O.S. Analitikai összetevők: Nyersfehérje: 25,00%, zsírok és olajok: 14,00%, nyershamu: 9,50% , nyersrost: 3,40%, nedvességtartalom: max.10,00%. Hozzáadott vitaminok és ásványi anyagok(/kg): calcium: 0,39%, vitamin E / all-rac-alphatocopheryl acetate (3a700): 37mg/kg, vitamin A (3a672a): 6.250,00NE/kg. Tovább olvasok"}
{"breadcrumb": "Főoldal/Kutya/Eledelek/Száraz eledelek/FitActive Originals Hipoallergén száraz kutyaeledel puppy bárány 15kg", "product_name": "FitActive Originals Hipoallergén száraz kutyaeledel puppy bárány 15kgFitActive Originals Hipoallergén száraz kutyaeledel puppy bárány 15kg", "brand": "FitActiveOriginals12,1kg – 15kgKölyökjuh&bárány&kecskehipoallergén", "regular_price": "3 499", "selling_price": "2 999", "price_per_unit": "1 kg=1333 Ft", "product_url": "https://webshop.fressnapf.hu/termekek/fitactive-originals-hipoallergen-szaraz-kutyaeledel-puppy-barany-15kg/", "product_description": "FitActive Originals bárány és zöldség ízű hipoallergén száraztáp kölyök- és fiatal kutyák számára. Csirke- és szárnyasmentes étrendben alkalmazható. Kiváló minőségű fehérjeforrás. A kutyák napi vitamin- és tápanyagszükségletét tartalmazza. Összetevői elősegítik az ízületek egészségét és mobilitását. ISO22000 minőségellenőrzési és irányítási rendszerrel van gyártva. Összetétel: Hús- és állati származékok (bárányhúsliszt min.27%), kukorica, zsírok és olajok (marhazsír, lazacolaj), búza, hal- és halszármazékok (lazacliszt min.5%), rizs, szárított burgonya (min.4%), szárított sárgarépa (min.4%), szárított borsó (min.4%), szárított cukorrépa, korpa, élelmi rost, szárított alma, élesztő, ízületvédő (600mg/kg), yucca schidigera kivonat, F.O.S., (MOS) mannanoligosaccharides (natural). Analitikai összetevők: Nyersfehérje: 26,00%, zsírok és olajok: 14,00%, nyershamu: 9,50% , nyersrost: 3,40%, nedvességtartalom: max.10,00%. Hozzáadott vitaminok és ásványi anyagok(/kg): calcium: 0,34%, vitamin E / all-rac-alphatocopheryl acetate (3a700): 100mg/kg, vitamin A (3a672a): 7.200,00NE/kg. Tovább olvasok"}
{"breadcrumb": "Főoldal/Kutya/Eledelek/Száraz eledelek/FitActive Originals Hipoallergén száraz kutyaeledel puppy bárány 4kg", "product_name": "FitActive Originals Hipoallergén száraz kutyaeledel puppy bárány 4kgFitActive Originals Hipoallergén száraz kutyaeledel puppy bárány 4kg", "brand": "FitActiveOriginals1,1kg – 4kgKölyökjuh&bárány&kecskehipoallergén", "regular_price": "3 799", "selling_price": "3 299", "price_per_unit": "1 kg=1650 Ft", "product_url": "https://webshop.fressnapf.hu/termekek/fitactive-originals-hipoallergen-szaraz-kutyaeledel-puppy-barany-4kg/", "product_description": "FitActive Originals bárány és zöldség ízű hipoallergén száraztáp kölyök- és fiatal kutyák számára. Csirke- és szárnyasmentes étrendben alkalmazható. Kiváló minőségű fehérjeforrás. A kutyák napi vitamin- és tápanyagszükségletét tartalmazza. Összetevői elősegítik az ízületek egészségét és mobilitását. ISO22000 minőségellenőrzési és irányítási rendszerrel van gyártva. Összetétel: Hús- és állati származékok (bárányhúsliszt min.27%), kukorica, zsírok és olajok (marhazsír, lazacolaj), búza, hal- és halszármazékok (lazacliszt min.5%), rizs, szárított burgonya (min.4%), szárított sárgarépa (min.4%), szárított borsó (min.4%), szárított cukorrépa, korpa, élelmi rost, szárított alma, élesztő, ízületvédő (600mg/kg), yucca schidigera kivonat, F.O.S., (MOS) mannanoligosaccharides (natural). Analitikai összetevők: Nyersfehérje: 26,00%, zsírok és olajok: 14,00%, nyershamu: 9,50% , nyersrost: 3,40%, nedvességtartalom: max.10,00%. Hozzáadott vitaminok és ásványi anyagok(/kg): calcium: 0,34%, vitamin E / all-rac-alphatocopheryl acetate (3a700): 100mg/kg, vitamin A (3a672a): 7.200,00NE/kg. Tovább olvasok"}
{"breadcrumb": "Főoldal/Kutya/Eledelek/Száraz eledelek/FitActive Originals Hipoallergén száraz kutyaeledel senior bárány 15kg", "product_name": "FitActive Originals Hipoallergén száraz kutyaeledel senior bárány 15kgFitActive Originals Hipoallergén száraz kutyaeledel senior bárány 15kg", "brand": "FitActiveOriginals12,1kg – 15kgIdősjuh&bárány&kecskehipoallergén", "regular_price": "3 499", "selling_price": "2 999", "price_per_unit": "1 kg=1200 Ft", "product_url": "https://webshop.fressnapf.hu/termekek/fitactive-originals-hipoallergen-szaraz-kutyaeledel-senior-barany-15kg/", "product_description": "FitActive Originals bárány és zöldség ízű hipoallergén száraztáp idős kutyák számára. Csirke- és szárnyasmentes étrendben alkalmazható. Kiváló minőségű fehérjeforrás. A kutyák napi vitamin- és tápanyagszükségletét tartalmazza. Összetevői elősegítik az ízületek egészségét és mobilitását. ISO22000 minőségellenőrzési és irányítási rendszerrel van gyártva. Összetétel: Hús- és állati származékok (bárányhúsliszt min.20%), kukorica, korpa, búza, rizs, szárított burgonya (min.4%), szárított sárgarépa (min.4%), szárított borsó (min.4%), szárított cukorrépa, élelmi rost, kukorica fehérje, zsírok és olajok (marhazsír, lazacolaj), hal- és halszármazékok (lazacliszt min.2%), szárított alma, élesztő, ízületvédő (600mg/kg), yucca schidigera kivonat, F.O.S.. Analitikai összetevők: Nyersfehérje: 22,00%, zsírok és olajok: 9,00%, nyershamu: 8,70% , nyersrost: 2,50%, nedvességtartalom: max.10,00% Hozzáadott vitaminok és ásványi anyagok(/kg): calcium: 0,58%, vitamin E / all-rac-alphatocopheryl acetate (3a700): 37mg/kg, vitamin A (3a672a): 6.170,00NE/kg. Tovább olvasok"}
{"breadcrumb": "Főoldal/Kutya/Eledelek/Száraz eledelek/FitActive Originals Hipoallergén száraz kutyaeledel senior bárány 4kg", "product_name": "FitActive Originals Hipoallergén száraz kutyaeledel senior bárány 4kgFitActive Originals Hipoallergén száraz kutyaeledel senior bárány 4kg", "brand": "FitActiveOriginals1,1kg – 4kgIdősjuh&bárány&kecskehipoallergén", "regular_price": "9 999", "selling_price": "8 999", "price_per_unit": "1 kg=1500 Ft", "product_url": "https://webshop.fressnapf.hu/termekek/fitactive-originals-hipoallergen-szaraz-kutyaeledel-senior-barany-4kg/", "product_description": "FitActive Originals bárány és zöldség ízű hipoallergén száraztáp idős kutyák számára. Csirke- és szárnyasmentes étrendben alkalmazható. Kiváló minőségű fehérjeforrás. A kutyák napi vitamin- és tápanyagszükségletét tartalmazza. Összetevői elősegítik az ízületek egészségét és mobilitását. ISO22000 minőségellenőrzési és irányítási rendszerrel van gyártva. Összetétel: Hús- és állati származékok (bárányhúsliszt min.20%), kukorica, korpa, búza, rizs, szárított burgonya (min.4%), szárított sárgarépa (min.4%), szárított borsó (min.4%), szárított cukorrépa, élelmi rost, kukorica fehérje, zsírok és olajok (marhazsír, lazacolaj), hal- és halszármazékok (lazacliszt min.2%), szárított alma, élesztő, ízületvédő (600mg/kg), yucca schidigera kivonat, F.O.S.. Analitikai összetevők: Nyersfehérje: 22,00%, zsírok és olajok: 9,00%, nyershamu: 8,70% , nyersrost: 2,50%, nedvességtartalom: max.10,00% Hozzáadott vitaminok és ásványi anyagok(/kg): calcium: 0,58%, vitamin E / all-rac-alphatocopheryl acetate (3a700): 37mg/kg, vitamin A (3a672a): 6.170,00NE/kg. Tovább olvasok"}
{"breadcrumb": "Főoldal/Kutya/Eledelek/Száraz eledelek/FitActive Originals Hypoallergenic light adult száraz kutyaeledel nyúl&répa 15kg", "product_name": "FitActive Originals Hypoallergenic light adult száraz kutyaeledel nyúl&répa 15kgFitActive Originals Hypoallergenic light adult száraz kutyaeledel nyúl&répa 15kg", "brand": "FitActiveOriginals12,1kg – 15kgFelnőttnyúlhipoallergén", "regular_price": "15 999", "selling_price": "15 199", "price_per_unit": "1 KG=1013 Ft", "product_url": "https://webshop.fressnapf.hu/termekek/fitactive-originals-hypoallergenic-light-adult-szaraz-kutyaeledel-nyulrepa-15kg/", "product_description": "Fitactive Originals Hypoallergenic nyúl és répa felnőtt kutyák számára készült, teljes értékű, csirke és szárnyasmentes eledel. Elsődleges állati fehérjeforrása a nyúlhús. A nyúl alacsony zsírtartalmú és könnyen emészthető, ennek köszönhetően ideális választás hízékony, vagy túlsúlyos kutyák mindennapi etetéséhez. Ezen kívül a nyúlhús gazdag Omega-3 és Omega-6 zsírsavakban, így támogatja kedvenced bőrét és szőrzetét. Emellett hozzájárul az immunrendszer egészséges működéséhez is.. Az eledel kondroitin szulfáttartalma pedig támogatja kutyád ízületeit. A termékben található élelmi rostok támogatják kedvenced egészséges bélflóráját ezzel segítve az optimális, hatékony emésztést. A sárgarépa gazdag vitaminforrás, emellett hatékonyan segíti kutyád bőrpigmentációját is. A termékben található yucca schidigera kivonta csökkenti kedvenced testszagát. Összetétel: Hús- és állati származékok (nyúlhúsliszt min.12%, sertéshúsliszt min.6%), kukorica, korpa, szárított cukorrépa, búza, rizs, szárított burgonya (min.6%), szárított sárgarépa (min.4%), élelmi rost, kukorica fehérje, zsírok és olajok (marhazsír, lazacolaj), vitamin premix, hal- és halszármazékok (lazacliszt min.2%), ízületvédő (600mg/kg), yucca schidigera kivonat, F.O.S.. Tovább olvasok"}
{"breadcrumb": "Főoldal/Kutya/Eledelek/Száraz eledelek/FitActive Originals Hypoallergenic light adult száraz kutyaeledel nyúl&répa 4kg", "product_name": "FitActive Originals Hypoallergenic light adult száraz kutyaeledel nyúl&répa 4kgFitActive Originals Hypoallergenic light adult száraz kutyaeledel nyúl&répa 4kg", "brand": "FitActiveOriginals1,1kg – 4kgFelnőttnyúlhipoallergén", "regular_price": "6 699", "selling_price": "5 399", "price_per_unit": "1 KG=1350 Ft", "product_url": "https://webshop.fressnapf.hu/termekek/fitactive-originals-hypoallergenic-light-adult-szaraz-kutyaeledel-nyulrepa-4kg/", "product_description": "Fitactive Originals Hypoallergenic nyúl és répa felnőtt kutyák számára készült, teljes értékű, csirke és szárnyasmentes eledel. Elsődleges állati fehérjeforrása a nyúlhús. A nyúl alacsony zsírtartalmú és könnyen emészthető, ennek köszönhetően ideális választás hízékony, vagy túlsúlyos kutyák mindennapi etetéséhez. Ezen kívül a nyúlhús gazdag Omega-3 és Omega-6 zsírsavakban, így támogatja kedvenced bőrét és szőrzetét. Emellett hozzájárul az immunrendszer egészséges működéséhez is.. Az eledel kondroitin szulfáttartalma pedig támogatja kutyád ízületeit. A termékben található élelmi rostok támogatják kedvenced egészséges bélflóráját ezzel segítve az optimális, hatékony emésztést. A sárgarépa gazdag vitaminforrás, emellett hatékonyan segíti kutyád bőrpigmentációját is. A termékben található yucca schidigera kivonta csökkenti kedvenced testszagát. Összetétel: Hús- és állati származékok (nyúlhúsliszt min.12%, sertéshúsliszt min.6%), kukorica, korpa, szárított cukorrépa, búza, rizs, szárított burgonya (min.6%), szárított sárgarépa (min.4%), élelmi rost, kukorica fehérje, zsírok és olajok (marhazsír, lazacolaj), vitamin premix, hal- és halszármazékok (lazacliszt min.2%), ízületvédő (600mg/kg), yucca schidigera kivonat, F.O.S.. Tovább olvasok"}
{"breadcrumb": "Főoldal/Kutya/Eledelek/Száraz eledelek/FitActive Originals Regular száraz kutyaeledel adult marha&répa 15kg", "product_name": "FitActive Originals Regular száraz kutyaeledel adult marha&répa 15kgFitActive Originals Regular száraz kutyaeledel adult marha&répa 15kg", "brand": "FitActiveOriginals12,1kg – 15kgFelnőttmarha&borjúegészséges felnőtt táplálás", "regular_price": "9 999", "selling_price": "8 999", "price_per_unit": "1 kg=1000 Ft", "product_url": "https://webshop.fressnapf.hu/termekek/fitactive-originals-regular-szaraz-kutyaeledel-adult-marharepa-15kg/", "product_description": "FitActive Originals Regular marha és répa ízű szárazeledel felnőtt kutyák számára. Csirke- és szárnyasmentes étrendben alkalmazható. Kiváló minőségű fehérjeforrás. A kutyák napi vitamin- és tápanyagszükségletét tartalmazza. Összetevői elősegítik az ízületek egészségét és mobilitását. ISO22000 minőségellenőrzési és irányítási rendszerrel van gyártva. Összetétel: Hús- és állati származékok (min.29% melyből min.17% marha), búza, korpa, kukorica, zsírok és olajok (marhazsír, lazacolaj), szárított cukorrépa, burgonya (min.4%), rizs, hal- és halszármazékok (lazacliszt min.3%), sárgarépa (min.3%), élelmi rost, ízületvédő (600mg/kg), yucca schidigera kivonat. Analitikai összetevők: Nyersfehérje: 25,00%, zsírok és olajok: 14,00%, nyershamu: 10,50% , nyersrost: 2,42%, nedvességtartalom: max.10,00% Hozzáadott vitaminok és ásványi anyagok(/kg): calcium: 0,39%, vitamin E / all-rac-alphatocopheryl acetate (3a700): 37mg/kg, vitamin A (3a672a): 6.250,00NE/kg. Tovább olvasok"}
{"breadcrumb": "Főoldal/Kutya/Eledelek/Száraz eledelek/FitActive Originals Regular száraz kutyaeledel adult marha&répa 4kg", "product_name": "FitActive Originals Regular száraz kutyaeledel adult marha&répa 4kgFitActive Originals Regular száraz kutyaeledel adult marha&répa 4kg", "brand": "FitActiveOriginals1,1kg – 4kgFelnőttmarha&borjúegészséges felnőtt táplálás", "regular_price": "9 999", "selling_price": "8 999", "price_per_unit": "1 kg=1325 Ft", "product_url": "https://webshop.fressnapf.hu/termekek/fitactive-originals-regular-szaraz-kutyaeledel-adult-marharepa-4kg/", "product_description": "FitActive Originals Regular marha és répa ízű szárazeledel felnőtt kutyák számára. Csirke- és szárnyasmentes étrendben alkalmazható. Kiváló minőségű fehérjeforrás. A kutyák napi vitamin- és tápanyagszükségletét tartalmazza. Összetevői elősegítik az ízületek egészségét és mobilitását. ISO22000 minőségellenőrzési és irányítási rendszerrel van gyártva. Összetétel: Hús- és állati származékok (min.29% melyből min.17% marha), búza, korpa, kukorica, zsírok és olajok (marhazsír, lazacolaj), szárított cukorrépa, burgonya (min.4%), rizs, hal- és halszármazékok (lazacliszt min.3%), sárgarépa (min.3%), élelmi rost, ízületvédő (600mg/kg), yucca schidigera kivonat. Analitikai összetevők: Nyersfehérje: 25,00%, zsírok és olajok: 14,00%, nyershamu: 10,50% , nyersrost: 2,42%, nedvességtartalom: max.10,00% Hozzáadott vitaminok és ásványi anyagok(/kg): calcium: 0,39%, vitamin E / all-rac-alphatocopheryl acetate (3a700): 37mg/kg, vitamin A (3a672a): 6.250,00NE/kg. Tovább olvasok"}
{"breadcrumb": "Főoldal/Kutya/Eledelek/Száraz eledelek/FitActive Pure Hipoallergén száraz kutyaeledel lazac&csipkebogyó 12kg", "product_name": "FitActive Pure Hipoallergén száraz kutyaeledel lazac&csipkebogyó 12kgFitActive Pure Hipoallergén száraz kutyaeledel lazac&csipkebogyó 12kg", "brand": "FitActivePure hypoallergen10,1 – 12kgFelnőtthal&tenger gyümölcseihipoallergén", "regular_price": "9 999", "selling_price": "8 999", "price_per_unit": "1 kg=1500 Ft", "product_url": "https://webshop.fressnapf.hu/termekek/fitactive-pure-hipoallergen-szaraz-kutyaeledel-lazaccsipkebogyo-12kg/", "product_description": "FitActive Pure lazac és csipkebogyó hipoallergén szárazeledel kutyák számára. Csirke- és szárnyasmentes étrendben alkalmazható. Kiváló minőségű fehérjeforrás. A kutyák napi vitamin- és tápanyagszükségletét tartalmazza. Összetevői elősegítik az ízületek egészségét és mobilitását. ISO22000 minőségellenőrzési és irányítási rendszerrel van gyártva. Összetétel: hús és állati származékok: húsliszt (lazac húsliszt min. 27%), cirok, kukorica, rizs, állati zsír, burgonya, digest, cukorrépa pép, élelmi rozst, szárított csipkebogyó (1%), sárgarépa, szárított rozmaring (0,5%), szárított tök, lazacolaj (0,01%), kondroitin-glükozamin (600mg/kg). Analitikai összetevők: nyers fehérje: 24%, nyersolajok és -zsírok: 12%, nyershamu: 5%, nyersrost: 2%, nedvességtartalom: max. 10%. Tápértékkel rendelkező vitaminok, adalékanyagok: Ca Kalcium-pantotenát (3a841): 0,58%, szelén Se-nátrium-szelenit (3b801): 0,31 mg/kg, A-vitamin retinil-acetát (a3672): 6177,6 NE/kg, E-vitamin alfa tokoferol-acetát (a3700): 36,7 mg/kg Tovább olvasok"}
{"breadcrumb": "Főoldal/Kutya/Eledelek/Száraz eledelek/FitActive Pure Hipoallergén száraz kutyaeledel lazac&csipkebogyó 3kg", "product_name": "FitActive Pure Hipoallergén száraz kutyaeledel lazac&csipkebogyó 3kgFitActive Pure Hipoallergén száraz kutyaeledel lazac&csipkebogyó 3kg", "brand": "FitActivePure1,1kg – 4kgFelnőtthal&tenger gyümölcseihipoallergén", "regular_price": "3 699", "selling_price": "3 299", "price_per_unit": "1 kg=1633 Ft", "product_url": "https://webshop.fressnapf.hu/termekek/fitactive-pure-hipoallergen-szaraz-kutyaeledel-lazaccsipkebogyo-3kg/", "product_description": "FitActive Pure lazac és csipkebogyó hipoallergén szárazeledel kutyák számára. Csirke- és szárnyasmentes étrendben alkalmazható. Kiváló minőségű fehérjeforrás. A kutyák napi vitamin- és tápanyagszükségletét tartalmazza. Összetevői elősegítik az ízületek egészségét és mobilitását. ISO22000 minőségellenőrzési és irányítási rendszerrel van gyártva. Összetétel: hús és állati származékok: húsliszt (lazac húsliszt min. 27%), cirok, kukorica, rizs, állati zsír, burgonya, digest, cukorrépa pép, élelmi rozst, szárított csipkebogyó (1%), sárgarépa, szárított rozmaring (0,5%), szárított tök, lazacolaj (0,01%), kondroitin-glükozamin (600mg/kg). Analitikai összetevők: nyers fehérje: 24%, nyersolajok és -zsírok: 12%, nyershamu: 5%, nyersrost: 2%, nedvességtartalom: max. 10%. Tápértékkel rendelkező vitaminok, adalékanyagok: Ca Kalcium-pantotenát (3a841): 0,58%, szelén Se-nátrium-szelenit (3b801): 0,31 mg/kg, A-vitamin retinil-acetát (a3672): 6177,6 NE/kg, E-vitamin alfa tokoferol-acetát (a3700): 36,7 mg/kg Tovább olvasok"}
{"breadcrumb": "Főoldal/Kutya/Eledelek/Száraz eledelek/FitActive Pure Hipoallergén száraz kutyaeledel marha&csipkebogyó 12kg", "product_name": "FitActive Pure Hipoallergén száraz kutyaeledel marha&csipkebogyó 12kgFitActive Pure Hipoallergén száraz kutyaeledel marha&csipkebogyó 12kg", "brand": "FitActivePure hypoallergen10,1 – 12kgFelnőttmarha&borjúhipoallergén", "regular_price": "3 699", "selling_price": "3 299", "price_per_unit": "1 kg=1233 Ft", "product_url": "https://webshop.fressnapf.hu/termekek/fitactive-pure-hipoallergen-szaraz-kutyaeledel-marhacsipkebogyo-12kg/", "product_description": "FitActive Pure marha és csipkebogyó hipoallergén szárazeledel kutyák számára. Csirke- és szárnyasmentes étrendben alkalmazható. Kiváló minőségű fehérjeforrás. A kutyák napi vitamin- és tápanyagszükségletét tartalmazza. Összetevői elősegítik az ízületek egészségét és mobilitását. ISO22000 minőségellenőrzési és irányítási rendszerrel van gyártva. Összetétel: hús és állati származékok: húsliszt (marha húsliszt min. 32%), cirok, kukorica, rizs, állati zsír, burgonya, digest, cukorrépa pép, élelmi rozst, szárított csipkebogyó (1%), sárgarépa, szárított rozmaring (0,5%), szárított tök, lazacolaj (0,01%), kondroitin-glükozamin (600mg/kg). Analitikai összetevők: nyers fehérje: 24%, nyersolajok és -zsírok: 12%, nyershamu: 12%, nyersrost: 2%, nedvességtartalom: max. 10%. Tovább olvasok"}
{"breadcrumb": "Főoldal/Kutya/Eledelek/Száraz eledelek/FitActive Pure Hipoallergén száraz kutyaeledel marha&csipkebogyó 3kg", "product_name": "FitActive Pure Hipoallergén száraz kutyaeledel marha&csipkebogyó 3kgFitActive Pure Hipoallergén száraz kutyaeledel marha&csipkebogyó 3kg", "brand": "FitActivePure1,1kg – 4kgFelnőttmarha&borjúhipoallergén", "regular_price": "3 799", "selling_price": "3 299", "price_per_unit": "1 kg=1466 Ft", "product_url": "https://webshop.fressnapf.hu/termekek/fitactive-pure-hipoallergen-szaraz-kutyaeledel-marhacsipkebogyo-3kg/", "product_description": "FitActive Pure marha és csipkebogyó hipoallergén szárazeledel kutyák számára. Csirke- és szárnyasmentes étrendben alkalmazható. Kiváló minőségű fehérjeforrás. A kutyák napi vitamin- és tápanyagszükségletét tartalmazza. Összetevői elősegítik az ízületek egészségét és mobilitását. ISO22000 minőségellenőrzési és irányítási rendszerrel van gyártva. Összetétel: hús és állati származékok: húsliszt (marha húsliszt min. 32%), cirok, kukorica, rizs, állati zsír, burgonya, digest, cukorrépa pép, élelmi rozst, szárított csipkebogyó (1%), sárgarépa, szárított rozmaring (0,5%), szárított tök, lazacolaj (0,01%), kondroitin-glükozamin (600mg/kg). Analitikai összetevők: nyers fehérje: 24%, nyersolajok és -zsírok: 12%, nyershamu: 12%, nyersrost: 2%, nedvességtartalom: max. 10%. Tovább olvasok"}
{"breadcrumb": "Főoldal/Kutya/Eledelek/Száraz eledelek/FitActive ToyDogs kutya szárazeledel adult bárány&hal 1,5kg", "product_name": "FitActive ToyDogs kutya szárazeledel adult bárány&hal 1,5kgFitActive ToyDogs kutya szárazeledel adult bárány&hal 1,5kg", "brand": "FitActiveToyDogs1,1kg – 4kgFelnőttjuh&bárány&kecskekistestű 10kg-ig", "regular_price": "3 799", "selling_price": "3 299", "price_per_unit": "1 kg=1999 Ft", "product_url": "https://webshop.fressnapf.hu/termekek/fitactive-toydogs-kutya-szarazeledel-adult-baranyhal-15kg/", "product_description": "FIT ACTIVE – HYPOALLERGENIC TOY DOGS (bárány+alma)– Teljes értékű szárazeledel felnőtt kutyák számára. Összetétel: Hús és állati származékok (bárányhúsliszt min. 25%), kukorica, búza, cirok, állati zsír, Hal és halszármazékok (halliszt min. 5%), rizs, digest, alma 1%, sárgarépa, kondroitin glükózamin, yucca schidigera kivonat. Analitikai összetevők: Fehérje 25,00%, Olajok és zsírok 14,00%, nyershamu 12,00%, nyersrost 3,50%, Nedvesség: max.10%. Tápértékkel rendelkező vitaminok és ásványi anyagok: Kalcium-D-pantotenát (3a841): 0,58%, szelén-nátrium-szelenit (3b801): 0,31 mg/kg, A-vitamin retinil-acetát (a3672): 6177,6 NE/kg, E-vitamin-acetát (3a841)-a-tokoferol70 : 36,7 mg/kg. Ügyeljen arra, hogy mindig friss, tiszta víz álljon kutyája rendelkezésére. Tárolás: száraz, hűvös helyen. Felhasználási javaslat: Használható szárazon vagy nedvesen, meleg vízzel vagy húslevessel leöntve. Az etetési útmutatóban szereplő mennyiségek kutyája tényleges egyéni igényeitől függően változhatnak. Tovább olvasok"}
{"breadcrumb": "Főoldal/Kutya/Eledelek/Száraz eledelek/FitActive WhiteDogs adult száraz kutyaeledel bárány&hal 1,5kg", "product_name": "FitActive WhiteDogs adult száraz kutyaeledel bárány&hal 1,5kgFitActive WhiteDogs adult száraz kutyaeledel bárány&hal 1,5kg", "brand": "FitActive1,1kg – 4kgFelnőttvegyes", "regular_price": "9 999", "selling_price": "8 999", "price_per_unit": "1 kg=2266 Ft", "product_url": "https://webshop.fressnapf.hu/termekek/fitactive-whitedogs-adult-szaraz-kutyaeledel-baranyhal-15kg/", "product_description": "Válogatott alapanyagok és beltartalmi összetevőknek köszönhetően segíthet a fehér szőrű kutyák szőrzetének kifogástalan állapotúvá válásában, az élénk fehér szőrzet és pigmentáció megtartásában, valamint erősítheti a szőrszálakat. A termékben található minőségi alapanyagok könnyen emészthetőek, nem terhelik meg az emésztőrendszert, így a Fit Active WhiteDogs formula kiváló választás lehet szinte valamennyi fehér szőrű kutya számára. TELJESÉRTÉKŰ eledel, mivel tartalmazza mindazokat az összetevőket – ásványi anyagokat, vitaminokat – melyek biztosítják kedvencének, hogy egészséges és teljes életet éljen. A BÁRÁNY és a HAL, mint állati fehérje forrás csökkentheti az ételallergia kockázatát, IDEAL BALANCE a két állati fehérjeforrás ideális arányát jelzi kutyája számára. A BÁRÁNY húsa gazdag B12-vitaminban, mely támogatja a különböző anyagcsere-folyamatokat a szervezetben, így a szőr helyes anyagcsere folyamatait is. A B12-vitamin segíti a vörös vérsejtek termelését is. A bárány kiváló forrása a könnyen felszívódó cinknek, továbbá gazdag vasban és szelénben. A HAL omega-3, omega-6 telítetlen zsírsavakban gazdag, ami támogatja az immunrendszer megfelelő működését, a szőrzet – mint a kutyák immunrendszerének része – megfelelő és egészséges állapotának fenntartását, ami kifejezetten fontos kutyánk számára. A csirkefehérjére érzékeny kutyáknál csak a legritkább esetben vált ki allergén reakciót ezért a Fit Active WhiteDogs kiváló hipoallergén formula. A táp kondroitin-glükozamin tartalommal rendelkezik az egészséges ízületek érdekében. Összetétel: Hús- és állati származékok (bárány min 26%, halhúsliszt min 5%), kukorica, állati zsír, korpa, rizs, cirok, sárgarépa, digest, alma, omega-3, omega-6, kondroitin glukozamin, yucca schidigera kivonat, F.O.S. Analitikai összetétel: Nyersfehérje: 25,00%, Zsírok és olajok: 14,00%, nyershamu 12,00%, nyersrost 3,50%, Nedvességtartalom: 11,4 % Tovább olvasok"}
{"breadcrumb": "Főoldal/Kutya/Eledelek/Táplálékkiegészítők&vitaminok/FITOMUNE immunerősítő tabletta 20db", "product_name": "FITOMUNE immunerősítő tabletta 20dbFITOMUNE immunerősítő tabletta 20db", "brand": "FitomuneFelnőtttablettaimmunerősítő", "regular_price": "4999", "selling_price": "", "price_per_unit": "1 db=250 Ft", "product_url": "https://webshop.fressnapf.hu/termekek/fitomune-immunerosito-tabletta-20db/", "product_description": "A Fitomune immunerősítő tabletta speciálisan összeállított növényi hatóanyagok és béta-glükán kombinációját tartalmazza, melyek az immunrendszer működésére kifejtett hatásuk révén hatékonyan hozzájárulnak az egészség megőrzéséhez és a betegségek elleni küzdelemhez. ÖSSZETÉTEL: bíbor kasvirág (Echinacea purpurea) 150 mg, (1-3, 1-6) béta-glükán 150 mg, homoktövis (Hippophae rhamnoides) 50 mg, grapefruit-mag kivonat 50 mg, macskakarom (Uncaria tomentosa) 40 mg, csüdfű (Astragalus membranaceus) 40 mg ADAGOLÁS : Testtömegkilogramm – Napi adag 45 – 4 tabletta Felnőtt macska – ½ tabletta Kölyökmacska < 2 kg – ¼ tabletta Fertőző betegségek esetén a javasolt adagolási időtartam: 2-4 hét. Fontos, hogy légúti, emésztőszervi vagy egyéb fertőzések esetén a tünetek megjelenése után alkalmazását minél előbb kezdjük el. Az immunerősítés kiemelt jelentőségű bizonyos bőrbetegségek, például demodicosis (szőrtüszőatkásság) esetén, valamint macskák krónikus ínygyulladásánál, vírusos betegségeinél (leukózis, FIV-macska AIDS) is. Műtét esetén: Műtétek előtt egy héttel normál dózisban (kutya: napi 1 tabl./15 kg; macska: napi ½ tabl.) kell a Fitomune tablettát elkezdeni használni és a varratszedésig (10-14 nap) kell adni. Tartós használat: Legyengült immunrendszerű állatok, idős állatok, daganatos betegség esetén valamint fertőzések megelőzésére a tartós, fél adaggal (kutya: napi ½ tabl./15 kg; macska: napi ¼ tabl.) történő, 1-3 hónapig tartó adagolás javasolt. Tovább olvasok"}
{"breadcrumb": "Főoldal/Kutya/Eledelek/Jutalomfalatok&rágcsák/Flash Cherry-Berry kutyafagyi 60g", "product_name": "Flash Cherry-Berry kutyafagyi 60gFlash Cherry-Berry kutyafagyi 60g", "brand": "Flash0g – 100gFelnőttzöldség&gyümölcsfagyi", "regular_price": "2699", "selling_price": "", "price_per_unit": "1 kg=44983 Ft", "product_url": "https://webshop.fressnapf.hu/termekek/flash-cherry-berry-kutyafagyi-60g/", "product_description": "A nyári hőségben mi sem esik jobban kutyusod számára, mint egy kis kutyafagyi? Hát ha még ezt büntetlenül ehetik. 100% természetes alapanyagokból készült, semmi tartósítószert, adalékanyagot, aromát, cukrot nem tartalmaznak. Az elkészítése pofonegyszerű és gyors. Csak vizet kell adnod a keverékhez, jégkockatartóba vagy szilikon formába öntened, amit egy kis időre mélyhűtőbe kell rakni és már eheti is kutyusod. Összetevők: joghurt, meggy, bodzabogyó, sárgarépa Száraz, hűvös és fénytől védett helyen tárolandó. Kiegészítő eledel kutyák számára. Összetételénél fogva nem elegendő a napi táplálásra. Tovább olvasok"}
{"breadcrumb": "Főoldal/Kutya/Eledelek/Jutalomfalatok&rágcsák/Flash kutyafagyi Mangó 60g", "product_name": "Flash kutyafagyi Mangó 60gFlash kutyafagyi Mangó 60g", "brand": "FlashFelnőttzöldség&gyümölcsfagyipor", "regular_price": "2699", "selling_price": "", "price_per_unit": "1 KG=44983 Ft", "product_url": "https://webshop.fressnapf.hu/termekek/flash-kutyafagyi-mango-60g/", "product_description": "Kutyafagyi por, 100% természetes alapanyagból, tartósítószer, adalékanyagok, aroma, és hozzáadott cukor nélkül. Tovább olvasok"}
{"breadcrumb": "Főoldal/Kutya/Eledelek/Jutalomfalatok&rágcsák/Flash Marhajó kutyafagyi 60g", "product_name": "Flash Marhajó kutyafagyi 60gFlash Marhajó kutyafagyi 60g", "brand": "Flash0g – 100gFelnőttzöldség&gyümölcsfagyi", "regular_price": "2699", "selling_price": "", "price_per_unit": "1 kg=44983 Ft", "product_url": "https://webshop.fressnapf.hu/termekek/flash-marhajo-kutyafagyi-60g/", "product_description": "A nyári hőségben mi sem esik jobban kutyusod számára, mint egy kis kutyafagyi? Hát ha még ezt büntetlenül ehetik. 100% természetes alapanyagokból készült, semmi tartósítószert, adalékanyagot, aromát, cukrot nem tartalmaznak. Az elkészítése pofonegyszerű és gyors. Csak vizet kell adnod a keverékhez, jégkockatartóba vagy szilikon formába öntened, amit egy kis időre mélyhűtőbe kell rakni és már eheti is kutyusod. Összetevők: marhamáj, alma, répa, földimogyoróvaj Száraz, hűvös és fénytől védett helyen tárolandó. Kiegészítő eledel kutyák számára. Összetételénél fogva nem elegendő a napi táplálásra. Tovább olvasok"}
{"breadcrumb": "Főoldal/Kutya/Eledelek/Jutalomfalatok&rágcsák/Friskies Funtastix kutya jutalomfalat 175g", "product_name": "Friskies Funtastix kutya jutalomfalat 175gFriskies Funtastix kutya jutalomfalat 175g", "brand": "Friskieshús és állati származékokFelnőttrágócsíkok", "regular_price": "849", "selling_price": "", "price_per_unit": "1 kg=4851 Ft", "product_url": "https://webshop.fressnapf.hu/termekek/friskies-funtastix-kutya-jutalomfalat-175g/", "product_description": "Kiegészítő állateledel felnőtt kutyák számára Ízletes sajt és bacon ízesítés Nem tartalmaz hozzáadott mesterséges színezékeket, ízesítőanyagokat és tartósítószereket Visszazárható a frissesség megőrzéséért Ízletes, csavart bacon és sajt ízesítésű jutalomfalat, tápláló összetevőkkel, hozzáadott mesterséges színezékek, ízesítő anyagok és tartósítószerek nélkül. A Friskies Funtastix a nap bármely pillanatában adható kutyájának kényeztetésként vagy jutalomfalatként, egészben vagy kisebb darabokban is. Összetétel: gabonafélék, növényi fehérjekivonatok, glicerol, különféle cukrok, hús és állati származékok (4%), olajok és zsírok, ásványi anyagok, zöldségek, tej és tejszármazékok (sajtpor 0,2%*), *1,2% rehidratált sajtnak felel meg. Analitikai összetevők: fehérje: 13,0%, zsírtartalom: 4,5%, nyershamu: 3,3%, nyersrost: 0,75%, nedvességtartalom: 25,0%, Omega-3 zsírsavak: 0,08%, Omega-6 zsírsavak: 1,4%, adalékanyagok: tápértékkel rendelkező adalékanyagok: NE/kg: Vit. A: 9800, Vit. D₃: 660, Vit. E: 66, mg/kg: B-vitamin csoport: 64, vízmentes kalcium-jodát: 2,5, mangán-szulfát monohidrát: 14, cink-szulfát monohidrát: 330, nátrium-szelenit: 0,36, érzékszervi adalékanyagok: mg/kg: Bacon ízesítőanyag: 3500, antioxidánsok Tovább olvasok"}
{"breadcrumb": "Főoldal/Kutya/Eledelek/Száraz eledelek/Friskies kutya szárazeledel active 15kg", "product_name": "Friskies kutya szárazeledel active 15kgFriskies kutya szárazeledel active 15kg", "brand": "Friskies12,1kg – 15kghús és állati származékokFelnőttnagytestű 26kg-tól", "regular_price": "9 999", "selling_price": "8 999", "price_per_unit": "1 kg=1027 Ft", "product_url": "https://webshop.fressnapf.hu/termekek/friskies-kutya-szarazeledel-active-15kg/", "product_description": "A Purina® Friskies® Active ízletes receptúra marhahával, teljes kiőrlésű gabonával, B-vitaminokkal és Omega-3 és -6 zsírsavakkal. Friskies® Active az energiával teli, játékos kutyák számára. A Friskies® 5 ígérete. Attól a naptól kezdve, hogy kutyádat hazaviszed, el is kötelezed magad. Megígéred, hogy törődni fogsz vele, megfelelően eteted és segítesz neki, hogy boldog, egészséges, életerővel teli életet élhessen és minden nap boldogsággal tölthesse meg otthonodat. A Friskies több évtizedes tapasztalatára és szakértelmére támaszkodva táplálja a boldog és egészséges kutyák sokadik generációját ízletes és minőségi táplálékkal minden nap. Erre nemcsak büszkék vagyunk, hanem hatalmas felelősségként is tekintünk. Hozzád hasonlóan a Friskies-nél mi is mindent megteszünk, hogy álljuk a szavunkat. A kutyádnak és neked egyaránt. 5 ígéretet teszünk, hiszen törődünk veletek: – Táplálás: 100%-ban teljes értékű, kiegyensúlyozott és ízletes eledel állati és növényi alapú (pl. gabonafélékből származó) fehérjék keverékével – Minőség: termelési folyamatunk során több száz ellenőrzést végzünk minden nap – Szakértelem: a Purina táplálkozástudományi szakértői fejlesztésének eredménye – Nyomon követhetőség: magas minőségű összetevőkkel készült, amelyeket gondosan válogattunk ki ismert és megbízható forrásokból – 2025-ös vállalás: vállaljuk, hogy 2025-re 100%-ban újrahasznosíthatóvá, illetve újra felhasználhatóvá tesszük a csomagolást Receptúráink ezenfelül nem tartalmaznak mesterséges színezékeket, ízesítőanyagokat és tartósítószereket. Összetétel: Gabonafélék (teljes kiőrlésű gabona 59%), Hús és állati származékok (10%, melyből 4% marha), Olajok és zsírok, Növényi eredetű származékok, Növényi fehérjekivonatok, Ásványi anyagok Analitikai összetevők: Fehérje: 20%, Zsírtartalom: 10%, Nyershamu: 8%, Nyersrost: 3,5%, Omega-6 zsírsavak: Linolsav: 1,7%, Omega-3 zsírsav: Linolénsav: 0,1% Adalékanyagok: Tápértékkel rendelkező adalékanyagok NE/kg: Vit A: 22800, Vit D₃: 1300, Vit E: 108. mg/kg: Vas(II)-szulfát monohidrát: (Fe: 94), Vízmentes kalcium-jodát: (I: 2,3), Réz(II)-szulfát pentahidrát: (Cu: 10,5), Mangán-szulfát monohidrát: (Mn: 7,1), Cink-szulfát monohidrát: (Zn: 140), Nátrium-szelenit: (Se: 0,23), B-vitamin csoport: 90, Színezékek⁽¹⁾ és antioxidánsok ⁽¹⁾nem tartalmaz mesterséges színezékeket. Tovább olvasok"}
{"breadcrumb": "Főoldal/Kutya/Eledelek/Száraz eledelek/Friskies kutya szárazeledel active 3kg", "product_name": "Friskies kutya szárazeledel active 3kgFriskies kutya szárazeledel active 3kg", "brand": "Friskies1,1kg – 4kghús és állati származékokFelnőttkistestű 10kg-ig", "regular_price": "11 499", "selling_price": "9 999", "price_per_unit": "1 kg=1533 Ft", "product_url": "https://webshop.fressnapf.hu/termekek/friskies-kutya-szarazeledel-active-3kg/", "product_description": "A Friskies® 5 ígérete. Attól a naptól kezdve, hogy kutyádat hazaviszed, el is kötelezed magad. Megígéred, hogy törődni fogsz vele, megfelelően eteted és segítesz neki, hogy boldog, egészséges, életerővel teli életet élhessen és minden nap boldogsággal tölthesse meg otthonodat. A Friskies több évtizedes tapasztalatára és szakértelmére támaszkodva táplálja a boldog és egészséges kutyák sokadik generációját ízletes és minőségi táplálékkal minden nap. Erre nemcsak büszkék vagyunk, hanem hatalmas felelősségként is tekintünk. Hozzád hasonlóan a Friskies-nél mi is mindent megteszünk, hogy álljuk a szavunkat. A kutyádnak és neked egyaránt. 5 ígéretet teszünk, hiszen törődünk veletek: – Táplálás: 100%-ban teljes értékű, kiegyensúlyozott és ízletes eledel állati és növényi alapú (pl. gabonafélékből származó) fehérjék keverékével – Minőség: termelési folyamatunk során több száz ellenőrzést végzünk minden nap – Szakértelem: a Purina táplálkozástudományi szakértői fejlesztésének eredménye – Nyomon követhetőség: magas minőségű összetevőkkel készült, amelyeket gondosan válogattunk ki ismert és megbízható forrásokból – 2025-ös vállalás: vállaljuk, hogy 2025-re 100%-ban újrahasznosíthatóvá, illetve újra felhasználhatóvá tesszük a csomagolást Receptúráink ezenfelül nem tartalmaznak mesterséges színezékeket, ízesítőanyagokat és tartósítószereket. A Purina® Friskies® Active ízletes receptúra marhával, teljes kiőrlésű gabonával, B-vitaminokkal és Omega-3 és -6 zsírsavakkal. Friskies® Active az energiával teli, játékos kutyák számára. A Purina® Friskies® ízletes receptúrák széles választékát kínálja kifejezetten a különböző korú, méretű, életstílusú kutyák számára. Összetevők: Gabonafélék (teljes kiőrlésű gabona 59%), Hús és állati származékok (10%, melyből 4% marha), Olajok és zsírok, Növényi eredetű származékok, Növényi fehérjekivonatok, Ásványi anyagok Analitikai összetevők: Fehérje: 20%, Zsírtartalom: 10%, Nyershamu: 8%, Nyersrost: 3,5%, Omega-6 zsírsavak: Linolsav: 1,7%, Omega-3 zsírsav: Linolénsav: 0,1%, Adalékanyagok: Tápértékkel rendelkező adalékanyagok: NE/kg: Vit A: 22800, Vit D3: 1300, Vit E: 108, mg/kg: Vas(II)-szulfát monohidrát: (Fe: 94), Vízmentes kalcium-jodát: (I: 2,3), Réz(II)-szulfát pentahidrát: (Cu: 10,5), Mangán-szulfát monohidrát: (Mn: 7,1), Cink-szulfát monohidrát: (Zn: 140), Nátrium-szelenit: (Se: 0,23), B-vitamin csoport: 90, Színezékek⁽¹⁾ és antioxidánsok, ⁽¹⁾nem tartalmaz mesterséges színezékeket. Tovább olvasok"}
{"breadcrumb": "Főoldal/Kutya/Eledelek/Száraz eledelek/Friskies kutya szárazeledel balance 15kg", "product_name": "Friskies kutya szárazeledel balance 15kgFriskies kutya szárazeledel balance 15kg", "brand": "Friskies12,1kg – 15kgszárnyasFelnőttnagytestű 26kg-tól", "regular_price": "11 499", "selling_price": "9 999", "price_per_unit": "1 kg=1027 Ft", "product_url": "https://webshop.fressnapf.hu/termekek/friskies-kutya-szarazeledel-balance-15kg/", "product_description": "A Friskies® 5 ígérete. Attól a naptól kezdve, hogy kutyádat hazaviszed, el is kötelezed magad. Megígéred, hogy törődni fogsz vele, megfelelően eteted és segítesz neki, hogy boldog, egészséges, életerővel teli életet élhessen és minden nap boldogsággal tölthesse meg otthonodat. A Friskies több évtizedes tapasztalatára és szakértelmére támaszkodva táplálja a boldog és egészséges kutyák sokadik generációját ízletes és minőségi táplálékkal minden nap. Erre nemcsak büszkék vagyunk, hanem hatalmas felelősségként is tekintünk. Hozzád hasonlóan a Friskies-nél mi is mindent megteszünk, hogy álljuk a szavunkat. A kutyádnak és neked egyaránt. 5 ígéretet teszünk, hiszen törődünk veletek: – Táplálás: 100%-ban teljes értékű, kiegyensúlyozott és ízletes eledel állati és növényi alapú (pl. gabonafélékből származó) fehérjék keverékével – Minőség: termelési folyamatunk során több száz ellenőrzést végzünk minden nap – Szakértelem: a Purina táplálkozástudományi szakértői fejlesztésének eredménye – Nyomonkövethetőség: magas minőségű összetevőkkel készült, amelyeket gondosan válogattunk ki ismert és megbízható forrásokból – 2025-ös vállalás: vállaljuk, hogy 2025-re 100%-ban újrahasznosíthatóvá, illetve újrafelhasználhatóvá tesszük a csomagolást. Receptúráink ezenfelül nem tartalmaznak mesterséges színezékeket, ízesítőanyagokat és tartósítószereket. A Purina® Friskies® Balance ízletes receptúra csirke és marha ízletes keverékével és zöldségekkel, teljes kiőrlésű gabonával, B-vitaminokkal és Omega-3 és -6 zsírsavakkal. A Friskies® Balance minőségi fehérjék és minden szükséges tápanyag forrása az Ön kutyája igényeinek megfelelően, hogy boldog és egészséges életet élhessen a családban. Purine® Friskies® az életerős kutyáért! A Purina® Friskies® támogatja kutyád egészségét, figyeld csak meg az életerő következő jeleit. Összetétel: Gabonafélék (teljes kiőrlésű gabona 64%), Hús és állati származékok (10%, melyből 2% csirke és 2% marha), Olajok és zsírok, Növényi eredetű származékok, Növényi fehérjekivonatok, Ásványi anyagok, Zöldségek (0,6% dehidratált zöldség, egyenértékű 4% zöldséggel) Analitikai összetevők: Fehérje: 20%, Zsírtartalom: 10%, Nyershamu: 8%, Nyersrost: 3,5%, Omega-6 zsírsavak: Linolsav: 1,7%, Omega-3 zsírsav: Linolénsav: 0,1%, Adalékanyagok: Tápértékkel rendelkező adalékanyagok: NE/kg:  Vit A: 19000, Vit D₃: 1100, Vit E: 90, mg/kg: Vas(II)-szulfát monohidrát: (Fe: 78),  Vízmentes kalcium-jodát: (I: 1,9), Réz(II)-szulfát pentahidrát: (Cu: 8,7), Mangán-szulfát monohidrát: (Mn: 5,9), Cink-szulfát monohidrát: (Zn: 110), Nátrium-szelenit: (Se: 0,19), B-vitamin csoport: 75, Színezékek⁽¹⁾ és antioxidánsok, ⁽¹⁾nem tartalmaz mesterséges színezékeket. Tovább olvasok"}
{"breadcrumb": "Főoldal/Kutya/Eledelek/Száraz eledelek/Friskies kutya szárazeledel junior 15kg", "product_name": "Friskies kutya szárazeledel junior 15kgFriskies kutya szárazeledel junior 15kg", "brand": "Friskies12,1kg – 15kgszárnyasKölyöknagytestű 26kg-tól", "regular_price": "11 499", "selling_price": "9 999", "price_per_unit": "1 kg=1100 Ft", "product_url": "https://webshop.fressnapf.hu/termekek/friskies-kutya-szarazeledel-junior-15kg/", "product_description": "A Friskies® Junior 100%-ban kiegyensúlyozott és tápláló eledel extra fehérjével és megfelelő vitamintartalommal a kölyökkutyák számára növekedésük és játékosságuk igényeinek kielégítéséhez. A Friskies® 5 ígérete. Attól a naptól kezdve, hogy kutyádat hazaviszed, el is kötelezed magad. Megígéred, hogy törődni fogsz vele, megfelelően eteted és segítesz neki, hogy boldog, egészséges, életerővel teli életet élhessen és minden nap boldogsággal tölthesse meg otthonodat. A Friskies több évtizedes tapasztalatára és szakértelmére támaszkodva táplálja a boldog és egészséges kutyák sokadik generációját ízletes és minőségi táplálékkal minden nap. Erre nemcsak büszkék vagyunk, hanem hatalmas felelősségként is tekintünk. Hozzád hasonlóan a Friskies-nél mi is mindent megteszünk, hogy álljuk a szavunkat. A kutyádnak és neked egyaránt. 5 ígéretet teszünk, hiszen törődünk veletek: – Táplálás: 100%-ban teljes értékű, kiegyensúlyozott és ízletes eledel állati és növényi alapú (pl. gabonafélékből származó) fehérjék keverékével – Minőség: termelési folyamatunk során több száz ellenőrzést végzünk minden nap – Szakértelem: a Purina táplálkozástudományi szakértői fejlesztésének eredménye – Nyomon követhetőség: magas minőségű összetevőkkel készült, amelyeket gondosan válogattunk ki ismert és megbízható forrásokból – 2025-ös vállalás: vállaljuk, hogy 2025-re 100%-ban újrahasznosíthatóvá, illetve újra felhasználhatóvá tesszük a csomagolást Receptúráink ezenfelül nem tartalmaznak mesterséges színezékeket, ízesítőanyagokat és tartósítószereket. Gabonafélék (teljes kiőrlésű gabona 55%), Hús és állati származékok (15%, melyből 4% csirke), Olajok és zsírok, Növényi eredetű származékok, Növényi fehérjekivonatok, Ásványi anyagok, Zöldségek (0,6% dehidratált zöldség, egyenértékű 4% zöldséggel), Tej és tejszármazékok (0,7% sovány tejpor, egyenértékű 4% sovány tejjel a csont formájú tápszemekben*) *Teljes mennyiség a termékben: 0,07% sovány tejpor, egyenértékű 0,4% sovány tejjel Jellemző termékösszetétel: 85%-ban kocka formájú tápszemek és 15%-ban csont formájú tápszemek Analitikai összetevők: Fehérje: 25%, Zsírtartalom: 12%, Nyershamu: 7,5%, Nyersrost: 3%, Omega-6 zsírsavak: Linolsav: 1,6%, Omega-3 zsírsav: Linolénsav: 0,1% Adalékanyagok: Tápértékkel rendelkező adalékanyagok: NE/kg: Vit A: 20000, Vit D₃: 1100, Vit E: 95. mg/kg: Vas(II)-szulfát monohidrát: (Fe: 83), Vízmentes kalcium-jodát: (I: 2), Réz(II)-szulfát pentahidrát: (Cu: 9,2), Mangán-szulfát monohidrát: (Mn: 6,2), Cink-szulfát monohidrát: (Zn: 120), Nátrium-szelenit: (Se: 0,2), B-vitamin csoport: 79. Színezékek⁽¹⁾ és antioxidánsok ⁽¹⁾nem tartalmaz mesterséges színezékeket. Tovább olvasok"}
{"breadcrumb": "Főoldal/Kutya/Eledelek/Száraz eledelek/Friskies kutya szárazeledel junior 3kg", "product_name": "Friskies kutya szárazeledel junior 3kgFriskies kutya szárazeledel junior 3kg", "brand": "Friskies1,1kg – 4kgszárnyasKölyökkistestű 10kg-ig", "regular_price": "9 999", "selling_price": "8 999", "price_per_unit": "1 kg=1533 Ft", "product_url": "https://webshop.fressnapf.hu/termekek/friskies-kutya-szarazeledel-junior-3kg/", "product_description": "A Friskies® 5 ígérete. Attól a naptól kezdve, hogy kutyádat hazaviszed, el is kötelezed magad. Megígéred, hogy törődni fogsz vele, megfelelően eteted és segítesz neki, hogy boldog, egészséges, életerővel teli életet élhessen és minden nap boldogsággal tölthesse meg otthonodat. A Friskies több évtizedes tapasztalatára és szakértelmére támaszkodva táplálja a boldog és egészséges kutyák sokadik generációját ízletes és minőségi táplálékkal minden nap. Erre nemcsak büszkék vagyunk, hanem hatalmas felelősségként is tekintünk. Hozzád hasonlóan a Friskies-nél mi is mindent megteszünk, hogy álljuk a szavunkat. A kutyádnak és neked egyaránt. 5 ígéretet teszünk, hiszen törődünk veletek: – Táplálás: 100%-ban teljes értékű, kiegyensúlyozott és ízletes eledel állati és növényi alapú (pl. gabonafélékből származó) fehérjék keverékével – Minőség: termelési folyamatunk során több száz ellenőrzést végzünk minden nap – Szakértelem: a Purina táplálkozástudományi szakértői fejlesztésének eredménye – Nyomon követhetőség: magas minőségű összetevőkkel készült, amelyeket gondosan válogattunk ki ismert és megbízható forrásokból – 2025-ös vállalás: vállaljuk, hogy 2025-re 100%-ban újrahasznosíthatóvá, illetve újra felhasználhatóvá tesszük a csomagolást Receptúráink ezenfelül nem tartalmaznak mesterséges színezékeket, ízesítőanyagokat és tartósítószereket. A Purina® Friskies® Junior ízletes receptúrája csirkével és zöldségekkel, valamint teljes kiőrlésű gabonával, B-vitaminokkal, Omega-3 és -6 zsírsavakkal, és tejjel a csontformájú tápszemekben. A kölyökkutyáknak lényegesen több energiára van szükségük, mint a felnőtt kutyáknak, hogy nagyra nőjenek és minél játékosabbak legyenek. A Friskies® Junior 100%-ban kiegyensúlyozott és tápláló eledel extra fehérjével és a kölyökkutyák számára szükséges vitaminokkal.Purina® Friskies® az életerős kutyáért! Összetétel: Gabonafélék (teljes kiőrlésű gabona 55%), Hús és állati származékok (15%, melyből 4% csirke), Olajok és zsírok, Növényi eredetű származékok, Növényi fehérjekivonatok, Ásványi anyagok, Zöldségek (0,6% dehidratált zöldség, egyenértékű 4% zöldséggel), Tej és tejszármazékok (0,7% sovány tejpor, egyenértékű 4% sovány tejjel a csont formájú tápszemekben*), *Teljes mennyiség a termékben: 0,07% sovány tejpor, egyenértékű 0,4% sovány tejjel, Jellemző termékösszetétel: 85%-ban kocka formájú tápszemek és 15%-ban csont formájú tápszemek Analitikai összetevők: Fehérje: 25%, Zsírtartalom: 12%, Nyershamu: 7,5%, Nyersrost: 3%, Omega-6 zsírsavak: Linolsav: 1,6%, Omega-3 zsírsav: Linolénsav: 0,1%, Adalékanyagok: Tápértékkel rendelkező adalékanyagok: NE/kg: Vit A: 20000, Vit D3: 1100, Vit E: 95, mg/kg: Vas(II)-szulfát monohidrát: (Fe: 83), Vízmentes kalcium-jodát: (I: 2),  Réz(II)-szulfát pentahidrát:  (Cu: 9,2), Mangán-szulfát monohidrát: (Mn: 6,2), Cink-szulfát monohidrát: (Zn: 120), Nátrium-szelenit: (Se: 0,2), B-vitamin csoport: 79, Színezékek⁽¹⁾ és antioxidánsok, ⁽¹⁾nem tartalmaz mesterséges színezékeket. Tovább olvasok"}
{"breadcrumb": "Főoldal/Kutya/Eledelek/Nedves eledelek/Friskies Vitafit kutya tasak MP junior csirke&borsó 4x100g", "product_name": "Friskies Vitafit kutya tasak MP junior csirke&borsó 4x100gFriskies Vitafit kutya tasak MP junior csirke&borsó 4x100g", "brand": "FriskiestasakKölyökszárnyasmultipackkistestű 10kg-ig", "regular_price": "8 994", "selling_price": "8 394", "price_per_unit": "1 kg=2323 Ft", "product_url": "https://webshop.fressnapf.hu/termekek/friskies-vitafit-kutya-tasak-mp-junior-csirkeborso-4x100g/", "product_description": "Teljes értékű állateledel kölyökkutyák számára. 4 x Csirkével és borsóval aszpikban. Nem tartalmaz hozzáadott mesterséges színezékeket, ízesítőanyagokat és tartósítószereket. Összetétel: hús és állati származékok (melyből 4% csirke), gabonafélék, hal és halszármazékok, ásványi anyagok, zöldségek (1,2% szárított borsó, mely 10,8% borsóval egyenértékű), különféle cukrok. Analitikai összetevők: nedvességtartalom: 80%, fehérje: 7,5%, zsírtartalom: 3,4%, nyershamu: 2,3%, nyersrost: 0,2%. Tápértékkel rendelkező adalékanyagok: NE/kg: A-vitamin: 1600, D3-vitamin: 150, E-vitamin: 22; mg/kg: vas(II)-szulfát monohidrát: Fe: 10,7, vízmentes kalcium-jodát: I: 0,4, réz-szulfát pentahidrát: Cu: 1,2, mangán-szulfát monohidrát: Mn: 1,3, cink-szulfát monohidrát: Zn: 20,5, nátrium-szelenit: Se: 0,014. Technológiai adalékanyagok: mg/kg: Kasszia gumi: 2000. Etetési útmutató: lásd a csomagoláson. Az útmutatóban szereplő mennyiségek mérsékelt aktivitású kölyökkutyák igényeinek felelnek meg, normál környezeti hőmérséklet mellett. Eltérő egyedi igények esetén módosítsa az etetési mennyiséget annak érdekében, hogy kutyája megőrizze egészséges testsúlyát. A javasolt napi etetési mennyiséget két vagy több külön étkezésre ossza el. Mindig tegyen friss, tiszta vizet az eledel mellé. Tovább olvasok"}
{"breadcrumb": "Főoldal/Kutya/Eledelek/Jutalomfalatok&rágcsák/Friskies Vitafit kutya tasak MP junior csirke&sárgarépa 4x100g", "product_name": "Friskies Vitafit kutya tasak MP junior csirke&sárgarépa 4x100gFriskies Vitafit kutya tasak MP junior csirke&sárgarépa 4x100g", "brand": "FriskiestasakKölyökszárnyasmultipackkistestű 10kg-ig", "regular_price": "929", "selling_price": "", "price_per_unit": "1 kg=2323 Ft", "product_url": "https://webshop.fressnapf.hu/termekek/friskies-vitafit-kutya-tasak-mp-junior-csirkesargarepa-4x100g/", "product_description": "Teljes értékű állateledel kölyökkutyák számára szószban. 4 x Csirkével és sárgarépával. Nem tartalmaz hozzáadott mesterséges színezékeket, ízesítőanyagokat és tartósítószereket. Összetétel: hús és állati származékok (melyből 4% csirke), gabonafélék, zöldségek (sárgarépa 4%, dehidratált sárgarépából), hal és halszármazékok, ásványi anyagok, különféle cukrok. Analitikai összetevők: nedvességtartalom: 79%, fehérje: 8,5%, zsírtartalom: 4%, nyershamu: 2,2%, nyersrost: 0,3%. Tápértékkel rendelkező adalékanyagok: NE/kg: A-vitamin: 1700, D3-vitamin: 163, E-vitamin: 24; mg/kg: Fe (E1): 35, I (E2): 0,65, Cu (E4): 5,2, Mn (E5): 4,3, Zn (E6): 60, Se (E8): 0,03. Etetési útmutató: lásd a csomagoláson. Az útmutatóban szereplő mennyiségek mérsékelt aktivitású kölyökkutyák igényeinek felelnek meg, normál környezeti hőmérséklet mellett. Eltérő egyedi igények esetén módosítsa az etetési mennyiséget annak érdekében, hogy kutyája megőrizze egészséges testsúlyát. A javasolt napi etetési mennyiséget két vagy több külön étkezésre ossza el. Mindig tegyen friss, tiszta vizet az eledel mellé. Tovább olvasok"}
{"breadcrumb": "Főoldal/Kutya/Eledelek/Jutalomfalatok&rágcsák/Frolic Chewy Bones kutya jutalomfalat 170g", "product_name": "Frolic Chewy Bones kutya jutalomfalat 170gFrolic Chewy Bones kutya jutalomfalat 170g", "brand": "Frolic101g – 200gFelnőttrágócsontok&rágórudak", "regular_price": "649", "selling_price": "", "price_per_unit": "1 kg=3818 Ft", "product_url": "https://webshop.fressnapf.hu/termekek/frolic-chewy-bones-kutya-jutalomfalat-170g/", "product_description": "A Floric Chewy Bones egy kiegészítő állateledel felnőtt kutyák számára. – Marhával – Mesterséges színezék és ízfokozó nélkül Összetevők: Válogatott gabonafélék, Növényi eredetű származékok, Különféle cukrok, Hús és állati származékok (ebből 4% marha), Ásványi anyagok, Olajok és zsírok Adalékanyagok/kg: Tápértékkel rendelkező adalékanyagok: A-vitamin: 5657 NE, E-vitamin: 56,6 mg, Vas-szulfát monohidrát: 51,7 mg Tovább olvasok"}
{"breadcrumb": "Főoldal/Kutya/Eledelek/Száraz eledelek/FROLIC mini száraz kutyaeledel marha 1,5kg", "product_name": "FROLIC mini száraz kutyaeledel marha 1,5kgFROLIC mini száraz kutyaeledel marha 1,5kg", "brand": "Frolic1,1kg – 4kgFelnőttmarha&borjúkistestű 10kg-ig", "regular_price": "3 699", "selling_price": "3 299", "price_per_unit": "1 KG=2199 Ft", "product_url": "https://webshop.fressnapf.hu/termekek/frolic-mini-szaraz-kutyaeledel-marha-15kg/", "product_description": "A Frolic eledelek sokáig lédúsak és ízletesek maradnak. Egyszerűen ellenállhatatlanul finom! Összetevők: Gabonafélék* (beleértve a teljes kiőrlésű búzát 12%), hús és állati melléktermékek (beleértve a friss marhahúst 4%*), olajok és zsírok, növényi melléktermékek (beleértve a szárított répapépet 3%*), ásványi anyagok, zöldségek* (beleértve a szárított sárgarépát 0,5%, ami a sárgarépának felel meg 4%). *Természetes összetevők. Analitikai összetevők (%): Fehérje: 20,0; zsírtartalom: 11,5; szervetlen anyagok: 5,8; nyersrost: 2,0; nedvesség: 17,0; fűtőérték: 339 kcal/100 g. Adalékanyagok kilogrammonként: Táplálkozási és élettani adalékanyagok: D3-vitamin: 1312 NE, réz (réz(II)-szulfát-pentahidrát): 4,2 mg, jód (kálium-jodid): 1,1 mg, szelén (nátrium-szelenit): 0,15 mg, cink (cink-szulfát-monohidrát): 44,6 mg. Antioxidánsok, színezékek, tartósítószerek. Tovább olvasok"}
{"breadcrumb": "Főoldal/Kutya/Eledelek/Jutalomfalatok&rágcsák/Frolic Smiley Sticks kutya jutalomfalat 175g", "product_name": "Frolic Smiley Sticks kutya jutalomfalat 175gFrolic Smiley Sticks kutya jutalomfalat 175g", "brand": "Frolic101g – 200gFelnőttfogápolás", "regular_price": "649", "selling_price": "", "price_per_unit": "1 kg=3709 Ft", "product_url": "https://webshop.fressnapf.hu/termekek/frolic-smiley-sticks-kutya-jutalomfalat-175g/", "product_description": "A Frolic Smiley Sticks egy kiegészítő állateledel 4 hónapnál idősebb kutyák számára. Segíthet csökkenteni a lepedéket és a fogkő kialakulását Összetevők: Válogatott gabonafélék, Növényi eredetű származékok, Hús és állati származékok (1% marhát és 1% csirkét tartalmaz), Ásványi anyagok, Növényi fehérje kivonatok, Olajok és zsírok Adalékanyagok/kg: Tápértékkel rendelkező adalékanyagok: A-vitamin: 5247 NE, E-vitamin: 52,5 mg, Vas-szulfát monohidrát: 47,9 mg Tovább olvasok"}
{"breadcrumb": "Főoldal/Kutya/Eledelek/Száraz eledelek/FROLIC száraz kutyaeledel marha 1,5kg", "product_name": "FROLIC száraz kutyaeledel marha 1,5kgFROLIC száraz kutyaeledel marha 1,5kg", "brand": "Frolic1,1kg – 4kgFelnőtt", "regular_price": "3 499", "selling_price": "2 999", "price_per_unit": "1 KG=2199 Ft", "product_url": "https://webshop.fressnapf.hu/termekek/frolic-szaraz-kutyaeledel-marha-15kg/", "product_description": "A friss marha nagyszerű állati fehérjeforrásul szolgál és ízének köszönhetően a kutyák szívesen és nagy arányban elfogadják. Egészséges zöldségek és értékes gabona teszik teljessé az eledelt. Fontos vitaminok és ásványi anyagok hozzáadásával pedig az eledel támogatja kedvence egészségét, vitalitását és általános jólétét. Analitikai összetevők: Fehérje: 20,0; zsírtartalom: 11,5; szervetlen anyag: 5,8; nyersrost: 2,0; nedvesség: 17,0; fűtőérték: 339 kcal/100 g. Összetétel: Gabonafélék* (beleértve a teljes kiőrlésű búzát 12%), hús és állati melléktermékek (beleértve a friss marhahúst 4%*), olajok és zsírok, növényi melléktermékek (beleértve a szárított répapépet 3%*), ásványi anyagok, zöldségek* (beleértve a szárított sárgarépát 0,5%, ami megfelel a sárgarépának 4%). *Természetes összetevők. Nedvességtartalom 0.17 Adalékanyagok kilogrammonként Antioxidánsok, színezékek, tartósítószerek; táplálkozási adalékanyagok: D₃-vitamin: 1312 NE, réz (réz(II)-szulfát-pentahidrát): 6,6 mg, jód (kálium-jodid): 1,7 mg, szelén (nátrium-szelenit): 0,15 mg, cink (cink-szulfát-monohidrát): 44,6 mg. Tovább olvasok"}
{"breadcrumb": "Főoldal/Kutya/Eledelek/Jutalomfalatok&rágcsák/Frolic Twistos kutya jutalomfalat 105g", "product_name": "Frolic Twistos kutya jutalomfalat 105gFrolic Twistos kutya jutalomfalat 105g", "brand": "Frolic101g – 200gFelnőttrágócsíkok", "regular_price": "649", "selling_price": "", "price_per_unit": "1 kg=6181 Ft", "product_url": "https://webshop.fressnapf.hu/termekek/frolic-twistos-kutya-jutalomfalat-105g/", "product_description": "Ízletes jutalomfalat marhahús aromával kutyák számára. Puha csavart pálcikák marhahússal és sajttal Nem tartalmaz mesterséges színezéket és ízfokozót Megfelelő 5 kg testsúly fölötti kutyák számára 4 hónapos kortól Összetevők: növényi származékok, gabonafélék, hús és hússzármazékok (3,5 % szárított marhamájport tartalmaz, mely 4 % marhahúsnak felel meg), ásványi anyagok, cukrok, olajok és zsírok, növényi fehérje kivonatok Analitikai összetevők: fehérje 23 %, zsír 5 %, szervetlen anyagok 5 %, rost 2 %, nedvesség 15 %, kalcium 0,60 % Tovább olvasok"}
{"breadcrumb": "Főoldal/Kutya/Eledelek/Jutalomfalatok&rágcsák/Furry Freeze kutyafagyi almás 60g", "product_name": "Furry Freeze kutyafagyi almás 60gFurry Freeze kutyafagyi almás 60g", "brand": "Furry FreezeFelnőttzöldség&gyümölcsfagyipor", "regular_price": "2799", "selling_price": "", "price_per_unit": "1 KG=46650 Ft", "product_url": "https://webshop.fressnapf.hu/termekek/furry-freeze-kutyafagyi-almas-60g/", "product_description": "Kellemes hűsítő finomság és remek szórakozás kiskedvencednek a nyári nagy melegben. A dobozban lévő fagyiporból 10 adag fagyi készíthető el. Könnyedén elkészíthető: • Keverj össze 1 púpozott teáskanál fagyiport kb. 40 ml meleg vízzel. • Ezután töltsd bele a szilikon formába. • Tedd a fagyasztóba kb. 2,5 órára. • Vedd ki és már adhatod is a kutyusodnak! Összetevők: kókusz, zabpehely, alma, répa, spirulina Analitikai összetevők: szárazanyag 93,6%, nyersfehérje 15%, nyerszsír 8,6%, nyershamu 4,6%, nyersrost 10,8% Tovább olvasok"}
{"breadcrumb": "Főoldal/Kutya/Eledelek/Jutalomfalatok&rágcsák/Furry Freeze kutyafagyi ananászos 60g", "product_name": "Furry Freeze kutyafagyi ananászos 60gFurry Freeze kutyafagyi ananászos 60g", "brand": "Furry FreezeFelnőttzöldség&gyümölcsfagyipor", "regular_price": "2799", "selling_price": "", "price_per_unit": "1 KG=46650 Ft", "product_url": "https://webshop.fressnapf.hu/termekek/furry-freeze-kutyafagyi-ananaszos-60g/", "product_description": "Kellemes hűsítő finomság és remek szórakozás kiskedvencednek a nyári nagy melegben. A dobozban lévő fagyiporból 10 adag fagyi készíthető el. Könnyedén elkészíthető: • Keverj össze 1 púpozott teáskanál fagyiport kb. 40 ml meleg vízzel. • Ezután töltsd bele a szilikon formába. • Tedd a fagyasztóba kb. 2,5 órára. • Vedd ki és már adhatod is a kutyusodnak! Összetevők: répa, alma, kókusz, liofilizált ananász Analitikai összetevők: szárazanyag 93,5%, nyersfehérje 8,1%, nyerszsír 3%, nyershamu 6,7%, nyersrost 8,8% Tovább olvasok"}
{"breadcrumb": "Főoldal/Kutya/Eledelek/Jutalomfalatok&rágcsák/Furry Freeze kutyafagyi banános 60g", "product_name": "Furry Freeze kutyafagyi banános 60gFurry Freeze kutyafagyi banános 60g", "brand": "Furry FreezeFelnőttzöldség&gyümölcsfagyipor", "regular_price": "2799", "selling_price": "", "price_per_unit": "1 KG=46650 Ft", "product_url": "https://webshop.fressnapf.hu/termekek/furry-freeze-kutyafagyi-bananos-60g/", "product_description": "Kellemes hűsítő finomság és remek szórakozás kiskedvencednek a nyári nagy melegben. A dobozban lévő fagyiporból 10 adag fagyi készíthető el. Könnyedén elkészíthető: • Keverj össze 1 púpozott teáskanál fagyiport kb. 40 ml meleg vízzel. • Ezután töltsd bele a szilikon formába. • Tedd a fagyasztóba kb. 2,5 órára. • Vedd ki és már adhatod is a kutyusodnak! Összetevők: alma, kókusz, zabpehely, liofilizált banán, kurkuma Analitikai összetevők: szárazanyag 94,5%, nyersfehérje 11,5%, nyerszsír 6,7%, nyershamu 3,8%, nyersrost 8,6% Tovább olvasok"}
{"breadcrumb": "Főoldal/Kutya/Eledelek/Jutalomfalatok&rágcsák/Furry Freeze kutyafagyi churpi sajtos 60g", "product_name": "Furry Freeze kutyafagyi churpi sajtos 60gFurry Freeze kutyafagyi churpi sajtos 60g", "brand": "Furry FreezeFelnőtttejes&sajtosfagyipor", "regular_price": "2799", "selling_price": "", "price_per_unit": "1 KG=46650 Ft", "product_url": "https://webshop.fressnapf.hu/termekek/furry-freeze-kutyafagyi-churpi-sajtos-60g/", "product_description": "Kellemes hűsítő finomság és remek szórakozás kiskedvencednek a nyári nagy melegben. A dobozban lévő fagyiporból 10 adag fagyi készíthető el. Könnyedén elkészíthető: • Keverj össze 1 púpozott teáskanál fagyiport kb. 40 ml meleg vízzel. • Ezután töltsd bele a szilikon formába. • Tedd a fagyasztóba kb. 2,5 órára. • Vedd ki és már adhatod is a kutyusodnak! Összetevők: kókusz, zabpehely, alma, churpi Analitikai összetevők: szárazanyag 92,4%, nyersfehérje 24,8%, nyerszsír 9,5%, nyershamu 4,1%, nyersrost 7,3% Tovább olvasok"}
{"breadcrumb": "Főoldal/Kutya/Eledelek/Jutalomfalatok&rágcsák/Furry Freeze kutyafagyi epres 60g", "product_name": "Furry Freeze kutyafagyi epres 60gFurry Freeze kutyafagyi epres 60g", "brand": "Furry FreezeFelnőttzöldség&gyümölcsfagyipor", "regular_price": "2799", "selling_price": "", "price_per_unit": "1 KG=46650 Ft", "product_url": "https://webshop.fressnapf.hu/termekek/furry-freeze-kutyafagyi-epres-60g/", "product_description": "Kellemes hűsítő finomság és remek szórakozás kiskedvencednek a nyári nagy melegben. A dobozban lévő fagyiporból 10 adag fagyi készíthető el. Könnyedén elkészíthető: • Keverj össze 1 púpozott teáskanál fagyiport kb. 40 ml meleg vízzel. • Ezután töltsd bele a szilikon formába. • Tedd a fagyasztóba kb. 2,5 órára. • Vedd ki és már adhatod is a kutyusodnak! Összetevők: kókusz, répa, alma, cékla, liofilizált eper Analitikai összetevők: szárazanyag 94,0%, nyersfehérje 14,7%, nyerszsír 8,3%, nyershamu 5,5%, nyersrost 11,8% Tovább olvasok"}
{"breadcrumb": "Főoldal/Kutya/Eledelek/Jutalomfalatok&rágcsák/Furry Freeze kutyafagyi mangós 60g", "product_name": "Furry Freeze kutyafagyi mangós 60gFurry Freeze kutyafagyi mangós 60g", "brand": "Furry FreezeFelnőttzöldség&gyümölcsfagyipor", "regular_price": "2799", "selling_price": "", "price_per_unit": "1 KG=46650 Ft", "product_url": "https://webshop.fressnapf.hu/termekek/furry-freeze-kutyafagyi-mangos-60g/", "product_description": "Kellemes hűsítő finomság és remek szórakozás kiskedvencednek a nyári nagy melegben. A dobozban lévő fagyiporból 10 adag fagyi készíthető el. Könnyedén elkészíthető: • Keverj össze 1 púpozott teáskanál fagyiport kb. 40 ml meleg vízzel. • Ezután töltsd bele a szilikon formába. • Tedd a fagyasztóba kb. 2,5 órára. • Vedd ki és már adhatod is a kutyusodnak! Összetevők: zabpehely, kókusz, alma, liofilizált mangó, kurkuma Analitikai összetevők: szárazanyag 93,1%, nyersfehérje 11,5%, nyerszsír 6,7%, nyershamu 3,4%, nyersrost 7,3% Tovább olvasok"}
{"breadcrumb": "Főoldal/Kutya/Eledelek/Jutalomfalatok&rágcsák/Furry Freeze kutyafagyi mogyoróvajas 60g", "product_name": "Furry Freeze kutyafagyi mogyoróvajas 60gFurry Freeze kutyafagyi mogyoróvajas 60g", "brand": "Furry FreezeFelnőttzöldség&gyümölcsfagyipor", "regular_price": "2799", "selling_price": "", "price_per_unit": "1 KG=46650 Ft", "product_url": "https://webshop.fressnapf.hu/termekek/furry-freeze-kutyafagyi-mogyorovajas-60g/", "product_description": "Kellemes hűsítő finomság és remek szórakozás kiskedvencednek a nyári nagy melegben. A dobozban lévő fagyiporból 10 adag fagyi készíthető el. Könnyedén elkészíthető: • Keverj össze 1 púpozott teáskanál fagyiport kb. 40 ml meleg vízzel. • Ezután töltsd bele a szilikon formába. • Tedd a fagyasztóba kb. 2,5 órára. • Vedd ki és már adhatod is a kutyusodnak! Összetevők: kókusz, alma, mogyoróvaj Analitikai összetevők: szárazanyag 93,9%, nyersfehérje 19,5%, nyerszsír 11,9%, nyershamu 3,6%, nyersrost 17,1% Tovább olvasok"}
{"breadcrumb": "Főoldal/Kutya/Eledelek/Jutalomfalatok&rágcsák/Furry Freeze kutyafagyi superfood batáta 60g", "product_name": "Furry Freeze kutyafagyi superfood batáta 60gFurry Freeze kutyafagyi superfood batáta 60g", "brand": "Furry FreezeFelnőttzöldség&gyümölcsfagyipor", "regular_price": "2799", "selling_price": "", "price_per_unit": "1 KG=46650 Ft", "product_url": "https://webshop.fressnapf.hu/termekek/furry-freeze-kutyafagyi-superfood-batata-60g/", "product_description": "Kellemes hűsítő finomság és remek szórakozás kiskedvencednek a nyári nagy melegben. A dobozban lévő fagyiporból 10 adag fagyi készíthető el. Könnyedén elkészíthető: • Keverj össze 1 púpozott teáskanál fagyiport kb. 40 ml meleg vízzel. • Ezután töltsd bele a szilikon formába. • Tedd a fagyasztóba kb. 2,5 órára. • Vedd ki és már adhatod is a kutyusodnak! Összetevők: kókusz, zabpehely, lila édesburgonya, cékla, kék spirulina Analitikai összetevők: szárazananyag 92,5%, nyersfehérje 16,7%, nyerszsír 9,1%, nyershamu 4,4%, nyersrost 9,1% Tovább olvasok"}
{"breadcrumb": "Főoldal/Kutya/Eledelek/Jutalomfalatok&rágcsák/Furry Freeze kutyafagyi superfood blue spirulina 60g", "product_name": "Furry Freeze kutyafagyi superfood blue spirulina 60gFurry Freeze kutyafagyi superfood blue spirulina 60g", "brand": "Furry FreezeFelnőttzöldség&gyümölcsfagyipor", "regular_price": "2799", "selling_price": "", "price_per_unit": "1 KG=46650 Ft", "product_url": "https://webshop.fressnapf.hu/termekek/furry-freeze-kutyafagyi-superfood-blue-spirulina-60g/", "product_description": "Kellemes hűsítő finomság és remek szórakozás kiskedvencednek a nyári nagy melegben. A dobozban lévő fagyiporból 10 adag fagyi készíthető el. Könnyedén elkészíthető: • Keverj össze 1 púpozott teáskanál fagyiport kb. 40 ml meleg vízzel. • Ezután töltsd bele a szilikon formába. • Tedd a fagyasztóba kb. 2,5 órára. • Vedd ki és már adhatod is a kutyusodnak! Összetevők: kókusz, zabpehely, alma, kék spirulina Analitikai összetevők: szárazanyag 93,1%, nyersfehérje 15,4%, nyerszsír 9,2%, nyershamu 4%, nyersrost 9,6% Tovább olvasok"}
{"breadcrumb": "Főoldal/Kutya/Eledelek/Jutalomfalatok&rágcsák/Furry Freeze kutyafagyi superfood cékla 60g", "product_name": "Furry Freeze kutyafagyi superfood cékla 60gFurry Freeze kutyafagyi superfood cékla 60g", "brand": "Furry FreezeFelnőttzöldség&gyümölcsfagyipor", "regular_price": "2799", "selling_price": "", "price_per_unit": "1 KG=46650 Ft", "product_url": "https://webshop.fressnapf.hu/termekek/furry-freeze-kutyafagyi-superfood-cekla-60g/", "product_description": "Kellemes hűsítő finomság és remek szórakozás kiskedvencednek a nyári nagy melegben. A dobozban lévő fagyiporból 10 adag fagyi készíthető el. Könnyedén elkészíthető: • Keverj össze 1 púpozott teáskanál fagyiport kb. 40 ml meleg vízzel. • Ezután töltsd bele a szilikon formába. • Tedd a fagyasztóba kb. 2,5 órára. • Vedd ki és már adhatod is a kutyusodnak! Összetevők: kókusz, zabpehely, répa, cékla Analitikai összetevők: szárazanyag 92,2%, nyersfehérje 16%, nyerszsír 8,9%, nyershamu 5%, nyersrost 9,9% Tovább olvasok"}
{"breadcrumb": "Főoldal/Kutya/Eledelek/Száraz eledelek/GEMON all breeds adult száraz kutyaeledel bárány&rizs 15kg", "product_name": "GEMON all breeds adult száraz kutyaeledel bárány&rizs 15kgGEMON all breeds adult száraz kutyaeledel bárány&rizs 15kg", "brand": "GEMON12,1kg – 15kgFelnőttjuh&bárány&kecskeegészséges felnőtt táplálás", "regular_price": "3 799", "selling_price": "3 299", "price_per_unit": "1 kg=1000 Ft", "product_url": "https://webshop.fressnapf.hu/termekek/gemon-all-breeds-adult-szaraz-kutyaeledel-baranyrizs-15kg/", "product_description": "A GEMON ADULT BÁRÁNNYAL ÉS RIZZSEL, egy teljes értékű eledel közepes méretű felnőtt kutyák számára. Beleket védő probiotikumokat tartalmaz, mint a F.O.S. A gesztenye kivonat oldhatatlan fehérjékből álló vékony mikro réteget képez a nyálkahártya felszínén. Ez megnehezíti a káros baktériumok elszaporodását a nyálkahártyán. A Yucca Schidigera egy sivatagban élő örökzöld növény, amelynek kivonata a tápban segíti az emésztést és támogatja a máj- és vesefunkciókat Az E-vitamin a kutyáknál fontos szerepet játszik a bőr egészségének és a termékenység megőrzésében, és segít fent tartani az immunrendszer megfelelő működését. Számos kutatás bizonyítja, hogy az L-karnitin pótlása segíti a szív hatékonyabb működését Összetevők: Gabonafélék (ebből legalább 5% rizs), hús és húskészítmények 24% (ebből legalább 10% friss bárány), olajok és zsírok, hal és melléktermékek, növényi eredetű melléktermékek (cukorrépapép 2%), ásványi anyagok, gesztenyeextraktum, yucca schidigera, kolin-klorid, FOS (fruktooligoszacharidok) 1 g / kg, E-vitamin Analitikai összetevők: Nyersfehérje 25,00%, Nyersolajok és zsírok 13,00%, Nyersrost 2,50%, Nyers hamu 8,00%, Kalcium 1,46%, Foszfor 1,16% Adalékanyagok: Vitaminok/kg: A-vitamin (mint retinil-acetát) 16 000 NE, D3-vitamin (Cholecalciferol formájában) 1,150 NE, E-vitamin (all-rac-alfa-tokoferil-acetát) 120 mg, 1,400 mg kolin-klorid, 70 mg mangán-szulfát-monohidrát Mangán 25 mg), cink-oxid 150 mg (cink 110 mg), Cupric szulfát Pentahidrát 40 mg (réz 10 mg), Ferrous szulfát monohidrát 260 mg (80 mg vas), nátrium-szelenit 0,35 mg (szelén 0,15 mg), Jodát vízmentes 2,00 mg (1,25 mg jód). Aminosavak / kg: L-karnitin 50%: 215 mg Tovább olvasok"}
{"breadcrumb": "Főoldal/Kutya/Eledelek/Száraz eledelek/GEMON all breeds adult száraz kutyaeledel tonhal&rizs 15kg", "product_name": "GEMON all breeds adult száraz kutyaeledel tonhal&rizs 15kgGEMON all breeds adult száraz kutyaeledel tonhal&rizs 15kg", "brand": "GEMON12,1kg – 15kgFelnőtthal&tenger gyümölcseiegészséges felnőtt táplálás", "regular_price": "3 699", "selling_price": "3 499", "price_per_unit": "1 kg=1000 Ft", "product_url": "https://webshop.fressnapf.hu/termekek/gemon-all-breeds-adult-szaraz-kutyaeledel-tonhalrizs-15kg/", "product_description": "A GEMON ADULT TONHALLAL ÉS RIZZSEL, egy teljes értékű eledel közepes méretű felnőtt kutyák számára. Kitűnően emészthető, finom összetevők támogatják kedvence emésztését. A tonhal immunerősítő, vitaminokban (B12) és ásványi anyagokban gazdag. Fehérjében gazdag. Omega-3 zsírsavat tartalmaz, ami gyulladáscsökkentő hatású. A rizs könnyen emészthető gabona, ami segíti az emésztést, kíméli a beleket és a gyomrot. Ideális növényi szénhidrát forrás érzékeny gyomrú kutyák számára. Vitaminok és ásványi anyagok erősítik a kutyusok immunrendszerét. F.O.S. prebiotikumok segítik elő az egészséges emésztést biztosító emésztőrendszeri baktériumok szaporodását, továbbá segítenek szabályozni az anyagcsere-folyamatokat. Összetevők: Gabonafélék (ebből legalább 5% rizs), halak és haltermékek (ebből legalább 5% tonhal), és húskészítmények 25% (legfeljebb 10% friss csirke), olajok és zsírok – növényi eredetű termék (cukorrépapép 2%), élesztő (sörélesztő 1%), ásványi anyagok, természetes gesztenyeextraktum, yucca schidigera, kolin-klorid, FOS (frukto-oligoszacharidok) 1 g / kg, E-vitamin Analitikai összetevők: Nyersfehérje 25,00%, Nyers olajok és zsírok 13,00%, Nyersrost 2,50%, nyershamu 8,00%, kalcium 1,60%, foszfor 1,20%. Vitaminok: Táplálék-adalékanyagok / kg: A Vitamin (retinil -acetát formájában) 16 000 NE, D3 -vitamin (kolekalciferol formájában) 1150 NE, E-vitamin (all-rac-alfa-tokoferil-acetát) 120 mg, kolin-klorid 1500 mg, szulfát Mangán -monohidrát 70 mg. (Mangán 25 mg), cink -oxid 150 mg (cink 110 mg.), Réz -szulfát -pentahidrát 40 mg. (Réz 10 mg.), Vas -szulfát -monohidrát 260 mg. (Vas 80 mg.), Nátrium -szelenit 0,35 mg. (Szelén 0,15 mg.) Jodát vízmentes kalcium 2,00 mg. (1,25 mg jód). AMINOSAVAK / kg.: L-karnitin 50% 135 mg. Technológiai adalékanyagok: Antioxidánsok. Tovább olvasok"}
{"breadcrumb": "Főoldal/Kutya/Eledelek/Száraz eledelek/GEMON all breeds puppy száraz kutyaeledel tonhal&rizs 15kg", "product_name": "GEMON all breeds puppy száraz kutyaeledel tonhal&rizs 15kgGEMON all breeds puppy száraz kutyaeledel tonhal&rizs 15kg", "brand": "GEMON12,1kg – 15kgKölyökhal&tenger gyümölcsei", "regular_price": "3 799", "selling_price": "3 299", "price_per_unit": "1 kg=1200 Ft", "product_url": "https://webshop.fressnapf.hu/termekek/gemon-all-breeds-puppy-szaraz-kutyaeledel-tonhalrizs-15kg/", "product_description": "A GEMON ALL BREEDS KÖNYÖK ÉS JUNIOR TONHALLAL ÉS RIZZSEL egy teljes értékű eledel minden méretű kölyökkutyának. Az eledelt minőségi összetevők jellemzik, mint például a tonhal, amely az alapvető tápanyagok forrása, és a rizs, a szénhidrátforrás, amely az extrudálási folyamat révén kiválóan emészthetővé válik. Kiegyensúlyozott étrend prebiotikumokkal, például frukto-oligoszacharidokkal (FOS) és répapéppel, amely az oldhatatlan rostok forrása a bélrendszer rendszeres működéséhez. Friss halat tartalmaz az optimális ízért, valamint kiegyensúlyozott kalcium- és foszforellátást a rendszeres növekedés érdekében. Yucca schidigerával is összeállítva a bélszagok szabályozására és sörélesztővel a vastag szőrért. Hozzáadott mesterséges színezékek és tartósítószerek nélkül. Összetétel: Gabonafélék (ebből rizs min.5%), hal és halmelléktermékek (ebből friss tonhal min.15%), hús és származékai 28%, növényi eredetű melléktermékek , ásványi sók , vitaminok, yucca schidigera, gesztenye kivonat, FOS frukto-oligoszacharidok 1 g/kg, kolin-klorid, E-vitamin. Analitikai összetétel: Nyersfehérje 30,00%, Nyersolajok és zsírok 15,00%, Nyersrost 2,70%, Nyershamu 7,00%, 6,00% Kalcium 1,8%, foszfor 1,40%. Tovább olvasok"}
{"breadcrumb": "Főoldal/Kutya/Eledelek/Nedves eledelek/GEMON kutya tálka adult marha 24x150g", "product_name": "GEMON kutya tálka adult marha 24x150gGEMON kutya tálka adult marha 24x150g", "brand": "GEMON101g – 200gFelnőttmarha&borjúpástétomtálka", "regular_price": "5 094", "selling_price": "4 794", "price_per_unit": "429 Ft", "product_url": "https://webshop.fressnapf.hu/termekek/gemon-kutya-talka-adult-marha-150g/", "product_description": "A GEMON teljes értékű magas minőségű alapanyagokból összeállított eledel, amelyet úgy választottak ki, hogy azok megfeleljen az állatok táplálkozási igényeinek. Nagyon ízletes receptek alapján, az állat különböző életkorához és életstílusához igazítva. Nincs hozzáadott mesterséges színezék vagy tartósítószer. Olasz termék. A GEMON pástétom és falatkák marhahússal teljes értékű, minden testméretű felnőtt kutyáknak szánt állateledel, amelyet úgy állítottak össze, hogy minden szükséges tápanyagot biztosítson négylábú kedvenceink napi vitalitásához. Összetétel: Hús és hússzármazékok 80% (ebből marhahús min. 10%), ásványi anyagok. Analitikai összetevők: Nyersfehérjék 8,5%, nyerszsír 6%, nyersrost 0,4%, nyershamu 1,5%. Nedvesség 80%. Táplálék-adalékanyagok: A-vitamin 2500 U.I./kg., D3-vitamin 250 U.I./kg., E-vitamin (all-rac-alfa-tokoferil-acetát)10 mg / kg. Technológiai összetevők: Térfogatnövelők és zselésítő anyagok. Ajánlott napi adag: Egy felnőtt közepes méretű (12-30kg) kutya számára napi 650-1350gr. Szobahőmérsékleten tálaljuk. Mindig gondoskodjon friss, és tiszta ivóvízről. A fel nem használt adag hűtőszekrényben tartandó, és 24 órán belül felhasználandó. Tovább olvasok"}
{"breadcrumb": "Főoldal/Kutya/Eledelek/Nedves eledelek/GEMON kutya tasak marha&sonka 24x100g", "product_name": "GEMON kutya tasak marha&sonka 24x100gGEMON kutya tasak marha&sonka 24x100g", "brand": "GEMON0g – 100gFelnőttmarha&borjúzseléstasak", "regular_price": "8 994", "selling_price": "8 394", "price_per_unit": "319 Ft", "product_url": "https://webshop.fressnapf.hu/termekek/gemon-kutya-tasak-marhasonka-100g/", "product_description": "A GEMON teljes értékű magas minőségű alapanyagokból összeállított eledel, amelyet úgy választottak ki, hogy azok megfeleljen az állatok táplálkozási igényeinek. Nagyon ízletes receptek alapján, az állat különböző életkorához és életstílusához igazítva. Nincs hozzáadott mesterséges színezék vagy tartósítószer. Olasz termék. A GEMON falatkák marhahússal és sonkával teljes értékű, minden testméretű felnőtt kutyáknak szánt állateledel, amelyet úgy állítottak össze, hogy minden szükséges tápanyagot biztosítson négylábú kedvenceink napi vitalitásához. Összetétel: Hús és hússzármazékok 45% (ebből marhahús min. 6%, sonka min. 6%), ásványi anyagok. Analitikai összetevők: Nyersfehérjék 8,5%, nyersolajok és zsírok 6,5%, nyersrost 0,5%, nyershamu 2%. Nedvesség 79%. Táplálék-adalékanyagok: A-vitamin 2000 U.I./kg., D3-vitamin 200 U.I./kg., E-vitamin (all-rac-alfa-tokoferil-acetát) 5 mg / kg Technológiai összetevők: Térfogatnövelők és zselésítő anyagok. Ajánlott napi adag: Kisméretű kutya számára napi 3-4 tasak. Szobahőmérsékleten tálaljuk. Mindig gondoskodjon friss, és tiszta ivóvízről. A fel nem használt adag hűtőszekrényben tartandó, és 24 órán belül felhasználandó. Hűvös és száraz helyen tartandó. Tovább olvasok"}
{"breadcrumb": "Főoldal/Kutya/Eledelek/Nedves eledelek/GEMON kutya tasak vad 24x100g", "product_name": "GEMON kutya tasak vad 24x100gGEMON kutya tasak vad 24x100g", "brand": "GEMON0g – 100gFelnőttvadzseléstasak", "regular_price": "8 994", "selling_price": "8 394", "price_per_unit": "319 Ft", "product_url": "https://webshop.fressnapf.hu/termekek/gemon-kutya-tasak-vad-100g/", "product_description": "A GEMON teljes értékű magas minőségű alapanyagokból összeállított eledel, amelyet úgy választottak ki, hogy azok megfeleljen az állatok táplálkozási igényeinek. Nagyon ízletes receptek alapján, az állat különböző életkorához és életstílusához igazítva. Nincs hozzáadott mesterséges színezék vagy tartósítószer. Olasz termék. A GEMON falatkák vadhússal teljes értékű, minden testméretű felnőtt kutyáknak szánt állateledel, amelyet úgy állítottak össze, hogy minden szükséges tápanyagot biztosítson négylábú kedvenceink napi vitalitásához. Összetétel: Hús és hússzármazékok 45% (ebből vadhús min. 6%), ásványi anyagok. Analitikai összetevők: Nyersfehérjék 8,5%, nyersolajok és zsírok 6,5%, nyersrost 0,5%, nyershamu 2%. Nedvesség 79%. Táplálék-adalékanyagok: A-vitamin 2000 U.I./kg., D3-vitamin 200 U.I./kg., E-vitamin (all-rac-alfa-tokoferil-acetát) 5 mg / kg Technológiai összetevők: Térfogatnövelők és zselésítő anyagok. Ajánlott napi adag: Kisméretű kutya számára napi 3-4 tasak. Szobahőmérsékleten tálaljuk. Mindig gondoskodjon friss, és tiszta ivóvízről. A fel nem használt adag hűtőszekrényben tartandó, és 24 órán belül felhasználandó. Hűvös és száraz helyen tartandó. Tovább olvasok"}
{"breadcrumb": "Főoldal/Kutya/Eledelek/Jutalomfalatok&rágcsák/Good Boy Pawsley kutya jutalomfalat kacsa falatok 65g", "product_name": "Good Boy Pawsley kutya jutalomfalat kacsa falatok 65gGood Boy Pawsley kutya jutalomfalat kacsa falatok 65g", "brand": "Good BoyPawsley0g – 100gFelnőttszárnyasropogós falatok", "regular_price": "1099", "selling_price": "", "price_per_unit": "1 kg=16908 Ft", "product_url": "https://webshop.fressnapf.hu/termekek/good-boy-pawsley-kutya-jutalomfalat-kacsa-falatok-65g/", "product_description": "Tökéletes kiegészítő snack 100%-ban emberei fogyasztásra alkalmas húsból. Egészséges és szuper alacsony a zsírtartalmú. Egyáltalán nem tartalmaz mesterséges színezéket és aromát, ami fantasztikusan jót tesz kutyusod emésztésének. Érzékeny gyomrú kutyák számára is ínycsiklandó csemege. Összetevők : Hús és állati származékok (kacsa) 72%), növényi eredetű származékok, Gabonafélék, tojás és tojásszármazékok, ásványi anyagok. Nyersfehérje 34%, zsírtartalom 5%, Nyersrost 1%, nyers hamu 2,5%, Nedvesség 28% Tovább olvasok"}
{"breadcrumb": "Főoldal/Kutya/Eledelek/Jutalomfalatok&rágcsák/Good Boy Pawsley kutya jutalomfalat kacsa filé 80g", "product_name": "Good Boy Pawsley kutya jutalomfalat kacsa filé 80gGood Boy Pawsley kutya jutalomfalat kacsa filé 80g", "brand": "Good BoyPawsley0g – 100gFelnőttszárnyasrágócsíkok", "regular_price": "1299", "selling_price": "", "price_per_unit": "1 kg=16238 Ft", "product_url": "https://webshop.fressnapf.hu/termekek/good-boy-pawsley-kutya-jutalomfalat-kacsa-file-80g/", "product_description": "Ez a finom kacsafilé szuper zamatos természetes kacsahúsból készül, így biztosan kutyája egyik kedvenc csemegéje lesz. Ezek az ízletes filék a saját szaftjukban sütve megőrzik a valódi kacsahús ízét, és nem tartalmaznak mesterséges színezéket vagy aromát. Amellett, hogy finomak, egészségesek is, mindössze 2% zsírtartalommal. Összetevők: Kacsa (85%), glicerin, borsófehérje, só. Analitikai összetevők: fehérje: 48%, zsír: 2%, nyershamu: 4,5%, nyersrost: 1%, nedvesség: 32% Tovább olvasok"}
{"breadcrumb": "Főoldal/Kutya/Eledelek/Jutalomfalatok&rágcsák/Good Boy Pawsley kutya jutalomfalat kacsa rágócsont 70g", "product_name": "Good Boy Pawsley kutya jutalomfalat kacsa rágócsont 70gGood Boy Pawsley kutya jutalomfalat kacsa rágócsont 70g", "brand": "Good BoyPawsley0g – 100gFelnőttszárnyasrágócsontok&rágórudak", "regular_price": "1299", "selling_price": "", "price_per_unit": "1 kg=18557 Ft", "product_url": "https://webshop.fressnapf.hu/termekek/good-boy-pawsley-kutya-jutalomfalat-kacsa-ragocsont-70g/", "product_description": "Ízletes rágcsálnivaló 4 hónaposnál idősebb kutyák számára. Magas fehérjetartalmú – 100%-ban természetes kacsamellhúsból készült. Természetesen alacsony zsírtartalmú – mindössze 2%. Gabonamentes recept – ideális érzékeny pocaknak Nem tartalmaz mesterséges színezéket, aromát vagy tartósítószert Összetevők: Nyersbőr, kacsamell (41%), Tápiókakeményítő, Glicerin, Só Analitikai összetétel: Nyersfehérje 75%, zsírtartalom2%, nyersrosttartalom 1%, nyers hamutartalom 2,5%, nedvességtartalom 18% Tovább olvasok"}
{"breadcrumb": "Főoldal/Kutya/Eledelek/Jutalomfalatok&rágcsák/Good Boy Pawsley kutya jutalomfalat kacsa rágórúd 90g", "product_name": "Good Boy Pawsley kutya jutalomfalat kacsa rágórúd 90gGood Boy Pawsley kutya jutalomfalat kacsa rágórúd 90g", "brand": "Good BoyPawsley0g – 100gFelnőttszárnyasrágócsontok&rágórudak", "regular_price": "1799", "selling_price": "", "price_per_unit": "1 kg=19989 Ft", "product_url": "https://webshop.fressnapf.hu/termekek/good-boy-pawsley-kutya-jutalomfalat-kacsa-ragorud-90g/", "product_description": "A Good Boy Pawsley Chewy Twist kutyacsemege 100%-ban természetes kacsamellhúsból készül. 100%-ban természetes emberi fogyasztásra alkalmas minőségű kacsamell húsból készült Glutén-, búza- és gabonamentes – ideális az érzékeny kutyák számára Nem tartalmaz mesterséges színezéket, aromát, tartósítószert, adalékanyagot. Összetevők: Kacsa (54%), nyersbőr, tápióka, Keményítő, glicerin, só Analitikai összetétel: Nyersfehérje 72%, zsírtartalom2%, nyersrosttartalom 1%, nyers hamutartalom 2,5%, nedvességtartalom 18% Tovább olvasok"}
{"breadcrumb": "Főoldal/Kutya/Eledelek/Jutalomfalatok&rágcsák/Good Boy Pawsley kutya jutalomfalat marha falatok 65g", "product_name": "Good Boy Pawsley kutya jutalomfalat marha falatok 65gGood Boy Pawsley kutya jutalomfalat marha falatok 65g", "brand": "Good BoyPawsley0g – 100gFelnőttmarha&borjúropogós falatok", "regular_price": "1199", "selling_price": "", "price_per_unit": "1 kg=18446 Ft", "product_url": "https://webshop.fressnapf.hu/termekek/good-boy-pawsley-kutya-jutalomfalat-marha-falatok-65g/", "product_description": "Tökéletes kiegészítő snack 100%-ban emberei fogyasztásra alkalmas húsból. Egészséges és szuper alacsony a zsírtartalmú. Egyáltalán nem tartalmaz mesterséges színezéket és aromát, ami fantasztikusan jót tesz kutyusod emésztésének. Érzékeny gyomrú kutyák számára is ínycsiklandó csemege. Összetevők – Hús és állati származékok (marhahús min. 61%), hal és halszármazékok, növényi eredetű származékok, tojás és tojásszármazékok, gabonafélék, só. Analitikai összetevők: Nyersfehérje: 26%, Zsír: 2,5%, Nyershamu: 2,5%, Nyersrost: 1%, Nedvesség: 34% Tovább olvasok"}
{"breadcrumb": "Főoldal/Kutya/Eledelek/Jutalomfalatok&rágcsák/Good Boy Pawsley kutya jutalomfalat marha filé 90g", "product_name": "Good Boy Pawsley kutya jutalomfalat marha filé 90gGood Boy Pawsley kutya jutalomfalat marha filé 90g", "brand": "Good BoyPawsley0g – 100gFelnőttmarha&borjúrágócsíkok", "regular_price": "1399", "selling_price": "", "price_per_unit": "1 kg=15544 Ft", "product_url": "https://webshop.fressnapf.hu/termekek/good-boy-pawsley-kutya-jutalomfalat-marha-file-90g/", "product_description": "Ez a finom marhafilé szuper zamatos természetes marhahúsból készül, így biztosan kutyája egyik kedvenc csemegéje lesz. Ezek az ízletes filék a saját szaftjukban sütve megőrzik a valódi marhahús ízét, és nem tartalmaznak mesterséges színezéket vagy aromát. Amellett, hogy finomak, egészségesek is, mindössze 2% zsírtartalommal. Összetevők: Marhahús (73%), glicerin, burgonyakeményítő, fehérje, só Analitikai összetevők: Fehérje: 33%, Zsír: 2%, Nyershamu: 2,5%, Nyersrost: 1%, Nedvesség: 34% Tovább olvasok"}
{"breadcrumb": "Főoldal/Kutya/Eledelek/Száraz eledelek/GOOOD Adult rovar száraz kutyaeledel 10kg", "product_name": "GOOOD Adult rovar száraz kutyaeledel 10kgGOOOD Adult rovar száraz kutyaeledel 10kg", "brand": "GOOOD4,1kg – 10kgFelnőttegzotikusgabonamentes", "regular_price": "9 999", "selling_price": "8 999", "price_per_unit": "1 KG=2120 Ft", "product_url": "https://webshop.fressnapf.hu/termekek/goood-adult-rovar-szaraz-kutyaeledel-10kg/", "product_description": "A Goood Sensitive Adult Insekten monoprotein kutyatáp fenntartható rovarfehérjével, paszternákkal és petrezselyemmel készül. Hipoallergén eledel. A rovarfehérjén alapuló, hipoallergén kutyatáp nemcsak könnyen emészthető és értékes tápanyagokat biztosít, hanem táplálkozási szempontból érzékeny kutyák számára is kiválóan alkalmas. Ugyanakkor a rovarok tenyésztéséhez csak minimális erőforrást használnak fel. Mindezek eredménye egy ízletes, környezetbarát és egészséges kutyatáp. Klímasemleges Arra törekszünk, hogy fenntartható környezeti lábnyomunk legyen, és folyamatosan dolgozunk a CO2 kibocsátásunkon. És minden kibocsátásunkat– ami a farmtól a tálkáig keletkezik – tanúsított klímavédelmi projektekkel ellensúlyozzuk, fákat ültetve a kihasználatlan legelőkön, közösen a helyilakosokkal. Környezetbarát csomagolás Csomagolásaink többsége újrahasznosítható nyersanyagból készül. A papír csomagoláson belül egy plusz belső réteg található, ami frissen tartja az eledelt. A konzervdobozok is újrahasznosíthatók, ezért szelektív hulladék jelzéssel kerültek ellátásra. Felnőtt kutyák számára, 11 kg-os súlytól. Nagyobb méretű tápszemek Fenntartható rovarokkal, fajnak megfelelő tenyésztésből A regionális alapanyagok magas aránya Gyengéd előkészítés Könnyen emészthető és környezetbarát Összetétel: zab*, rovarfehérje (18%), olajok és zsírok (5%), melaszos cukorrépaszelet* (cukormentesített), monokalcium-foszfát, májhidrolizátum, almatörköly*, kalcium-karbonát, lignocellulóz, kálium-klorid, sárgarépa* (0,35%), paszternák* (0,35%), petrezselyemgyökér*, petrezselyemlevél* (0,1%) (regionális zöldségkeverék összesen 1%) *) szárított Analitikai összetevők: Nyersfehérje 22,0%, nyerszsír 11,0%, nyersrost 8,0%, nyershamu 5,5%, kalcium 1,25%, foszfor 0,85%, nátrium 0,4%, kálium 0,7%, magnézium 0,1%, omega-6 zsírsavak 3,0%, omega-3 zsírsavak 0,3% Adalékanyagok: Vitaminok/kg: A-vitamin (3a672a) 15000 NE, D3-vitamin (3a671) 900 NE, E-vitamin (all-rac-alfa-tokoferil-acetát 3a700) 110 mg, B1-vitamin (tiamin-mononitrát 3a821) 4 mg, B2-vitamin (riboflavin 3a825ii) 4 mg, B6-vitamin (piridoxin-hidroklorid 3a831) 4 mg, biotin (3a880) 430 mcg, kalcium-D-pantotenát (3a841) 10 mg, niacin (3a314) 45 mg, B12-vitamin (3a835) 65 mcg, L-karnitin (3a910) 200 mg, taurin (3a370) 2000 mg. Nyomelemek/kg: Vas (vas(vas(II)-szulfát-monohidrát 3b103) 50 mg, réz (réz(II)-szulfát-pentahidrát 3b405) 10 mg, cink (cink-oxid 3b603) 60 mg, mangán (mangán(II)-oxid 3b502) 11 mg, jód (kalcium-jodát, vízmentes 3b202) 1,2 mg, szelén (nátrium-szelenit 3b801) 0,2 mg. Aminosavak/kg: DL-metionin (3c301) 5000 mg, L-triptofán (3c440) 2300 mg Antioxidáns, tokoferol kivonatok növényi olajokból 1b306(i) Tovább olvasok"}
{"breadcrumb": "Főoldal/Kutya/Eledelek/Száraz eledelek/GOOOD Adult száraz kutyaeledel bárány 1,8kg", "product_name": "GOOOD Adult száraz kutyaeledel bárány 1,8kgGOOOD Adult száraz kutyaeledel bárány 1,8kg", "brand": "GOOOD1,1kg – 4kgFelnőttjuh&bárány&kecskegabonamentes", "regular_price": "9 999", "selling_price": "8 999", "price_per_unit": "1 KG=2749 Ft", "product_url": "https://webshop.fressnapf.hu/termekek/goood-adult-szaraz-kutyaeledel-barany-18kg/", "product_description": "GOOOD ADULT BÁRÁNY teljes értékű szárazeledel felnőtt, közepes- és nagytestű kutyáknak. Felnőtt kutyák részére 11 kg-tól Nagyobb krokett méret Lédús, szabadon tartott báránnyal Zöld ajkú kagylóval, a csontoknak és az ízületeknek Szabadon tartott bárányunk tanúsított, fajnak megfelelő farmokról származik, ezáltal különösen magas minőségű és fehérjében gazdag. A zöldségek és alpesi kender regionális farmokról származik és fontos tápanyagokat tartalmaz. Ez az egyveleg zöldajkú kagylót tartalmaz, így erősíti a négylábú barátaink csontjait és ízületeit, biztosítva az aktív kutyaéletet. Nem tartalmaz hozzáadott cukrot, mesterséges színezékeket, aromákat és tartósítószereket. Kutyájának táplálék-intoleranciája van, tökéletes, ízletes és könnyen emészthető táplálék. Klímasemleges Arra törekszünk, hogy fenntartható környezeti lábnyomunk legyen, és folyamatosan dolgozunk a CO2 kibocsátásunkon. És minden kibocsátásunkat– ami a farmtól a tálkáig keletkezik – tanúsított klímavédelmi projektekkel ellensúlyozzuk, fákat ültetve a kihasználatlan legelőkön, közösen a helyilakosokkal. Környezetbarát csomagolás Csomagolásaink többsége újrahasznosítható nyersanyagból készül. A papír csomagoláson belül egy plusz belső réteg található, ami frissen tartja az eledelt. A konzervdobozok is újrahasznosíthatók, ezért szelektív hulladék jelzéssel kerültek ellátásra. Összetevők: Burgonya*, Bárányfehérje* (szabadtartású gazdaságokból – 27%), Baromfizsír, Melaszos cukorrépaszelet* (cukormentesített) lignocellulóz, Hidrolizált máj, Napraforgóolaj (1,6%), Almatörköly*, Nátrium-klorid (tengeri sóból), Canola olaj, Sárgarépa* , paszternák*, petrezselyemgyökér*, petrezselyemlevél*, Kagylóhús* (0,1%), Glükózamin (0,1%), Kenderliszt (0,04%), Regionális zöldségkeverék összesen (1%). *szárított. Analitikai összetétel: Nyersfehérje 22,0% Nyerszsír 11,0% Nyersrost 3,5% Nyershamu 9,0% Kalcium 1,4% Foszfor 0,85% Nátrium 0,5% Kálium 0,85% Magnézium 0,1% Omega-6 zsírsavak 2 ,5% Omega-3 zsírsavak 0,3% Adalékanyagok: Vitaminok / kg: A-vitamin (3a672a) 12000 NE, D3-vitamin (3a671) 1000 NE, E-vitamin (3a700) 120 mg, B1-vitamin (3a821) 5 mg, B2-vitamin (3a825ii) 5 mg, B6-vitamin 3a831) 5 mg, 600 mcg biotin (3a880), 13 mg kalcium-d-pantotenát (3a841), 60 mg niacin (3a314), 90 mcg B12-vitamin. Nyomelemek / kg: 100 mg vas (mint 3b103), 10 mg réz (mint 3b405), 80 mg cink (mint 3b603), mangán (3b502-ként) 12 mg, jód (3b202-ként) 1,1 mg, szelén (mint 3b801) 0,1 mg. Antioxidáns, növényi olajok magas tokoferol tartalmú kivonatai. Aminosavak / kg: DL-metionin (3c301) 2000 mg, L-triptofán (3c440) 1000 mg. Tovább olvasok"}
{"breadcrumb": "Főoldal/Kutya/Eledelek/Száraz eledelek/GOOOD Adult száraz kutyaeledel bárány 10kg", "product_name": "GOOOD Adult száraz kutyaeledel bárány 10kgGOOOD Adult száraz kutyaeledel bárány 10kg", "brand": "GOOOD4,1kg – 10kgFelnőttjuh&bárány&kecskegabonamentes", "regular_price": "9 999", "selling_price": "8 999", "price_per_unit": "1 KG=2120 Ft", "product_url": "https://webshop.fressnapf.hu/termekek/goood-adult-szaraz-kutyaeledel-barany-10kg/", "product_description": "GOOOD ADULT BÁRÁNY teljes értékű szárazeledel felnőtt, közepes- és nagytestű kutyáknak. Felnőtt kutyák részére 11 kg-tól Nagyobb krokett méret Lédús, szabadon tartott báránnyal Zöld ajkú kagylóval, a csontoknak és az ízületeknek Szabadon tartott bárányunk tanúsított, fajnak megfelelő farmokról származik, ezáltal különösen magas minőségű és fehérjében gazdag. A zöldségek és alpesi kender regionális farmokról származik és fontos tápanyagokat tartalmaz. Ez az egyveleg zöldajkú kagylót tartalmaz, így erősíti a négylábú barátaink csontjait és ízületeit, biztosítva az aktív kutyaéletet. Nem tartalmaz hozzáadott cukrot, mesterséges színezékeket, aromákat és tartósítószereket. Kutyájának táplálék-intoleranciája van, tökéletes, ízletes és könnyen emészthető táplálék. Klímasemleges Arra törekszünk, hogy fenntartható környezeti lábnyomunk legyen, és folyamatosan dolgozunk a CO2 kibocsátásunkon. És minden kibocsátásunkat– ami a farmtól a tálkáig keletkezik – tanúsított klímavédelmi projektekkel ellensúlyozzuk, fákat ültetve a kihasználatlan legelőkön, közösen a helyilakosokkal. Környezetbarát csomagolás Csomagolásaink többsége újrahasznosítható nyersanyagból készül. A papír csomagoláson belül egy plusz belső réteg található, ami frissen tartja az eledelt. A konzervdobozok is újrahasznosíthatók, ezért szelektív hulladék jelzéssel kerültek ellátásra. Összetevők: Burgonya*, Bárányfehérje* (szabadtartású gazdaságokból – 27%), Baromfizsír, Melaszos cukorrépaszelet* (cukormentesített) lignocellulóz, Hidrolizált máj, Napraforgóolaj (1,6%), Almatörköly*, Nátrium-klorid (tengeri sóból), Canola olaj, Sárgarépa* , paszternák*, petrezselyemgyökér*, petrezselyemlevél*, Kagylóhús* (0,1%), Glükózamin (0,1%), Kenderliszt (0,04%), Regionális zöldségkeverék összesen (1%). *szárított. Analitikai összetétel: Nyersfehérje 22,0% Nyerszsír 11,0% Nyersrost 3,5% Nyershamu 9,0% Kalcium 1,4% Foszfor 0,85% Nátrium 0,5% Kálium 0,85% Magnézium 0,1% Omega-6 zsírsavak 2 ,5% Omega-3 zsírsavak 0,3% Adalékanyagok: Vitaminok / kg: A-vitamin (3a672a) 12000 NE, D3-vitamin (3a671) 1000 NE, E-vitamin (3a700) 120 mg, B1-vitamin (3a821) 5 mg, B2-vitamin (3a825ii) 5 mg, B6-vitamin 3a831) 5 mg, 600 mcg biotin (3a880), 13 mg kalcium-d-pantotenát (3a841), 60 mg niacin (3a314), 90 mcg B12-vitamin. Nyomelemek / kg: 100 mg vas (mint 3b103), 10 mg réz (mint 3b405), 80 mg cink (mint 3b603), mangán (3b502-ként) 12 mg, jód (3b202-ként) 1,1 mg, szelén (mint 3b801) 0,1 mg. Antioxidáns, növényi olajok magas tokoferol tartalmú kivonatai. Aminosavak / kg: DL-metionin (3c301) 2000 mg, L-triptofán (3c440) 1000 mg. Tovább olvasok"}
{"breadcrumb": "Főoldal/Kutya/Eledelek/Száraz eledelek/GOOOD Adult száraz kutyaeledel pisztráng 1,8kg", "product_name": "GOOOD Adult száraz kutyaeledel pisztráng 1,8kgGOOOD Adult száraz kutyaeledel pisztráng 1,8kg", "brand": "GOOOD1,1kg – 4kgFelnőtthal&tenger gyümölcseigabonamentes", "regular_price": "3 699", "selling_price": "3 299", "price_per_unit": "1 KG=2749 Ft", "product_url": "https://webshop.fressnapf.hu/termekek/goood-adult-szaraz-kutyaeledel-pisztrang-18kg/", "product_description": "GOOOD ADULT PISZTRÁNG teljes értékű szárazeledel felnőtt, közepes- és nagytestű kutyáknak. Felnőtt kutyák részére 11 kg-tól Nagyobb krokett méret Finom pisztránggal A regionális nyersanyagok magas aránya Jó a bőrnek és a szőrnek A pisztráng fenntartható halgazdaságból származik, és teljességgel természetes étrendet folytat, ezáltal valódi prémium minőségű fehérjével szolgál A zöldségeket a helybeli bajor farmokról szerezzük be. Ez a gabonamentes recept hallal, napraforgóolajjal és lenmagokkal rengeteg omega-3 és omega-6 zsírsavat tartalmaz, hogy ezzel ápolja a felnőtt kutyák bőrét és szőrzetét. Klímasemleges Arra törekszünk, hogy fenntartható környezeti lábnyomunk legyen, és folyamatosan dolgozunk a CO2 kibocsátásunkon. És minden kibocsátásunkat– ami a farmtól a tálkáig keletkezik – tanúsított klímavédelmi projektekkel ellensúlyozzuk, fákat ültetve a kihasználatlan legelőkön, közösen a helyilakosokkal. Környezetbarát csomagolás Csomagolásaink többsége újrahasznosítható nyersanyagból készül. A papír csomagoláson belül egy plusz belső réteg található, ami frissen tartja az eledelt. A konzervdobozok is újrahasznosíthatók, ezért szelektív hulladék jelzéssel kerültek ellátásra. Összetevők: Burgonya* Pisztrángliszt fenntartható halgazdaságokból (25%) Napraforgóolaj (4%) Lignocellulóz Melaszos cukorrépaszelet* (cukormentesített) Baromfizsír Hidrolizált máj Lenmag (1,5%), almatörköly* Repceolaj (1%) Nátrium-klorid (tengeri sóból) Sárgarépa*, paszternák*, petrezselyemgyökér* (0,3%), petrezselyemlevél* Kagylóhús*; (regionális zöldségkeverék összesen 1%)*szárított. Analitikai összetétel: Nyersfehérje 22,0% Nyerszsír 11,0% Nyersrost 4,5% Nyershamu 8,5% Kalcium 1,15% Foszfor 0,85% Nátrium 0,5% Kálium 0,9% Magnézium 0,1% Omega-6 zsírsavak 3 ,0% Omega-3 zsírsavak 0,3% Adalékanyagok: Vitaminok / kg: A-vitamin (3a672a) 12000 NE, D3-vitamin (3a671) 1000 NE, E-vitamin (3a700) 120 mg, B1-vitamin (3a821) 5 mg, B2-vitamin (3a825ii) 5 mg, B6-vitamin (3a831) 5 mg, biotin (3a880) 600 mcg, kalcium-d-pantotenát (3a841) 13 mg, niacin (3a314) 60 mg, B12-vitamin 90 mcg. Nyomelemek / kg: Vas (mint 3b103) 100 mg, réz (mint 3b405) 10 mg, cink (mint 3b603) 80 mg, mangán (mint 3b502) 12 mg, jód (mint 3b202) 1,1 mg, szelén (3b801) 0,1 mg. Antioxidáns, növényi olajok magas tokoferol tartalmú kivonatai 1b306(i). Aminosavak / kg: DL-metionin (3c301) 2000 mg. Tovább olvasok"}
{"breadcrumb": "Főoldal/Kutya/Eledelek/Száraz eledelek/GOOOD Adult száraz kutyaeledel pisztráng 10kg", "product_name": "GOOOD Adult száraz kutyaeledel pisztráng 10kgGOOOD Adult száraz kutyaeledel pisztráng 10kg", "brand": "GOOOD4,1kg – 10kgFelnőtthal&tenger gyümölcseigabonamentes", "regular_price": "9 999", "selling_price": "8 999", "price_per_unit": "1 KG=2120 Ft", "product_url": "https://webshop.fressnapf.hu/termekek/goood-adult-szaraz-kutyaeledel-pisztrang-10kg/", "product_description": "GOOOD ADULT PISZTRÁNG teljes értékű szárazeledel felnőtt, közepes- és nagytestű kutyáknak. Felnőtt kutyák részére 11 kg-tól Nagyobb krokett méret Finom pisztránggal A regionális nyersanyagok magas aránya Jó a bőrnek és a szőrnek A pisztráng fenntartható halgazdaságból származik, és teljességgel természetes étrendet folytat, ezáltal valódi prémium minőségű fehérjével szolgál A zöldségeket a helybeli bajor farmokról szerezzük be. Ez a gabonamentes recept hallal, napraforgóolajjal és lenmagokkal rengeteg omega-3 és omega-6 zsírsavat tartalmaz, hogy ezzel ápolja a felnőtt kutyák bőrét és szőrzetét. Klímasemleges Arra törekszünk, hogy fenntartható környezeti lábnyomunk legyen, és folyamatosan dolgozunk a CO2 kibocsátásunkon. És minden kibocsátásunkat– ami a farmtól a tálkáig keletkezik – tanúsított klímavédelmi projektekkel ellensúlyozzuk, fákat ültetve a kihasználatlan legelőkön, közösen a helyilakosokkal. Környezetbarát csomagolás Csomagolásaink többsége újrahasznosítható nyersanyagból készül. A papír csomagoláson belül egy plusz belső réteg található, ami frissen tartja az eledelt. A konzervdobozok is újrahasznosíthatók, ezért szelektív hulladék jelzéssel kerültek ellátásra. Összetevők: Burgonya* Pisztrángliszt fenntartható halgazdaságokból (25%) Napraforgóolaj (4%) Lignocellulóz Melaszos cukorrépaszelet* (cukormentesített) Baromfizsír Hidrolizált máj Lenmag (1,5%), almatörköly* Repceolaj (1%) Nátrium-klorid (tengeri sóból) Sárgarépa*, paszternák*, petrezselyemgyökér* (0,3%), petrezselyemlevél* Kagylóhús*; (regionális zöldségkeverék összesen 1%)*szárított. Analitikai összetétel: Nyersfehérje 22,0% Nyerszsír 11,0% Nyersrost 4,5% Nyershamu 8,5% Kalcium 1,15% Foszfor 0,85% Nátrium 0,5% Kálium 0,9% Magnézium 0,1% Omega-6 zsírsavak 3 ,0% Omega-3 zsírsavak 0,3% Adalékanyagok: Vitaminok / kg: A-vitamin (3a672a) 12000 NE, D3-vitamin (3a671) 1000 NE, E-vitamin (3a700) 120 mg, B1-vitamin (3a821) 5 mg, B2-vitamin (3a825ii) 5 mg, B6-vitamin (3a831) 5 mg, biotin (3a880) 600 mcg, kalcium-d-pantotenát (3a841) 13 mg, niacin (3a314) 60 mg, B12-vitamin 90 mcg. Nyomelemek / kg: Vas (mint 3b103) 100 mg, réz (mint 3b405) 10 mg, cink (mint 3b603) 80 mg, mangán (mint 3b502) 12 mg, jód (mint 3b202) 1,1 mg, szelén (3b801) 0,1 mg. Antioxidáns, növényi olajok magas tokoferol tartalmú kivonatai 1b306(i). Aminosavak / kg: DL-metionin (3c301) 2000 mg. Tovább olvasok"}
{"breadcrumb": "Főoldal/Kutya/Eledelek/Száraz eledelek/GOOOD Junior száraz kutyaeledel bárány&pisztráng 1,8kg", "product_name": "GOOOD Junior száraz kutyaeledel bárány&pisztráng 1,8kgGOOOD Junior száraz kutyaeledel bárány&pisztráng 1,8kg", "brand": "GOOOD1,1kg – 4kgKölyökvegyesgabonamentes", "regular_price": "3 499", "selling_price": "2 999", "price_per_unit": "1 KG=2749 Ft", "product_url": "https://webshop.fressnapf.hu/termekek/goood-junior-szaraz-kutyaeledel-baranypisztrang-18kg/", "product_description": "GOOOD Junior Bárány – Pisztráng teljes értékű szárazeledel, közepes- és nagytestű kutyák számára. Gabonamentes összetétel. Nem tartalmaz mesterséges színezéket, ízfokozót vagy tartósítószert. Hozzáadott cukor nélkül. Fiatal kutyák számára a 3. és a 15. hónap között Nagyobb krokett méret Lédús, szabadon tartott bárány, finom pisztráng a fenntartható tenyészetből A regionális nyersanyagok magas aránya Cink a növekedés és az immunrendszer számára Regionális hozzávalók Az eledelekhez használt hozzávalók nagy része regionális farmokról származik . A termékek hozzávalóinak akár 70% a helybeli farmokról érkezik , a bajorországi Augsburg 100 km es környezetéből. Természetes forrásból Összetevőinknek nincs szüksége apró betűkre. Szándékosan kihagyjuk a cukrot, mesterséges tartósítószert, ízfokozókat és színezékeket a természetközeli kutyaeledelünkből. Fajtához igazodó étrend A Goood táplálkozási koncepció állateledel szakértőinkkel közösen került kifejlesztésre, a legújabb tudományos ismeretek figyelembevételével. Nagy tapasztalattal rendelkező állatorvosaink kifinomult táplálkozási koncepciót terveztek, ami tökéletesen alkalmazkodik minden életkorhoz, testmérethez és egyéb szükségletekhez. Klímasemleges Arra törekszünk, hogy fenntartható környezeti lábnyomunk legyen, és folyamatosan dolgozunk a CO2 kibocsátásunkon. És minden kibocsátásunkat– ami a farmtól a tálkáig keletkezik – tanúsított klímavédelmi projektekkel ellensúlyozzuk, fákat ültetve a kihasználatlan legelőkön, közösen a helyilakosokkal. Környezetbarát csomagolás Csomagolásaink többsége újrahasznosítható nyersanyagból készül. A papír csomagoláson belül egy plusz belső réteg található, ami frissen tartja az eledelt. A konzervdobozok is újrahasznosíthatók, ezért szelektív hulladék jelzéssel kerültek ellátásra. Összetevők: Bárányfehérje* szabadtartású gazdaságokból (20%), Búzaliszt, Teljes kiőrlésű kukorica, Dehidratált burgonya (10%), Rizsfehérje*, Fenntartható halgazdaságokból származó pisztrángliszt (9%), Baromfizsír, Melaszos cukorrépaszelet* (cukormentesített), Napraforgóolaj (2,4%), Hidrolizált máj, Almatörköly* (1,25%), Lignocellulóz, Canola olaj, Kálium-klorid, Sárgarépa*, paszternák* (0,3%), petrezselyemgyökér*, Élesztők* (kivonat, 0,2% = 0,04% mannán-oligoszacharidok), cikóriapor (0,15% = 0,01% inulin), petrezselyemlevél*; (regionális zöldségkeverék összesen 1%) *szárított. Analitikai összetétel: Nyersfehérje 28,0%, Nyerszsír 15,0%, Nyersrost 3,0%, Nyershamu 9,0%, Kalcium 1,45%, Foszfor 1,0%, Nátrium 0,3%, Kálium 0,9%, Magnézium 0 ,1%, Omega-6 zsírsavak 4,0%, Omega-3 zsírsavak 0,4%. Adalékanyagok: Vitaminok / kg: A-vitamin (3a672a) 17000 NE, D3-vitamin (3a671) 1000 NE, E-vitamin (3a700) 200 mg, B1-vitamin (3a821) 5 mg, B2-vitamin (3a825ii) 5 mg, B6-vitamin (3a831) 5 mg, biotin (3a880) 590 mcg, kalcium-d-pantotenát (3a841) 13 mg, niacin (3a314) 60 mg, B12-vitamin 85 mcg, C-vitamin (3a312) 200 mg. Nyomelemek / kg: Vas (mint 3b103) 135 mg, réz (mint 3b405) 13 mg, cink (mint 3b603) 105 mg, mangán (mint 3b502) 16 mg, jód (3b202 néven) 1,5 mg, szelén (3b801) 0,15 mg. Antioxidáns, növényi olajok magas tokoferol-tartalmú kivonatai 1b306 (i). Tovább olvasok"}
{"breadcrumb": "Főoldal/Kutya/Eledelek/Jutalomfalatok&rágcsák/GOOODIES Soft Snack kutya jutalomfalat bárány 100g", "product_name": "GOOODIES Soft Snack kutya jutalomfalat bárány 100gGOOODIES Soft Snack kutya jutalomfalat bárány 100g", "brand": "GOOOD0g – 100gFelnőttjuh&bárány&kecskepuha falatok", "regular_price": "899", "selling_price": "", "price_per_unit": "1 KG=8990 Ft", "product_url": "https://webshop.fressnapf.hu/termekek/gooodies-soft-snack-kutya-jutalomfalat-barany-100g/", "product_description": "Puha Gooodies jutalmfalataink hús vagy hal, bajor zöldségek és a Goood létfontosságú összetevőinek kiegyensúlyozott egyvelege. A csomagolás újrahasznosítható, a tartalom pedig 100%-ban klímasemleges. Természetközeli összetétele nem tartalmaz cukrot, mesterséges színezéket, ízfokozót vagy tartósítószert, és még az érzékeny gyomrú kutyusok is bátran fogyaszthatják. Összetevők: Burgonya*, növényi eredetű származékok (köztük kenderlisztet (0,03%)), bárányfehérje* szabadtartású gazdaságokból (21%), hidrolizált máj, napraforgóolaj (1,6%), canola olaj, nátrium-klorid, sárgarépa*, paszternák*, petrezselyemgyökér*, kagylóhús* (0,08%), glükózamin (0,08%), petrezselyemlevél* *szárított. Adalékanyagok: Vitaminok/kg: A-vitamin (3a672a) 10000 NE, D3-vitamin (3a671) 800 NE. Antioxidáns, növényi olajok tokoferolban gazdag kivonatai 1b306(i). Nyomelemek/kg: Vas (vas(II)-szulfát-monohidrát 3b103) 80 mg, réz (réz(II)-szulfát-pentahidrát 3b405) 8 mg, cink (cink-oxid 3b603) 62 mg, mangán (mangán(II)-oxid 3b502) 9 mg, jód (kalcium-jodát, vízmentes 3b202) 0,9 mg, szelén (nátrium-szelenit 3b801) 0,09 mg. Tovább olvasok"}
{"breadcrumb": "Főoldal/Kutya/Eledelek/Jutalomfalatok&rágcsák/GOOODIES Soft Snack kutya jutalomfalat pisztráng 100g", "product_name": "GOOODIES Soft Snack kutya jutalomfalat pisztráng 100gGOOODIES Soft Snack kutya jutalomfalat pisztráng 100g", "brand": "GOOOD0g – 100gFelnőtthal&tenger gyümölcseipuha falatok", "regular_price": "899", "selling_price": "", "price_per_unit": "1 KG=8990 Ft", "product_url": "https://webshop.fressnapf.hu/termekek/gooodies-soft-snack-kutya-jutalomfalat-pisztrang-100g/", "product_description": "Puha Gooodies jutalmfalataink hús vagy hal, bajor zöldségek és a Goood létfontosságú összetevőinek kiegyensúlyozott egyvelege. A csomagolás újrahasznosítható, a tartalom pedig 100%-ban klímasemleges. Természetközeli összetétele nem tartalmaz cukrot, mesterséges színezéket, ízfokozót vagy tartósítószert, és még az érzékeny gyomrú kutyusok is bátran fogyaszthatják. Összetevők: Burgonya*, növényi eredetű származékok, fenntartható halgazdaságokból származó pisztránghúsliszt (17,5%), hidrolizált máj, napraforgóolaj (1,6%), lenmag (1,2%), canola olaj (0,4%), nátrium-klorid, sárgarépa*, paszternák*, petrezselyemgyökér* (0,2%), petrezselyemlevél*, kagylóhús* (0,07%); *szárított. Adalékanyagok: Vitaminok/kg: A-vitamin (3a672a) 10000 NE, D3-vitamin (3a671) 800 NE. Antioxidáns, növényi olajok tokoferolban gazdag kivonatai 1b306(i). Nyomelemek/kg: Vas (vas(II)-szulfát-monohidrát 3b103) 80 mg, réz (réz(II)-szulfát-pentahidrát 3b405) 8 mg, cink (cink-oxid 3b603) 62 mg, mangán (mangán(II)-oxid 3b502) 9 mg, jód (kalcium-jodát, vízmentes 3b202) 0,9 mg, szelén (nátrium-szelenit 3b801) 0,09 mg. Tovább olvasok"}
{"breadcrumb": "Főoldal/Kutya/Eledelek/Jutalomfalatok&rágcsák/GOOODIES SUPERFOOD BIO kutya jutalomfalat vegán kender 80g", "product_name": "GOOODIES SUPERFOOD BIO kutya jutalomfalat vegán kender 80gGOOODIES SUPERFOOD BIO kutya jutalomfalat vegán kender 80g", "brand": "GOOOD0g – 100gFelnőttzöldség&gyümölcskeksz", "regular_price": "2599", "selling_price": "", "price_per_unit": "1 KG=37129 Ft", "product_url": "https://webshop.fressnapf.hu/termekek/gooodies-superfood-bio-kutya-jutalomfalat-vegan-kender-80g/", "product_description": "A bio kendert tartalmazó prebiotikus szuperélelmiszer-kekszek 100%-ban vegánok. Nem tartalmaznak hozzáadott cukrot, színezéket, aromát vagy tartósítószert. A bio kekszek ezért érzékeny kutyák számára is alkalmasak. Állaguknak köszönhetően a foghigiéniát is elősegítik. Összetétel: Kenderliszt* (16%), teljes kiőrlésű tönkölyliszt*, zabpehely*, alma*/** (8%), sárgarépa*/**, kömény*/** (1,6%), kapor*/**, nátrium-klorid. *) biogazdálkodásból származó alapanyagok **) szárított Adalékok: Vitaminok / kg: Antioxidánsok, növényi olaj tokoferol kivonatok 1b306(i) Tovább olvasok"}
{"breadcrumb": "Főoldal/Kutya/Eledelek/Jutalomfalatok&rágcsák/GOOODIES Training Snack kutya jutalomfalat vega cékla 70g", "product_name": "GOOODIES Training Snack kutya jutalomfalat vega cékla 70gGOOODIES Training Snack kutya jutalomfalat vega cékla 70g", "brand": "GOOOD0g – 100gFelnőttzöldség&gyümölcstréning falatok", "regular_price": "899", "selling_price": "", "price_per_unit": "1 KG=12843 Ft", "product_url": "https://webshop.fressnapf.hu/termekek/gooodies-training-snack-kutya-jutalomfalat-vega-cekla-70g/", "product_description": "A prebiotikus snack 100%-ban vegán és könnyen emészthető receptúra alapján készült. A mannán-oligoszacharidoknak (MOS) köszönhetően támogatja kutyája bélflóráját. 100%-ban természetes, hozzáadott cukor, színezékek, ízesítők és tartósítószerek nélkül. Ez azt jelenti, hogy még az érzékeny, táplálékintoleranciával küzdő kutyák is bátran fogyaszthatják. A szív alaknak köszönhetően a Gooodies ideális a tréninghez. A csomagolás újrahasznosítható, a tartalom pedig 100%-ban klímasemleges. Természetközeli összetétele nem tartalmaz cukrot, mesterséges színezéket, ízfokozót vagy tartósítószert, és még az érzékeny gyomrú kutyusok is bátran fogyaszthatják. Összetevők: Kukorica, répaliszt (5%), élesztő (szárított, extrahált, 1,25% = 0,3% MOS) Analitikai összetevők: Nyersfehérje 9,0%, nyers zsír 4,0%, nyersrost 3,0%, nyershamu 2,0% Adalékok: Antioxidánsok, tokoferol kivonatok növényi olajokból 1b306(i) Tovább olvasok"}
{"breadcrumb": "Főoldal/Kutya/Eledelek/Nedves eledelek/Gran Carno kutya konzerv adult húskoktél 6x800g", "product_name": "Gran Carno kutya konzerv adult húskoktél 6x800gGran Carno kutya konzerv adult húskoktél 6x800g", "brand": "AnimondaGranCarno601g – 800gFelnőttvegyeskonzervgabonamentes", "regular_price": "8 994", "selling_price": "8 394", "price_per_unit": "1 499 Ft", "product_url": "https://webshop.fressnapf.hu/termekek/gran-carno-kutya-konzerv-adult-huskoktel-800g/", "product_description": "A GranCarno kutyaeledel kizárólag friss húsfélékből készül, mint a szív, tüdő, színhús és máj. Minden termék a legkorszerűbb tudományos ismereteket felhasználva készült, figyelembe véve a különböző kutyafajtákat és igényeket, megfelelően táplálva a kutyákat természetesen, tisztán, mesterséges színezékek, ízesítők és tartósítószerek nélkül. A GranCarno Adult természetes, kutyáknak készült táplálék felnőtt kutyák számára, kiegészítve létfontosságú ásványi anyagokkal és vitaminokkal. Összetevők: 52% marha (szív, tüdő, vese, színhús, máj, tőgy), 31% húsleves, 8% csirke (szív, színhús, gyomor, nyak), 5% pulykaszív, 4% vadhús Analitikai összetevők: Fehérje: 10%, Zsír: 7,5%, Nyersrost: 0,5%, Nyershamu: 1,8%, Nedvesség: 78% Ásványi anyagok, vitaminok (kilogrammonként): D3-Vitamin: 200 NE, E2-Vitamin: 0,2 mg, E5-Vitamin: 1,5 mg, E6-Vitamin: 10 mg Metabolizálható energia: 100 grammonként 0,46MJ Tovább olvasok"}
{"breadcrumb": "Főoldal/Kutya/Eledelek/Nedves eledelek/Gran Carno kutya konzerv adult marha 6x800g", "product_name": "Gran Carno kutya konzerv adult marha 6x800gGran Carno kutya konzerv adult marha 6x800g", "brand": "AnimondaGranCarno601g – 800gFelnőttmarha&borjúkonzervgabonamentes", "regular_price": "8 994", "selling_price": "8 394", "price_per_unit": "1 499 Ft", "product_url": "https://webshop.fressnapf.hu/termekek/gran-carno-kutya-konzerv-adult-marha-800g/", "product_description": "A GranCarno kutyaeledel kizárólag friss húsfélékből készül, mint a szív, tüdő, színhús és máj. Minden termék a legkorszerűbb tudományos ismereteket felhasználva készült, figyelembe véve a különböző kutyafajtákat és igényeket, megfelelően táplálva a kutyákat természetesen, tisztán, mesterséges színezékek, ízesítők és tartósítószerek nélkül. A GranCarno Adult természetes, kutyáknak készült táplálék felnőtt kutyák számára, kiegészítve létfontosságú ásványi anyagokkal és vitaminokkal. Összetevők: 68% marha (szív, tüdő, vese, színhús, máj, tőgy), 31% húsleves, Kalcium-karbonát Analitikai összetevők: Fehérje: 10%, Zsír: 7,5%, Nyersrost: 0,5%, Nyershamu: 1,8%, Nedvesség: 78% Ásványi anyagok, vitaminok (kilogrammonként): D3-Vitamin: 200 NE, E2-Vitamin: 0,2 mg, E5-Vitamin: 1,5 mg, E6-Vitamin: 10 mg Metabolizálható energia: 100 grammonként 0,46MJ Tovább olvasok"}
{"breadcrumb": "Főoldal/Kutya/Eledelek/Nedves eledelek/Gran Carno kutya konzerv adult marha&kacsaszív 6x800g", "product_name": "Gran Carno kutya konzerv adult marha&kacsaszív 6x800gGran Carno kutya konzerv adult marha&kacsaszív 6x800g", "brand": "AnimondaGranCarno601g – 800gFelnőttmarha&borjúkonzervgabonamentes", "regular_price": "5 094", "selling_price": "4 794", "price_per_unit": "1 499 Ft", "product_url": "https://webshop.fressnapf.hu/termekek/gran-carno-kutya-konzerv-adult-marhakacsasziv-6x800g/", "product_description": "A GranCarno kutyaeledel kizárólag friss húsfélékből készül, mint a szív, tüdő, színhús és máj. Minden termék a legkorszerűbb tudományos ismereteket felhasználva készült, figyelembe véve a különböző kutyafajtákat és igényeket, megfelelően táplálva a kutyákat természetesen, tisztán, mesterséges színezékek, ízesítők és tartósítószerek nélkül. A GranCarno Adult természetes, kutyáknak készült táplálék felnőtt kutyák számára, kiegészítve létfontosságú ásványi anyagokkal és vitaminokkal. Összetevők: 56% marha (szív, tüdő, vese, színhús, máj, tőgy), 12% kacsaszív, kálcium karbonát. Analitikai összetevők: Fehérje: 10%, Zsír: 7,5%, Nyersrost: 0,5%, Nyershamu: 1,8%, Nedvesség: 78% Ásványi anyagok, vitaminok (kilogrammonként): D3-Vitamin: 200 NE, E2-Vitamin: 0,2 mg, E5-Vitamin: 1,5 mg, E6-Vitamin: 10 mg Metabolizálható energia: 100 grammonként 0,46MJ Tovább olvasok"}
{"breadcrumb": "Főoldal/Kutya/Eledelek/Nedves eledelek/Gran Carno kutya konzerv adult marha&nyúl 6x800g", "product_name": "Gran Carno kutya konzerv adult marha&nyúl 6x800gGran Carno kutya konzerv adult marha&nyúl 6x800g", "brand": "AnimondaGranCarno601g – 800gFelnőttmarha&borjúkonzervgabonamentes", "regular_price": "8 994", "selling_price": "8 394", "price_per_unit": "1 499 Ft", "product_url": "https://webshop.fressnapf.hu/termekek/gran-carno-kutya-konzerv-adult-marhanyul-800g/", "product_description": "A GranCarno kutyaeledel kizárólag friss húsfélékből készül, mint a szív, tüdő, színhús és máj. Minden termék a legkorszerűbb tudományos ismereteket felhasználva készült, figyelembe véve a különböző kutyafajtákat és igényeket, megfelelően táplálva a kutyákat természetesen, tisztán, mesterséges színezékek, ízesítők és tartósítószerek nélkül. A GranCarno Adult természetes, kutyáknak készült táplálék felnőtt kutyák számára, kiegészítve létfontosságú ásványi anyagokkal és vitaminokkal. Összetevők: 58% marha (szív, tüdő, színhús, máj, vese), 10% nyúlhús, 0,5% petrezselyem Analitikai összetevők: Fehérje: 10%, Zsír: 7,5%, Nyersrost: 0,5%, Nyershamu: 1,8%, Nedvesség: 78% Ásványi anyagok, vitaminok (kilogrammonként): D3-Vitamin: 200 NE, E2-Vitamin: 0,2 mg, E5-Vitamin: 1,5 mg, E6-Vitamin: 10 mg Metabolizálható energia: 100 grammonként 0,46MJ Tovább olvasok"}
{"breadcrumb": "Főoldal/Kutya/Eledelek/Nedves eledelek/Gran Carno kutya konzerv adult szárnyasszív 6x800g", "product_name": "Gran Carno kutya konzerv adult szárnyasszív 6x800gGran Carno kutya konzerv adult szárnyasszív 6x800g", "brand": "AnimondaGranCarno601g – 800gFelnőttszárnyaskonzervgabonamentes", "regular_price": "5 094", "selling_price": "4 794", "price_per_unit": "1 499 Ft", "product_url": "https://webshop.fressnapf.hu/termekek/gran-carno-kutya-konzerv-adult-szarnyassziv-6x800g/", "product_description": "A GranCarno Original Adult minden létfontosságú tápanyagot biztosít a felnőtt kutyák számára. A friss, húsos alapanyagokat gyorsan és kíméletesen dolgozzák fel, hogy minden fontos tápanyag megmaradjon. A válogatott, friss húsos alapanyagok garantálják azt a páratlan ízt, amelyet a kutyák annyira szeretnek. Összetétel: 58 % sertéshús (szív, máj, tüdő, hús), 10 % baromfiszív, nátrium-klorid. Analitikai összetevők: Fehérje 11,5 %, zsírtartalom 4 %, nyersrost 0,3 %, nyershamu 2,2 %, nedvességtartalom 80 %. Táplálkozási adalékanyagok kilogrammonként: 200 NE 3a671, 0,75 mg 3b202, 0,5 mg 3b405, 1,4 mg 3b503, 25 mg 3b605. Tovább olvasok"}
{"breadcrumb": "Főoldal/Kutya/Eledelek/Nedves eledelek/Gran Carno kutya konzerv sensitive marha&burgonya 6x800g", "product_name": "Gran Carno kutya konzerv sensitive marha&burgonya 6x800gGran Carno kutya konzerv sensitive marha&burgonya 6x800g", "brand": "AnimondaGranCarno Sensitive601g – 800gFelnőttmarha&borjúkonzervgabonamentes", "regular_price": "8 994", "selling_price": "8 394", "price_per_unit": "1 699 Ft", "product_url": "https://webshop.fressnapf.hu/termekek/gran-carno-kutya-konzerv-sensitive-marhaburgonya-800g/", "product_description": "A GranCarno Adult Sensitive eledelek igen magas arányban tartalmaznak válogatott és minőségi húsféléket, valamint ásványi anyagokat és vitaminokat. Tartósítószer-, színezék- és szójamentes. Az ellenálhatatlanul szaftos húsos falatoknak még a legfinnyásabb kutya sem tud majd ellenállni. Ajánlott érzékeny gyomrú, táplálékintoleranciában szenvedő kutyák számára is. Összetevők: 53% marha (szív, tüdő, vese, színhús, máj, tőgy), 10% burgonya, Nátrium-klorid Analitikai összetevők: Fehérje: 9%, Zsír: 7,5%, Nyersrost: 0,5%, Nyershamu: 1,7%, Nedvesség: 78% Ásványi anyagok, vitaminok (kilogrammonként): D3-Vitamin: 200 NE, E2-Vitamin: 0,2 mg, E5-Vitamin: 1,5 mg, E6-Vitamin: 10 mg Tovább olvasok"}
{"breadcrumb": "Főoldal/Kutya/Eledelek/Táplálékkiegészítők&vitaminok/Greenman Prebioherbs prebiotikum kutyáknak 250ml", "product_name": "Greenman Prebioherbs prebiotikum kutyáknak 250mlGreenman Prebioherbs prebiotikum kutyáknak 250ml", "brand": "GREENMAN101ml – 250mlFelnőttgyomor&emésztés", "regular_price": "3499", "selling_price": "", "price_per_unit": "1 l=13996 Ft", "product_url": "https://webshop.fressnapf.hu/termekek/greenman-prebioherbs-prebiotikum-kutyaknak-250ml/", "product_description": "Természetes élőflórás prebiotikum kutyáknak, mely optimalizálja az emésztőrendszer folyamatait, támogatja a bélflóra működését. Mikor javasoljuk használatát? Antibiotikum kúra után, valamint tápváltáskor, de általános immunerősítés céljából is adható, ugyanis segíti az eledel hasznosítását. Ennyi időre elég: pl. 10 kg-os kutyusnak 40 napnyi adag A Greenman PreBioHerbs jótékony hatású, fermentált gyógynövény kivonatokat tartalmazó étrend kiegészítő kutyák számára, mely támogatja emésztőrendszerének folyamatait, valamint helyreállítja a bélflóra egyensúlyát. Kutyádnak ajánljuk, ha: emésztési problémái vannak antibiotikum kúra után vagy közben van stresszhatásra laza bélsarat produkál betegség alatt és után immunerősítésre van szüksége tápváltásra készülsz vele krónikus betegségben szenved Milyen betegségek kialakulásának megelőzésében segíthet a Greenman természetes, élőflórás prebiotikum? emésztési problémák megelőzésére súlycsökkenés étvágytalanság miatt Összetevő: klórmentes, tiszta víz, cukornád melasz, zeolit, tengeri só, gyermekláncfű, borsmenta, kamilla, ánizs, fehér üröm gyógynövény kivonatok Analitikai összetevők: Nyersfehérje 0,15 %, Nyershamu 0,5 %, Nyers olajok és zsírok 0%, Kalcium 460 μg/g, Magnézium 190 μg/g, Foszfor 40 μg/g., Nedvességtartalom 94,9%, Így adagold kutyádnak ezt a természetes prebiotikumot: ivóvízéhez és eledelébe is keverheted 5 testtömeg kg-onként 3-5 ml/nap példa: 10 kg-os kutya esetén 6-10 ml/nap Csomagolása újrahasznosított PET flakonból készül! Tovább olvasok"}
{"breadcrumb": "Főoldal/Kutya/Eledelek/Jutalomfalatok&rágcsák/Happy Dog Africa Snack Soft kutya jutalomfalat mini 100g", "product_name": "Happy Dog Africa Snack Soft kutya jutalomfalat mini 100gHappy Dog Africa Snack Soft kutya jutalomfalat mini 100g", "brand": "Happy Dog0g – 100gFelnőttegzotikusgabonamenteskistestű 10kg-igpuha falatok", "regular_price": "1079", "selling_price": "", "price_per_unit": "1 kg=10790 Ft", "product_url": "https://webshop.fressnapf.hu/termekek/happy-dog-africa-snack-soft-kutya-jutalomfalat-mini-100g/", "product_description": "Kiegészítő állateledel struccal felnőtt kutyák számára 10 kg-ig. – Puha, szív alakú jutalomfalat – Gabonamentes összetétel – Hozzáadott cukor nélkül – Egyfehérjés: strucchússal Összetétel: Növényi melléktermék, struccfehérje* (14%), napraforgóolaj*, burgonyafehérje*, májhidrolizátum, repceolaj, tengeri só, élesztő* (kivonat) *szárított Adalékanyagok/kg: Vitaminok: A-vitamin (3a672a) 9500 NE, D3-vitamin (3a671) 950 NE, taurin (3a370) 400 mg. Antioxidánsok: Növényi olajokból származó tokoferol kivonatok (1b306(i). Nyomelemek: vas (3b103) 80 mg, réz (3b405) 8 mg, cink (3b603) 80 mg, mangán (3b502) 10 mg, jód (3b202) 1,0 mg, szelén (3b801) 0,1 mg. Aminosavak: DL-metionin (3c301) 2500 mg. Tovább olvasok"}
{"breadcrumb": "Főoldal/Kutya/Eledelek/Gyógyhatású eledelek/HAPPY DOG Care Sano N száraz kutyaeledel vesediéta 1kg", "product_name": "HAPPY DOG Care Sano N száraz kutyaeledel vesediéta 1kgHAPPY DOG Care Sano N száraz kutyaeledel vesediéta 1kg", "brand": "Happy DogCare Plus801g – 1kgFelnőtthal&tenger gyümölcseivesekímélő", "regular_price": "2199", "selling_price": "", "price_per_unit": "1 KG=2199 Ft", "product_url": "https://webshop.fressnapf.hu/termekek/happy-dog-care-sano-n-szaraz-kutyaeledel-vesedieta-1kg/", "product_description": "Ízletes kutyaeledel vesebetegség esetén Teljes értékű diétás eledel kutyák számára, a veseműködés támogatására krónikus veseelégtelenség esetén A Happy Dog Sano N krónikus veseelégtelenség esetén a veseműködés támogatására szolgál. A különösen ízletes receptúra, amely fehérjeforrásként tojást, lazacot és töpörtyűt tartalmaz, elősegíti a táplálékfelvételt és biztosítja kutyája tápanyag-ellátását. Ezt a vesekímélő tápot a kutya igényeihez speciálisan igazított foszfor- és nátriumszint is jellemzi. A csökkentett fehérjetartalom miatt ez a vesediéta különösen alkalmas a krónikus veseelégtelenség előrehaladott stádiumában lévő kutyák számára. A szabályozott fehérje-, foszfor- és nátriumtartalom segít a vesék tehermentesítésében A különösen ízletes összetevők elősegítik a takarmányfelvételt Az E-vitamin antioxidánsként megköti a szabad gyököket és aktív sejtvédelmet biztosít Kiegészítő megjegyzések: Javasoljuk, hogy a Happy Dog Sano N alkalmazása vagy az etetési időszak meghosszabbítása előtt kérje ki állatorvos tanácsát, és továbbra is rendszeresen ellenőriztesse a veseműködést. Az optimális hatás érdekében csak a diétás eledellel szabad etetni. A kiegészítő táplálékot a kezelő állatorvossal kell egyeztetni. Hacsak az állatorvos másként nem tanácsolja, naponta több kis étkezést kínálj kutyádnak. Az eledel mennyiségét a kutya egyéni anyagcseréjéhez kell igazítani, és ennek megfelelően csökkenteni vagy növelni kell. Kérjük, gondoskodj arról, hogy kutyád számára biztosítsd a szabad vízfelvételhez szükséges ivóvizet. A Happy Dog Sano N ajánlott etetési ideje kezdetben legfeljebb hat hónap. A legtöbb esetben élethosszig tartó etetés szükséges. Összetétel: Kukorica, rizsliszt, burgonyapehely, baromfizsír, marhazsír, szárított egész tojás (4%), lazacliszt (4%), töpörtyű (2%), májhidrolizátum, melaszos cukorrépaszelet* (cukormentesített), almatörköly*, kálium-klorid, nátrium-klorid, kalcium-karbonát, élesztő*, árpa, zöldzab*, napraforgó*, zsázsa*, petrezselyem*, (szárított gyógynövények összesen: 0,2%) *) szárított Analitikai összetevők: Nyersfehérje 12,5%, nyerszsír 14,0%, nyersrost 2,0%, nyershamu 3,5%, kalcium 0,45%, nátrium 0,25%, kálium 0,6%, magnézium 0,07%, foszfor 0,35%, omega-6 zsírsavak 2,5%, omega-3 zsírsavak 0,3% Adalékanyagok Vitaminok/kg: A-vitamin (3a672a) 20000 NE, D3-vitamin (3a671) 1200 NE, E-vitamin (all-rac-alfa-tokoferil-acetát 3a700) 150 mg, B1-vitamin (tiamin-mononitrát 3a821) 5 mg, B2-vitamin (riboflavin 3a825ii) 5 mg, B6-vitamin (piridoxin-hidroklorid 3a831) 5 mg, biotin (3a880) 600 mcg, kalcium-D-pantotenát (3a841) 13 mg, niacin (3a314) 65 mg, B12-vitamin 70 mcg Nyomelemek/kg: Vas (vas(II)-szulfát, monohidrát 3b103) 60 mg, réz (réz(II)-szulfát-pentahidrát 3b405) 12 mg, cink (cink-oxid 3b603) 95 mg, mangán (mangán(II)-oxid 3b502) 12 mg, jód (kalcium-jodát, vízmentes 3b202) 2,2 mg, szelén (nátrium-szelenit 3b801) 0,2 mg Aminosavak/kg: L-triptofán (3c440) 1000 mg Antioxidáns, tokoferol kivonatok növényi olajokból 1b306(i) Tovább olvasok"}
{"breadcrumb": "Főoldal/Kutya/Eledelek/Gyógyhatású eledelek/HAPPY DOG Care Sano N száraz kutyaeledel vesediéta 7,5kg", "product_name": "HAPPY DOG Care Sano N száraz kutyaeledel vesediéta 7,5kgHAPPY DOG Care Sano N száraz kutyaeledel vesediéta 7,5kg", "brand": "Happy DogCare Plus4,1kg – 10kgFelnőtthal&tenger gyümölcseivesekímélő", "regular_price": "12199", "selling_price": "", "price_per_unit": "1 KG=1627 Ft", "product_url": "https://webshop.fressnapf.hu/termekek/happy-dog-care-sano-n-szaraz-kutyaeledel-vesedieta-75kg/", "product_description": "Ízletes kutyaeledel vesebetegség esetén Teljes értékű diétás eledel kutyák számára, a veseműködés támogatására krónikus veseelégtelenség esetén A Happy Dog Sano N krónikus veseelégtelenség esetén a veseműködés támogatására szolgál. A különösen ízletes receptúra, amely fehérjeforrásként tojást, lazacot és töpörtyűt tartalmaz, elősegíti a táplálékfelvételt és biztosítja kutyája tápanyag-ellátását. Ezt a vesekímélő tápot a kutya igényeihez speciálisan igazított foszfor- és nátriumszint is jellemzi. A csökkentett fehérjetartalom miatt ez a vesediéta különösen alkalmas a krónikus veseelégtelenség előrehaladott stádiumában lévő kutyák számára. A szabályozott fehérje-, foszfor- és nátriumtartalom segít a vesék tehermentesítésében A különösen ízletes összetevők elősegítik a takarmányfelvételt Az E-vitamin antioxidánsként megköti a szabad gyököket és aktív sejtvédelmet biztosít Kiegészítő megjegyzések: Javasoljuk, hogy a Happy Dog Sano N alkalmazása vagy az etetési időszak meghosszabbítása előtt kérje ki állatorvos tanácsát, és továbbra is rendszeresen ellenőriztesse a veseműködést. Az optimális hatás érdekében csak a diétás eledellel szabad etetni. A kiegészítő táplálékot a kezelő állatorvossal kell egyeztetni. Hacsak az állatorvos másként nem tanácsolja, naponta több kis étkezést kínálj kutyádnak. Az eledel mennyiségét a kutya egyéni anyagcseréjéhez kell igazítani, és ennek megfelelően csökkenteni vagy növelni kell. Kérjük, gondoskodj arról, hogy kutyád számára biztosítsd a szabad vízfelvételhez szükséges ivóvizet. A Happy Dog Sano N ajánlott etetési ideje kezdetben legfeljebb hat hónap. A legtöbb esetben élethosszig tartó etetés szükséges. Összetétel: Kukorica, rizsliszt, burgonyapehely, baromfizsír, marhazsír, szárított egész tojás (4%), lazacliszt (4%), töpörtyű (2%), májhidrolizátum, melaszos cukorrépaszelet* (cukormentesített), almatörköly*, kálium-klorid, nátrium-klorid, kalcium-karbonát, élesztő*, árpa, zöldzab*, napraforgó*, zsázsa*, petrezselyem*, (szárított gyógynövények összesen: 0,2%) *) szárított Analitikai összetevők: Nyersfehérje 12,5%, nyerszsír 14,0%, nyersrost 2,0%, nyershamu 3,5%, kalcium 0,45%, nátrium 0,25%, kálium 0,6%, magnézium 0,07%, foszfor 0,35%, omega-6 zsírsavak 2,5%, omega-3 zsírsavak 0,3% Adalékanyagok Vitaminok/kg: A-vitamin (3a672a) 20000 NE, D3-vitamin (3a671) 1200 NE, E-vitamin (all-rac-alfa-tokoferil-acetát 3a700) 150 mg, B1-vitamin (tiamin-mononitrát 3a821) 5 mg, B2-vitamin (riboflavin 3a825ii) 5 mg, B6-vitamin (piridoxin-hidroklorid 3a831) 5 mg, biotin (3a880) 600 mcg, kalcium-D-pantotenát (3a841) 13 mg, niacin (3a314) 65 mg, B12-vitamin 70 mcg Nyomelemek/kg: Vas (vas(II)-szulfát, monohidrát 3b103) 60 mg, réz (réz(II)-szulfát-pentahidrát 3b405) 12 mg, cink (cink-oxid 3b603) 95 mg, mangán (mangán(II)-oxid 3b502) 12 mg, jód (kalcium-jodát, vízmentes 3b202) 2,2 mg, szelén (nátrium-szelenit 3b801) 0,2 mg Aminosavak/kg: L-triptofán (3c440) 1000 mg Antioxidáns, tokoferol kivonatok növényi olajokból 1b306(i) Tovább olvasok"}
{"breadcrumb": "Főoldal/Kutya/Eledelek/Száraz eledelek/Happy Dog Fit&Vital adult mini száraz kutyaeledel 4kg", "product_name": "Happy Dog Fit&Vital adult mini száraz kutyaeledel 4kgHappy Dog Fit&Vital adult mini száraz kutyaeledel 4kg", "brand": "Happy DogFit&Vital1,1kg – 4kgFelnőttvegyesegészséges felnőtt tápláláskistestű 10kg-ig", "regular_price": "3 399", "selling_price": "2 999", "price_per_unit": "1 kg=2067 Ft", "product_url": "https://webshop.fressnapf.hu/termekek/happy-dog-fitvital-adult-mini-szaraz-kutyaeledel-4kg/", "product_description": "A Happy Dog Fit Vital Mini Adult tökéletesen igazodik a legfeljebb 10 kg-os kistestű felnőtt kutyák igényeihez. A kiegyensúlyozott és ízletes teljes értékű eledel az egyedülálló Happy Dog Natural Life koncepción alapul, és értékes új-zélandi kagylókkal gazdagított. A fontos omega-3 és omega-6 zsírsavak jót tesznek a bőrnek és a szőrzetnek. A jól emészthető receptúra ideális a normál aktívitásó kutyák számára 10 kg-ig. Összetevők: Állati fehérjék* (baromfi 16 %, bárány 4 %), kukoricaliszt, kukorica, olajok és zsírok, árpa, zsiradék, halliszt (5 %, ebből 50 % lazacliszt), rizs,nhidrolizált fehérje, cukortalanított répamelasz*, almacsutka*, kálium-klorid, élesztő*, nátrium-klorid, tengeri moszat*, lenmag (0,16 %), szárított egész tojás (0,1 %), máriatövis, élesztő* (kivonva), kagylóhús* (0,02 %), yucca schidigera*, articsóka, pitypang, gyömbér (0,016 %), nyírfalevél, csalán, kamilla, koriander, rozmaring, zsálya, édesgyökér, kakukkfű (szárított gyógynövények összesen: 0,15 %) *) szárítva. Analitikai összetevők:nNyersfehérje 26,0%, nyerszsír 14,0%, nyersrost 2,0%, nyershamu 7,0%, kalcium 1,50%, foszfor 0,95%, nátrium 0,35%, omega-6 zsírsavak 3,5%, omega-3 zsírsavak 0,4 % Adalékanyagok: Vitaminok / kg: D3-vitamin (3a671) 900 NE, E-vitamin (mint 3a700) 120 mg, C-vitamin (mint 3a312) 30 mg. Nyomelemek / kg: Vas (mint 3b103) 50 mg, réz (mint 3b405) 10 mg, cink (mint 3b603, 3b606) 100 mg, mangán (mint 3b502) 25 mg, jód (mint 3b202) 2 mg, szelén (mint 3b801) 0,1 mg. Antioxidáns, tokoferol kivonatok növényi olajokból 1b306(i). Tovább olvasok"}
{"breadcrumb": "Főoldal/Kutya/Eledelek/Száraz eledelek/Happy Dog Fit&Vital adult mini száraz kutyaeledel 800g", "product_name": "Happy Dog Fit&Vital adult mini száraz kutyaeledel 800gHappy Dog Fit&Vital adult mini száraz kutyaeledel 800g", "brand": "Happy DogFit&Vital601g – 800gFelnőttvegyesegészséges felnőtt tápláláskistestű 10kg-ig", "regular_price": "9 999", "selling_price": "8 999", "price_per_unit": "1 kg=3149 Ft", "product_url": "https://webshop.fressnapf.hu/termekek/happy-dog-fitvital-adult-mini-szaraz-kutyaeledel-800g/", "product_description": "A Happy Dog Fit Vital Mini Adult tökéletesen igazodik a legfeljebb 10 kg-os kistestű felnőtt kutyák igényeihez. A kiegyensúlyozott és ízletes teljes értékű eledel az egyedülálló Happy Dog Natural Life koncepción alapul, és értékes új-zélandi kagylókkal gazdagított. A fontos omega-3 és omega-6 zsírsavak kedvezően hatnak a bőrre és a szőrzetre. A kiválóan emészthető receptúra ideális a normál aktivitású kutyák számára 10 kg-ig. Összetétel: Állati fehérjék* (baromfi 16 %, bárány 4 %), kukoricaliszt, kukorica, olajok és zsírok, árpa, zsiradék, halliszt (5 %, ebből 50 % lazacliszt), rizs, hidrolizált fehérje, cukortalanított répamelasz*, almacsutka*, kálium-klorid, élesztő*, nátrium-klorid, tengeri moszat*, lenmag (0,16 %), szárított egész tojás (0,1 %), máriatövis, élesztő* (kivonva), kagylóhús* (0,02 %), yucca schidigera*, articsóka, pitypang, gyömbér (0,016 %), nyírfalevél, csalán, kamilla, koriander, rozmaring, zsálya, édesgyökér, kakukkfű (szárított gyógynövények összesen: 0,15 %) *) szárítva. Analitikai összetevők: Nyersfehérje 26,0%, nyerszsír 14,0%, nyersrost 2,0%, nyershamu 7,0%, kalcium 1,50%, foszfor 0,95%, nátrium 0,35%, omega-6 zsírsavak 3,5%, omega-3 zsírsavak 0,4 %. Adalékanyagok Vitaminok / kg: D3-vitamin (3a671) 900 NE, E-vitamin (mint 3a700) 120 mg, C-vitamin (mint 3a312) 30 mg. Nyomelemek/kg: Vas (mint 3b103) 50 mg, réz (mint 3b405) 10 mg, cink (mint 3b603, 3b606) 100 mg, mangán (mint 3b502) 25 mg, jód (mint 3b202) 2 mg, szelén (mint 3b801) 0,1 mg. Antioxidáns, tokoferol kivonatok növényi olajokból 1b306(i). Tovább olvasok"}
{"breadcrumb": "Főoldal/Kutya/Eledelek/Száraz eledelek/Happy Dog Fit&Vital Junior száraz kutyaeledel 10kg", "product_name": "Happy Dog Fit&Vital Junior száraz kutyaeledel 10kgHappy Dog Fit&Vital Junior száraz kutyaeledel 10kg", "brand": "Happy DogFit&Vital4,1kg – 10kgKölyökszárnyas", "regular_price": "3 699", "selling_price": "3 499", "price_per_unit": "1 kg=1590 Ft", "product_url": "https://webshop.fressnapf.hu/termekek/happy-dog-fitvital-junior-szaraz-kutyaeledel-10kg/", "product_description": "A kutyák 7 hónapos korban hajlamosak a hirtelen növekedésre, ezért a Happy Dog Supreme Fit & Vital Junior energia és fehérje tartalma mérsékelt kell legyen! Amikor elérik a 18 hónapos kort lassanként érdemes átállni egy megfelelő Happy Dog Adult termékre, mint például a „Medium Adult” vagy „Maxi Adult”. Németországban gyártva, szigorú minőségi követelményeknek megfelelően. Összetétel: Baromfifehérje* (17%), rizsliszt, kukoricaliszt, bárányfehérje* (5%), baromfizsír, töpörtyű, halliszt (5%, ebből 50% lazacliszt), napraforgóolaj, melaszos cukorrépaszelet* (cukormentesített), májhidrolizátum, almatörköly* (1%), cellulóz, repceolaj, kálium-klorid, élesztő*, nátrium-klorid, szárított egész tojás (0,2%), tengeri alga, lenmag (0,16%), útifű maghéj, kagylóhús* (0,05%), yucca schidigera*, élesztő (kivonat), máriatövis, articsóka, gyermekláncfű, gyömbér (0,013%), nyírfalevél, csalán, kamilla, koriander, rozmaring, zsálya, édesgyökér, kakukkfű, (szárított gyógynövények összesen 0,16%); *) szárított. Adalékanyagok: Vitaminok/kg: A-vitamin (3a672a) 17000 NE, D3-vitamin (3a671) 1000 NE, E-vitamin (all-racalfa-tokoferil-acetát 3a700) 125 mg, B1-vitamin (tiamin-mononitrát 3a821) 4 mg, B2-vitamin (riboflavin 3a825ii) 4 mg, B6-vitamin (piridoxinhidroklorid 3a831) 4 mg, biotin (3a880) 495 mcg, kalcium-D-pantotenát (3a841) 10 mg, niacin (3a314) 50 mg, B12-vitamin 70 mcg, kolin-klorid (3a890) 55 mg, C-vitamin (nátriumkalcium-aszkorbil-foszfát 3a312) 30 mg Antioxidánsok, tokoferol kivonatok növényi olajokból 1b306(i) Nyomelemek/kg: Vas (vas-szulfát, monohidrát 3b103) 105 mg, réz (réz(II)-szulfát-pentahidrát 3b405) 10 mg, cink (cink-oxid 3b603 75 mg, aminosav-cink-kelát, hidrát 3b606 25mg) 100 mg, mangán (mangán(II)oxid 3b502) 25 mg, jód (vízmentes kalcium-jodát 3b202) 2 mg, szelén (nátriumszelenit 3b801) 0,1 mg Etetési javaslat: A fiatal kutyát rendszeresen le kell mérni, és dokumentálni a súlyát. Az ajánlott napi mennyiséget egyénileg a kutya szükségletéhez kell igazítani. Ne etesse túl – ügyeljen az egyenletes növekedésre. Jutalomfalatok adása esetén az eledel mennyiségét annak megfelelően csökkenteni kell. Tipp: adja a napi ajánlott eledel mennyiségének egy részét jutalomfalatként kutyájának. Tálalja szárazon vagy öntse fel meleg vízzel (kb. 60°C) és hagyja néhány percig állni. A napi ajánlott mennyiséget ossza fel több (3-4) étkezésre. Mindig biztosítson friss vizet kutyusának. Tovább olvasok"}
{"breadcrumb": "Főoldal/Kutya/Eledelek/Száraz eledelek/Happy Dog Fit&Vital Junior száraz kutyaeledel 4kg", "product_name": "Happy Dog Fit&Vital Junior száraz kutyaeledel 4kgHappy Dog Fit&Vital Junior száraz kutyaeledel 4kg", "brand": "Happy DogFit&Vital1,1kg – 4kgKölyökszárnyas", "regular_price": "3 499", "selling_price": "2 999", "price_per_unit": "1 kg=1850 Ft", "product_url": "https://webshop.fressnapf.hu/termekek/happy-dog-fitvital-junior-szaraz-kutyaeledel-4kg/", "product_description": "A kutyák 7 hónapos korban hajlamosak a hirtelen növekedésre, ezért a Happy Dog Supreme Fit & Vital Junior energia és fehérje tartalma mérsékelt kell legyen! Amikor elérik a 18 hónapos kort lassanként érdemes átállni egy megfelelő Happy Dog Adult termékre, mint például a „Medium Adult” vagy „Maxi Adult”. Németországban gyártva, szigorú minőségi követelményeknek megfelelően. Összetétel: Baromfifehérje* (17%), rizsliszt, kukoricaliszt, bárányfehérje* (5%), baromfizsír, töpörtyű, halliszt (5%, ebből 50% lazacliszt), napraforgóolaj, melaszos cukorrépaszelet* (cukormentesített), májhidrolizátum, almatörköly* (1%), cellulóz, repceolaj, kálium-klorid, élesztő*, nátrium-klorid, szárított egész tojás (0,2%), tengeri alga, lenmag (0,16%), útifű maghéj, kagylóhús* (0,05%), yucca schidigera*, élesztő (kivonat), máriatövis, articsóka, gyermekláncfű, gyömbér (0,013%), nyírfalevél, csalán, kamilla, koriander, rozmaring, zsálya, édesgyökér, kakukkfű, (szárított gyógynövények összesen 0,16%); *) szárított. Adalékanyagok: Vitaminok/kg: A-vitamin (3a672a) 17000 NE, D3-vitamin (3a671) 1000 NE, E-vitamin (all-racalfa-tokoferil-acetát 3a700) 125 mg, B1-vitamin (tiamin-mononitrát 3a821) 4 mg, B2-vitamin (riboflavin 3a825ii) 4 mg, B6-vitamin (piridoxinhidroklorid 3a831) 4 mg, biotin (3a880) 495 mcg, kalcium-D-pantotenát (3a841) 10 mg, niacin (3a314) 50 mg, B12-vitamin 70 mcg, kolin-klorid (3a890) 55 mg, C-vitamin (nátriumkalcium-aszkorbil-foszfát 3a312) 30 mg Antioxidánsok, tokoferol kivonatok növényi olajokból 1b306(i) Nyomelemek/kg: Vas (vas-szulfát, monohidrát 3b103) 105 mg, réz (réz(II)-szulfát-pentahidrát 3b405) 10 mg, cink (cink-oxid 3b603 75 mg, aminosav-cink-kelát, hidrát 3b606 25mg) 100 mg, mangán (mangán(II)oxid 3b502) 25 mg, jód (vízmentes kalcium-jodát 3b202) 2 mg, szelén (nátriumszelenit 3b801) 0,1 mg Etetési javaslat: A fiatal kutyát rendszeresen le kell mérni, és dokumentálni a súlyát. Az ajánlott napi mennyiséget egyénileg a kutya szükségletéhez kell igazítani. Ne etesse túl – ügyeljen az egyenletes növekedésre. Jutalomfalatok adása esetén az eledel mennyiségét annak megfelelően csökkenteni kell. Tipp: adja a napi ajánlott eledel mennyiségének egy részét jutalomfalatként kutyájának. Tálalja szárazon vagy öntse fel meleg vízzel (kb. 60°C) és hagyja néhány percig állni. A napi ajánlott mennyiséget ossza fel több (3-4) étkezésre. Mindig biztosítson friss vizet kutyusának. Tovább olvasok"}
{"breadcrumb": "Főoldal/Kutya/Eledelek/Száraz eledelek/Happy Dog Fit&Vital kutya szárazeledel maxi adult 14kg", "product_name": "Happy Dog Fit&Vital kutya szárazeledel maxi adult 14kgHappy Dog Fit&Vital kutya szárazeledel maxi adult 14kg", "brand": "Happy DogFit&Vital12,1kg – 15kgFelnőttvegyesnagytestű 26kg-tól", "regular_price": "9 999", "selling_price": "8 999", "price_per_unit": "1 kg=1393 Ft", "product_url": "https://webshop.fressnapf.hu/termekek/happy-dog-fitvital-kutya-szarazeledel-maxi-adult-14kg/", "product_description": "Extra nagy tápszemek a nagytestű kutyáknak Könnyen emészthető és kiegyensúlyozott teljes értékű eledel nagytestű, normál aktivitású kutyáknak. Szeretnéd négylábú barátodat természetközelien és kiegyensúlyozottan extra adag egészséggel ellátni? Akkor a Happy Dog fit & vital pontosan az Igazi – az egészséges fehérje-válogatásért, teljesen a természetet alapul véve, öt különböző fehérjét alkalmazunk: lazac, tengeri hal, tojás, bárány és baromfi. A lazac létfontosságú omega-3 és omega-6 zsírsavakban gazdag – optimális a bőr és szőrzet számára. Könnyen emészthető tengeri hal látja el a szervezetet vitaminokkal, miközben a tojás biológiailag fontos tojásfehérjét, a bárány pedig számos fontos ásványi anyagot szolgáltat. Az összetételt ásványi anyagokban gazdag baromfi teszi tökéletessé, ami létfontosságú nyomelemeket szolgáltat. A Happy Dog fit & vital Maxi Adult teljes egészében a felnőtt, nagytestű (26 kg feletti) kutyák számára került kifejlesztésre. Ez a kiegyensúlyozott és ízletes teljes értékű eledel az egyedülálló Happy Dog Natural Life Concept®-en alapul, és értékes új-zélandi zöldkagylót tartalmaz. Fontos omega-3 és omega-6 zsírsavak tesznek jót a bőrnek és szőrzetnek. Ez a rendkívül ízletes receptúra ideális a normál aktivitású, 26 kg feletti felnőtt kutyák számára. Összetétel: Állati fehérjék* (14% baromfi, 4% bárány), kukorica, kukoricaliszt, rizsliszt, árpa, baromfizsír, halliszt (4%, ebből 50% lazacliszt), hemoglobin*, májhidrolizátum, napraforgóolaj, melaszos cukorrépaszelet* (cukormentesített), almatörköly*, kálium-klorid, repceolaj, élesztő*, nátrium-klorid, tengeri alga*, lenmag (0,16%), szárított egész tojás (0,12%), kagylóhús* (0,02%), élesztő* (kivonat), máriatövis, articsóka, gyermekláncfű, gyömbér (0,013%), nyír, csalán, kamilla, koriander, rozmaring, zsálya, édesgyökér, kakukkfű (szárított gyógynövények összesen: 0,16%); *) szárított. Analitikai összetevők: Nyersfehérje 23.0%, nyerszsír 13.0%, nyersrost 2.5%, nyershamu 6.5%, kalcium 1.3%, foszfor 0.9%, nátrium 0.4%, kálium 0.5%, magnézium 0.09%, omega-6 zsírsavak 3.0%, omega-3 zsírsavak 0.3% Adalékanyagok: Vitaminok / kg: A-vitamin (3a672a) 12000 I.E., D3-vitamin (3a671) 1000 I.E., E-vitamin (3a700) 75 mg, B1-vitamin (3a821) 4 mg, B2-vitamin (3a825ii) 6 mg, B6-vitamin (3a831) 4 mg, biotin (3a880) 575 mcg, kalcium-D-pantotenát (3a841) 10 mg, niacin (3a314) 40 mg, B12-vitamin 70 mcg, kolin-klorid (3a890) 60 mg, Nyomelemek / kg: vas (mint 3b103; 3b106) 105 mg, réz (mint 3b405; 3b406) 10 mg, cink (mint 3b603; 3b606; 3b607) 105 mg, mangán (mint 3b502; 3b504) 25 mg, jód (mint 3b202) 2 mg, szelén (mint 3b801; 3b8.12) 0.15 mg, Antioxidánsok; növényi olajok tokoferol-kivonatai 1b306(i). Tovább olvasok"}
{"breadcrumb": "Főoldal/Kutya/Eledelek/Száraz eledelek/Happy Dog Fit&Vital kutya szárazeledel maxi adult 4kg", "product_name": "Happy Dog Fit&Vital kutya szárazeledel maxi adult 4kgHappy Dog Fit&Vital kutya szárazeledel maxi adult 4kg", "brand": "Happy DogFit&Vital1,1kg – 4kgFelnőttvegyesnagytestű 26kg-tól", "regular_price": "3 699", "selling_price": "3 299", "price_per_unit": "1 kg=1800 Ft", "product_url": "https://webshop.fressnapf.hu/termekek/happy-dog-fitvital-kutya-szarazeledel-maxi-adult-4kg/", "product_description": "Extra nagy tápszemek a nagytestű kutyáknak Könnyen emészthető és kiegyensúlyozott teljes értékű eledel nagytestű, normál aktivitású kutyáknak. Szeretnéd négylábú barátodat természetközelien és kiegyensúlyozottan extra adag egészséggel ellátni? Akkor a Happy Dog fit & vital pontosan az Igazi – az egészséges fehérje-válogatásért, teljesen a természetet alapul véve, öt különböző fehérjét alkalmazunk: lazac, tengeri hal, tojás, bárány és baromfi. A lazac létfontosságú omega-3 és omega-6 zsírsavakban gazdag – optimális a bőr és szőrzet számára. Könnyen emészthető tengeri hal látja el a szervezetet vitaminokkal, miközben a tojás biológiailag fontos tojásfehérjét, a bárány pedig számos fontos ásványi anyagot szolgáltat. Az összetételt ásványi anyagokban gazdag baromfi teszi tökéletessé, ami létfontosságú nyomelemeket szolgáltat. A Happy Dog fit & vital Maxi Adult teljes egészében a felnőtt, nagytestű (26 kg feletti) kutyák számára került kifejlesztésre. Ez a kiegyensúlyozott és ízletes teljes értékű eledel az egyedülálló Happy Dog Natural Life Concept®-en alapul, és értékes új-zélandi zöldkagylót tartalmaz. Fontos omega-3 és omega-6 zsírsavak tesznek jót a bőrnek és szőrzetnek. Ez a rendkívül ízletes receptúra ideális a normál aktivitású, 26 kg feletti felnőtt kutyák számára. Összetétel: Állati fehérjék* (14% baromfi, 4% bárány), kukorica, kukoricaliszt, rizsliszt, árpa, baromfizsír, halliszt (4%, ebből 50% lazacliszt), hemoglobin*, májhidrolizátum, napraforgóolaj, melaszos cukorrépaszelet* (cukormentesített), almatörköly*, kálium-klorid, repceolaj, élesztő*, nátrium-klorid, tengeri alga*, lenmag (0,16%), szárított egész tojás (0,12%), kagylóhús* (0,02%), élesztő* (kivonat), máriatövis, articsóka, gyermekláncfű, gyömbér (0,013%), nyír, csalán, kamilla, koriander, rozmaring, zsálya, édesgyökér, kakukkfű (szárított gyógynövények összesen: 0,16%); *) szárított. Analitikai összetevők: Nyersfehérje 23.0%, nyerszsír 13.0%, nyersrost 2.5%, nyershamu 6.5%, kalcium 1.3%, foszfor 0.9%, nátrium 0.4%, kálium 0.5%, magnézium 0.09%, omega-6 zsírsavak 3.0%, omega-3 zsírsavak 0.3% Adalékanyagok: Vitaminok / kg: A-vitamin (3a672a) 12000 I.E., D3-vitamin (3a671) 1000 I.E., E-vitamin (3a700) 75 mg, B1-vitamin (3a821) 4 mg, B2-vitamin (3a825ii) 6 mg, B6-vitamin (3a831) 4 mg, biotin (3a880) 575 mcg, kalcium-D-pantotenát (3a841) 10 mg, niacin (3a314) 40 mg, B12-vitamin 70 mcg, kolin-klorid (3a890) 60 mg, Nyomelemek / kg: vas (mint 3b103; 3b106) 105 mg, réz (mint 3b405; 3b406) 10 mg, cink (mint 3b603; 3b606; 3b607) 105 mg, mangán (mint 3b502; 3b504) 25 mg, jód (mint 3b202) 2 mg, szelén (mint 3b801; 3b8.12) 0.15 mg, Antioxidánsok; növényi olajok tokoferol-kivonatai 1b306(i). Tovább olvasok"}
{"breadcrumb": "Főoldal/Kutya/Eledelek/Száraz eledelek/Happy Dog Fit&Vital kutya szárazeledel medium adult 12kg", "product_name": "Happy Dog Fit&Vital kutya szárazeledel medium adult 12kgHappy Dog Fit&Vital kutya szárazeledel medium adult 12kg", "brand": "Happy DogFit&Vital10,1 – 12kgFelnőttvegyesközepes testű 11-25kg", "regular_price": "11 499", "selling_price": "9 999", "price_per_unit": "1 kg=1442 Ft", "product_url": "https://webshop.fressnapf.hu/termekek/happy-dog-fitvital-kutya-szarazeledel-medium-adult-12kg/", "product_description": "Maximálisan kiegyensúlyozott eledel, közepes testű kutyáknak Könnyen emészthető és kiegyensúlyozott teljes értékű eledel, közepes méretű kutyáknak. Szeretnéd négylábú barátodat természetközelien és kiegyensúlyozottan extra adag egészséggel ellátni? Akkor a Happy Dog fit & vital pontosan az Igazi – az egészséges fehérje-válogatásért, teljesen a természetet alapul véve, öt különböző fehérjét alkalmazunk: lazac, tengeri hal, tojás, bárány és baromfi. A lazac létfontosságú omega-3 és omega-6 zsírsavakban gazdag – optimális a bőr és szőrzet számára. Könnyen emészthető tengeri hal látja el a szervezetet vitaminokkal, miközben a tojás biológiailag fontos tojásfehérjét, a bárány pedig számos fontos ásványi anyagot szolgáltat. Az összetételt ásványi anyagokban gazdag baromfi teszi tökéletessé, ami létfontosságú nyomelemeket szolgáltat. A Happy Dog fit & vital Medium Adult teljes egészében a felnőtt, közepes méretű (11-25 kg) kutyák számára került kifejlesztésre. Ez a kiegyensúlyozott és ízletes teljes értékű eledel az egyedülálló Happy Dog Natural Life Concept®-en alapul, és értékes új-zélandi zöldkagylót tartalmaz. Fontos omega-3 és omega-6 zsírsavak tesznek jót a bőrnek és szőrzetnek. Ez a rendkívül ízletes receptúra ideális a normál aktivitású, 11 és 25 kg közötti felnőtt kutyák számára. Összetétel: Állati fehérjék* (14% baromfi, 4% bárány), kukorica, kukoricaliszt, rizsliszt, árpa, halliszt (5%, ebből 50% lazacliszt), baromfizsír, hemoglobin*, májhidrolizátum, napraforgóolaj, melaszos cukorrépaszelet* (cukormentesített), almatörköly*, kálium-klorid, repceolaj, élesztő*, nátrium-klorid, tengeri alga*, lenmag (0,16%), szárított egész tojás (0,12%), kagylóhús* (0,02%), élesztő* (kivonat), máriatövis, articsóka, gyermekláncfű, gyömbér (0,013%), nyírfalevél, csalán, kamilla, koriander, rozmaring, zsálya, édesgyökér, kakukkfű (szárított gyógynövények összesen: 0,16%) *) szárított. Analitikai összetevők: Nyersfehérje 24.0%, nyerszsír 13.0%, nyersrost 2.5%, nyershamu 6.5%, kalcium 1.4%, foszfor 0.95%, nátrium 0.4%, kálium 0.5%, magnézium 0.1%, omega-6 zsírsavak 3.0%, omega-3 zsírsavak 0.3% Adalékanyagok: Vitaminok / kg: A-vitamin (3a672a) 12000 I.E., D3-vitamin (3a671) 1000 I.E., E-vitamin (3a700) 75 mg, B1-vitamin (3a821) 4 mg, B2-vitamin (3a825ii) 6 mg, B6-vitamin (3a831) 4 mg, biotin (3a880) 575 mcg, kalcium-D-pantotenát (3a841) 10 mg, niacin (3a314) 40 mg, B12-vitamin 70 mcg, kolin-klorid (3a890) 60 mg, C-vitamin (3a312) 20 mg, Nyomelemek / kg: vas (mint 3b103; 3b106) 105 mg, réz (mint 3b405; 3b406) 10 mg, cink (3b603; 3b606; 3b607) 105 mg, mangán (mint 3b502; 3b504) 25 mg, jód (mint 3b202) 2 mg, szelén (mint 3b801; 3b8.12) 0.15 mg, Antioxidánsok; növényi olajok tokoferol-kivonatai 1b306(i). Tovább olvasok"}
{"breadcrumb": "Főoldal/Kutya/Eledelek/Száraz eledelek/Happy Dog Fit&Vital kutya szárazeledel medium adult 4kg", "product_name": "Happy Dog Fit&Vital kutya szárazeledel medium adult 4kgHappy Dog Fit&Vital kutya szárazeledel medium adult 4kg", "brand": "Happy DogFit&Vital1,1kg – 4kgFelnőttvegyesközepes testű 11-25kg", "regular_price": "9 999", "selling_price": "8 999", "price_per_unit": "1 kg=1875 Ft", "product_url": "https://webshop.fressnapf.hu/termekek/happy-dog-fitvital-kutya-szarazeledel-medium-adult-4kg/", "product_description": "Maximálisan kiegyensúlyozott eledel, közepes testű kutyáknak Könnyen emészthető és kiegyensúlyozott teljes értékű eledel, közepes méretű kutyáknak. Szeretnéd négylábú barátodat természetközelien és kiegyensúlyozottan extra adag egészséggel ellátni? Akkor a Happy Dog fit & vital pontosan az Igazi – az egészséges fehérje-válogatásért, teljesen a természetet alapul véve, öt különböző fehérjét alkalmazunk: lazac, tengeri hal, tojás, bárány és baromfi. A lazac létfontosságú omega-3 és omega-6 zsírsavakban gazdag – optimális a bőr és szőrzet számára. Könnyen emészthető tengeri hal látja el a szervezetet vitaminokkal, miközben a tojás biológiailag fontos tojásfehérjét, a bárány pedig számos fontos ásványi anyagot szolgáltat. Az összetételt ásványi anyagokban gazdag baromfi teszi tökéletessé, ami létfontosságú nyomelemeket szolgáltat. A Happy Dog fit & vital Medium Adult teljes egészében a felnőtt, közepes méretű (11-25 kg) kutyák számára került kifejlesztésre. Ez a kiegyensúlyozott és ízletes teljes értékű eledel az egyedülálló Happy Dog Natural Life Concept®-en alapul, és értékes új-zélandi zöldkagylót tartalmaz. Fontos omega-3 és omega-6 zsírsavak tesznek jót a bőrnek és szőrzetnek. Ez a rendkívül ízletes receptúra ideális a normál aktivitású, 11 és 25 kg közötti felnőtt kutyák számára. Összetétel: Állati fehérjék* (14% baromfi, 4% bárány), kukorica, kukoricaliszt, rizsliszt, árpa, halliszt (5%, ebből 50% lazacliszt), baromfizsír, hemoglobin*, májhidrolizátum, napraforgóolaj, melaszos cukorrépaszelet* (cukormentesített), almatörköly*, kálium-klorid, repceolaj, élesztő*, nátrium-klorid, tengeri alga*, lenmag (0,16%), szárított egész tojás (0,12%), kagylóhús* (0,02%), élesztő* (kivonat), máriatövis, articsóka, gyermekláncfű, gyömbér (0,013%), nyírfalevél, csalán, kamilla, koriander, rozmaring, zsálya, édesgyökér, kakukkfű (szárított gyógynövények összesen: 0,16%) *) szárított. Analitikai összetevők: Nyersfehérje 24.0%, nyerszsír 13.0%, nyersrost 2.5%, nyershamu 6.5%, kalcium 1.4%, foszfor 0.95%, nátrium 0.4%, kálium 0.5%, magnézium 0.1%, omega-6 zsírsavak 3.0%, omega-3 zsírsavak 0.3% Adalékanyagok: Vitaminok / kg: A-vitamin (3a672a) 12000 I.E., D3-vitamin (3a671) 1000 I.E., E-vitamin (3a700) 75 mg, B1-vitamin (3a821) 4 mg, B2-vitamin (3a825ii) 6 mg, B6-vitamin (3a831) 4 mg, biotin (3a880) 575 mcg, kalcium-D-pantotenát (3a841) 10 mg, niacin (3a314) 40 mg, B12-vitamin 70 mcg, kolin-klorid (3a890) 60 mg, C-vitamin (3a312) 20 mg, Nyomelemek / kg: vas (mint 3b103; 3b106) 105 mg, réz (mint 3b405; 3b406) 10 mg, cink (3b603; 3b606; 3b607) 105 mg, mangán (mint 3b502; 3b504) 25 mg, jód (mint 3b202) 2 mg, szelén (mint 3b801; 3b8.12) 0.15 mg, Antioxidánsok; növényi olajok tokoferol-kivonatai 1b306(i). Tovább olvasok"}
{"breadcrumb": "Főoldal/Kutya/Eledelek/Száraz eledelek/Happy Dog Fit&Vital kutya szárazeledel medium/maxi light calorie control 12kg", "product_name": "Happy Dog Fit&Vital kutya szárazeledel medium/maxi light calorie control 12kgHappy Dog Fit&Vital kutya szárazeledel medium/maxi light calorie control 12kg", "brand": "Happy DogFit&Vital10,1 – 12kgFelnőttvegyeshízásra hajlamosközepes testű 11-25kg", "regular_price": "3 499", "selling_price": "2 999", "price_per_unit": "1 kg=1467 Ft", "product_url": "https://webshop.fressnapf.hu/termekek/happy-dog-fitvital-kutya-szarazeledel-medium-maxi-light-calorie-control-12kg/", "product_description": "Enyhe túlsúly esetén, vagy súlyfenntartás céljából Csökkentett zsírtartalmú és laktató teljes értékű eledel enyhe túlsúllyal küzdő kutyáknak, vagy súlyfenntartás céljából.Szeretnéd négylábú barátodat természetközelien és kiegyensúlyozottan extra adag egészséggel ellátni? Akkor a Happy Dog fit & vital pontosan az Igazi – az egészséges fehérje-válogatásért, teljesen a természetet alapul véve, öt különböző fehérjét alkalmazunk: lazac, tengeri hal, tojás, bárány és baromfi. A lazac létfontosságú omega-3 és omega-6 zsírsavakban gazdag – optimális a bőr és szőrzet számára. Könnyen emészthető tengeri hal látja el a szervezetet vitaminokkal, miközben a tojás biológiailag fontos tojásfehérjét, a bárány pedig számos fontos ásványi anyagot szolgáltat. Az összetételt ásványi anyagokban gazdag baromfi teszi tökéletessé, ami létfontosságú nyomelemeket szolgáltat. A Happy Dog fit & vital Light Calorie Control kifejezetten azon kutyák számára került kifejlesztésre, akik zsírszegény étkezést igényelnek, hogy megfelelő testfelépítést tudjanak elérni. Ez az ízletes teljes értékű eledel csupán 7% zsírral és L-karnitinnel segíti az anyagcserét, az együdálló Happy Dog Natural Life Concept®-en alapul, magas rosttartalmának köszönhetően pedig rendkívül laktató. A zsírszegény összetétel ideális azoknak a kutyáknak, akiknek zsírcsökkentett étkezésre van szüksége, vagy súlyfenntartás céljából, pl. diétát követően. *egy hagyományos Medium Adult eledelhez viszonyítva. Összetétel: Állati fehérjék* (16% baromfi, 4% bárány), kukorica, kukoricaliszt, rizsliszt, árpa, lignocellulóz, halliszt (5%, ebből 50% lazacliszt), töpörtyű, májhidrolizátum, melaszos cukorrépaszelet* (cukormentesített), baromfizsír, almatörköly*, kálium-klorid, napraforgóolaj, élesztő*, nátrium-klorid, tengeri alga*, lenmag (0,15%), szárított egész tojás (0,1%), repceolaj, kagylóhús* (0,02%), élesztő* (kivonat), máriatövis, articsóka, gyermekláncfű, gyömbér (0,013%), nyírfalevél, csalán, kamilla, koriander, rozmaring, zsálya, édesgyökér, kakukkfű (szárított gyógynövények összesen 0,15%); *) szárított. Analitikai összetevők: Nyersfehérje 25.5%, nyerszsír 7.0%, nyersrost 6.0%, nyershamu 6.5%, kalcium 1.4%, foszfor 0.9%, nátrium 0.4%, kálium 0.55%, magnézium 0.08%, omega-6 zsírsavak 1.8%, omega-3 zsírsavak 0.2% Adalékanyagok: Vitaminok / kg: A-vitamin (3a672a) 12000 I.E., D3-vitamin (3a671) 1000 I.E., E-vitamin (3a700) 75 mg, B1-vitamin (3a821) 4 mg, B2-vitamin (3a825ii) 6 mg, B6-vitamin (3a831) 4 mg, biotin (3a880) 575 mcg, kalcium-D-pantotenát (3a841) 10 mg, niacin (3a314) 40 mg, B12-vitamin 70 mcg, kolin-klorid (3a890) 60 mg, L-karnitin (3a910) 200 mg, Nyomelemek / kg: vas (mint 3b103; 3b106) 105 mg, réz (mint 3b405; 3b406) 10 mg, cink (mint 3b603; 3b606; 3b607) 105 mg, mangán (3b502; 3b504) 25 mg, jód (3b202) 2 mg, szelén (3b801; 3b8.12) 0.15 mg, Antioxidánsok; növényi olajok tokoferol-kivonatai 1b306(i) Tovább olvasok"}
{"breadcrumb": "Főoldal/Kutya/Eledelek/Száraz eledelek/Happy Dog Fit&Vital kutya szárazeledel medium/maxi light calorie control 4kg", "product_name": "Happy Dog Fit&Vital kutya szárazeledel medium/maxi light calorie control 4kgHappy Dog Fit&Vital kutya szárazeledel medium/maxi light calorie control 4kg", "brand": "Happy DogFit&Vital1,1kg – 4kgFelnőttvegyeshízásra hajlamosközepes testű 11-25kg", "regular_price": "3 699", "selling_price": "3 499", "price_per_unit": "1 kg=1875 Ft", "product_url": "https://webshop.fressnapf.hu/termekek/happy-dog-fitvital-kutya-szarazeledel-medium-maxi-light-calorie-control-4kg/", "product_description": "Enyhe túlsúly esetén, vagy súlyfenntartás céljából Csökkentett zsírtartalmú és laktató teljes értékű eledel enyhe túlsúllyal küzdő kutyáknak, vagy súlyfenntartás céljából.Szeretnéd négylábú barátodat természetközelien és kiegyensúlyozottan extra adag egészséggel ellátni? Akkor a Happy Dog fit & vital pontosan az Igazi – az egészséges fehérje-válogatásért, teljesen a természetet alapul véve, öt különböző fehérjét alkalmazunk: lazac, tengeri hal, tojás, bárány és baromfi. A lazac létfontosságú omega-3 és omega-6 zsírsavakban gazdag – optimális a bőr és szőrzet számára. Könnyen emészthető tengeri hal látja el a szervezetet vitaminokkal, miközben a tojás biológiailag fontos tojásfehérjét, a bárány pedig számos fontos ásványi anyagot szolgáltat. Az összetételt ásványi anyagokban gazdag baromfi teszi tökéletessé, ami létfontosságú nyomelemeket szolgáltat. A Happy Dog fit & vital Light Calorie Control kifejezetten azon kutyák számára került kifejlesztésre, akik zsírszegény étkezést igényelnek, hogy megfelelő testfelépítést tudjanak elérni. Ez az ízletes teljes értékű eledel csupán 7% zsírral és L-karnitinnel segíti az anyagcserét, az együdálló Happy Dog Natural Life Concept®-en alapul, magas rosttartalmának köszönhetően pedig rendkívül laktató. A zsírszegény összetétel ideális azoknak a kutyáknak, akiknek zsírcsökkentett étkezésre van szüksége, vagy súlyfenntartás céljából, pl. diétát követően. *egy hagyományos Medium Adult eledelhez viszonyítva. Összetétel: Állati fehérjék* (16% baromfi, 4% bárány), kukorica, kukoricaliszt, rizsliszt, árpa, lignocellulóz, halliszt (5%, ebből 50% lazacliszt), töpörtyű, májhidrolizátum, melaszos cukorrépaszelet* (cukormentesített), baromfizsír, almatörköly*, kálium-klorid, napraforgóolaj, élesztő*, nátrium-klorid, tengeri alga*, lenmag (0,15%), szárított egész tojás (0,1%), repceolaj, kagylóhús* (0,02%), élesztő* (kivonat), máriatövis, articsóka, gyermekláncfű, gyömbér (0,013%), nyírfalevél, csalán, kamilla, koriander, rozmaring, zsálya, édesgyökér, kakukkfű (szárított gyógynövények összesen 0,15%); *) szárított. Analitikai összetevők: Nyersfehérje 25.5%, nyerszsír 7.0%, nyersrost 6.0%, nyershamu 6.5%, kalcium 1.4%, foszfor 0.9%, nátrium 0.4%, kálium 0.55%, magnézium 0.08%, omega-6 zsírsavak 1.8%, omega-3 zsírsavak 0.2% Adalékanyagok: Vitaminok / kg: A-vitamin (3a672a) 12000 I.E., D3-vitamin (3a671) 1000 I.E., E-vitamin (3a700) 75 mg, B1-vitamin (3a821) 4 mg, B2-vitamin (3a825ii) 6 mg, B6-vitamin (3a831) 4 mg, biotin (3a880) 575 mcg, kalcium-D-pantotenát (3a841) 10 mg, niacin (3a314) 40 mg, B12-vitamin 70 mcg, kolin-klorid (3a890) 60 mg, L-karnitin (3a910) 200 mg, Nyomelemek / kg: vas (mint 3b103; 3b106) 105 mg, réz (mint 3b405; 3b406) 10 mg, cink (mint 3b603; 3b606; 3b607) 105 mg, mangán (3b502; 3b504) 25 mg, jód (3b202) 2 mg, szelén (3b801; 3b8.12) 0.15 mg, Antioxidánsok; növényi olajok tokoferol-kivonatai 1b306(i) Tovább olvasok"}
{"breadcrumb": "Főoldal/Kutya/Eledelek/Száraz eledelek/Happy Dog Fit&Vital kutya szárazeledel medium/maxi senior 12kg", "product_name": "Happy Dog Fit&Vital kutya szárazeledel medium/maxi senior 12kgHappy Dog Fit&Vital kutya szárazeledel medium/maxi senior 12kg", "brand": "Happy DogFit&Vital10,1 – 12kgIdősvegyesközepes testű 11-25kg", "regular_price": "3 799", "selling_price": "3 299", "price_per_unit": "1 kg=1458 Ft", "product_url": "https://webshop.fressnapf.hu/termekek/happy-dog-fitvital-kutya-szarazeledel-medium-maxi-senior-12kg/", "product_description": "A legjobb fehérjékkel a legjobb életkorban. Könnyen emészthető és kiegyensúlyozott teljes értékű eledel a harmadik életszakaszban lévő kutyáknak. Szeretnéd négylábú barátodat természetközelien és kiegyensúlyozottan extra adag egészséggel ellátni? Akkor a Happy Dog fit & vital pontosan az Igazi – az egészséges fehérje-válogatásért, teljesen a természetet alapul véve, öt különböző fehérjét alkalmazunk: lazac, tengeri hal, tojás, bárány és baromfi. A lazac létfontosságú omega-3 és omega-6 zsírsavakban gazdag – optimális a bőr és szőrzet számára. Könnyen emészthető tengeri hal látja el a szervezetet vitaminokkal, miközben a tojás biológiailag fontos tojásfehérjét, a bárány pedig számos fontos ásványi anyagot szolgáltat. Az összetételt ásványi anyagokban gazdag baromfi teszi tökéletessé, ami létfontosságú nyomelemeket szolgáltat. A Happy Dog fit & vital Senior kifejezetten az idősebb kutyák igényeinek megfelelően került kifejlesztésre, mivel az évek számának növekedésével megváltozik a szervek anyagcseréje. Ez az ízletes és könnyen emészthető teljes értékű eledel optimális fehérje-, foszfor-, és nátrium-tartalommal kíméli a szerveket, és az egyedülálló Happy Dog Natural Life Concept®-en alapul. A szerveket kímélő összetétel idősebb számára alkalmas, támogatja a vitalitást és az életörömöt idősebb korban is. Összetétel: Állati fehérjék* (9% baromfi, 4% bárány), rizs, rizsliszt, kukorica, kukoricaliszt, árpa, halliszt (4%, ebből 50% lazacliszt), töpörtyű, baromfizsír, májhidrolizátum, napraforgóolaj, melaszos cukorrépaszelet* (cukormentesített), almatörköly*, kálium-klorid, repceolaj, élesztő*, nátrium-klorid, tengeri alga*, lenmag (0,16%), szárított egész tojás (0,12%), cikóriagyökér* (kivonat) (0,05), kagylóhús* (0,02%), élesztő* (kivonat), máriatövis, articsóka, gyermekláncfű, gyömbér (0,013%), nyírfalevél, csalán, kamilla, koriander, rozmaring, zsálya, édesgyökér, kakukkfű, (szárított gyógynövények összesen: 0,16%); *) szárított. Analitikai összetevők: Nyersfehérje 21.0%, nyerszsír 10.0%, nyersrost 2.5%, nyershamu 5.5%, kalcium 1.0%, foszfor 0.75%, nátrium 0.35%, magnézium 0.08%, kálium 0.5%, omega-6 zsírsavak 3.0%, omega-3 zsírsavak 0.3% Adalékanyagok: Vitaminok / kg: A-vitamin (3a672a) 12000 I.E., D3-vitamin (3a671) 1000 I.E., E-vitamin (3a700) 75 mg, B1-vitamin (3a821) 4 mg, B2-vitamin (3a825ii) 6 mg, B6-vitamin (3a831) 4 mg, biotin (3a880) 575 mcg, kalcium-D-pantotenát (3a841) 10 mg, niacin (3a314) 40 mg, B12-vitamin 70 mcg, kolin-klorid (3a890) 60 mg, C-vitamin (3a312) 20 mg, L-karnitin (3a910) 200 mg, Nyomelemek / kg: vas (mint 3b103; 3b106) 105 mg, réz (mint 3b405; 3b406) 10 mg, Cink (3b603; 3b606; 3b607) 105 mg, mangán (3b502; 3b504) 25 mg, jód (3b202) 2 mg, szelén (3b801; 3b8.12) 0.15 mg, Antioxidánsok; növényi olajok tokoferol-kivonata i1b306(i). Tovább olvasok"}
{"breadcrumb": "Főoldal/Kutya/Eledelek/Száraz eledelek/Happy Dog Fit&Vital kutya szárazeledel medium/maxi senior 4kg", "product_name": "Happy Dog Fit&Vital kutya szárazeledel medium/maxi senior 4kgHappy Dog Fit&Vital kutya szárazeledel medium/maxi senior 4kg", "brand": "Happy DogFit&Vital1,1kg – 4kgIdősvegyesközepes testű 11-25kg", "regular_price": "3 699", "selling_price": "3 299", "price_per_unit": "1 kg=1850 Ft", "product_url": "https://webshop.fressnapf.hu/termekek/happy-dog-fitvital-kutya-szarazeledel-medium-maxi-senior-4kg/", "product_description": "A legjobb fehérjékkel a legjobb életkorban. Könnyen emészthető és kiegyensúlyozott teljes értékű eledel a harmadik életszakaszban lévő kutyáknak. Szeretnéd négylábú barátodat természetközelien és kiegyensúlyozottan extra adag egészséggel ellátni? Akkor a Happy Dog fit & vital pontosan az Igazi – az egészséges fehérje-válogatásért, teljesen a természetet alapul véve, öt különböző fehérjét alkalmazunk: lazac, tengeri hal, tojás, bárány és baromfi. A lazac létfontosságú omega-3 és omega-6 zsírsavakban gazdag – optimális a bőr és szőrzet számára. Könnyen emészthető tengeri hal látja el a szervezetet vitaminokkal, miközben a tojás biológiailag fontos tojásfehérjét, a bárány pedig számos fontos ásványi anyagot szolgáltat. Az összetételt ásványi anyagokban gazdag baromfi teszi tökéletessé, ami létfontosságú nyomelemeket szolgáltat. A Happy Dog fit & vital Senior kifejezetten az idősebb kutyák igényeinek megfelelően került kifejlesztésre, mivel az évek számának növekedésével megváltozik a szervek anyagcseréje. Ez az ízletes és könnyen emészthető teljes értékű eledel optimális fehérje-, foszfor-, és nátrium-tartalommal kíméli a szerveket, és az egyedülálló Happy Dog Natural Life Concept®-en alapul. A szerveket kímélő összetétel idősebb számára alkalmas, támogatja a vitalitást és az életörömöt idősebb korban is. Összetétel: Állati fehérjék* (9% baromfi, 4% bárány), rizs, rizsliszt, kukorica, kukoricaliszt, árpa, halliszt (4%, ebből 50% lazacliszt), töpörtyű, baromfizsír, májhidrolizátum, napraforgóolaj, melaszos cukorrépaszelet* (cukormentesített), almatörköly*, kálium-klorid, repceolaj, élesztő*, nátrium-klorid, tengeri alga*, lenmag (0,16%), szárított egész tojás (0,12%), cikóriagyökér* (kivonat) (0,05), kagylóhús* (0,02%), élesztő* (kivonat), máriatövis, articsóka, gyermekláncfű, gyömbér (0,013%), nyírfalevél, csalán, kamilla, koriander, rozmaring, zsálya, édesgyökér, kakukkfű, (szárított gyógynövények összesen: 0,16%); *) szárított. Analitikai összetevők: Nyersfehérje 21.0%, nyerszsír 10.0%, nyersrost 2.5%, nyershamu 5.5%, kalcium 1.0%, foszfor 0.75%, nátrium 0.35%, magnézium 0.08%, kálium 0.5%, omega-6 zsírsavak 3.0%, omega-3 zsírsavak 0.3% Adalékanyagok: Vitaminok / kg: A-vitamin (3a672a) 12000 I.E., D3-vitamin (3a671) 1000 I.E., E-vitamin (3a700) 75 mg, B1-vitamin (3a821) 4 mg, B2-vitamin (3a825ii) 6 mg, B6-vitamin (3a831) 4 mg, biotin (3a880) 575 mcg, kalcium-D-pantotenát (3a841) 10 mg, niacin (3a314) 40 mg, B12-vitamin 70 mcg, kolin-klorid (3a890) 60 mg, C-vitamin (3a312) 20 mg, L-karnitin (3a910) 200 mg, Nyomelemek / kg: vas (mint 3b103; 3b106) 105 mg, réz (mint 3b405; 3b406) 10 mg, Cink (3b603; 3b606; 3b607) 105 mg, mangán (3b502; 3b504) 25 mg, jód (3b202) 2 mg, szelén (3b801; 3b8.12) 0.15 mg, Antioxidánsok; növényi olajok tokoferol-kivonata i1b306(i). Tovább olvasok"}
{"breadcrumb": "Főoldal/Kutya/Eledelek/Száraz eledelek/Happy Dog Fit&Vital Light Calorie Control mini száraz kutyaeledel 800g", "product_name": "Happy Dog Fit&Vital Light Calorie Control mini száraz kutyaeledel 800gHappy Dog Fit&Vital Light Calorie Control mini száraz kutyaeledel 800g", "brand": "Happy DogFit&Vital601g – 800gFelnőttszárnyashízásra hajlamoskistestű 10kg-ig", "regular_price": "11 499", "selling_price": "9 999", "price_per_unit": "1 KG=3499 Ft", "product_url": "https://webshop.fressnapf.hu/termekek/happy-dog-fitvital-light-calorie-control-mini-szaraz-kutyaeledel-800g/", "product_description": "Alacsony zsírtartalmú és laktató, teljes értékű eledel kistestű, enyhén túlsúlyos kutyáknak vagy a testsúly fenntartására A Happy Dog Fit & Vital Mini Light Light Calorie Control tökéletesen igazodik a kistestű kutyák igényeihez, amelyeknek a megfelelő testfelépítés fenntartásához alacsony zsírtartalmú táplálékra van szükségük. Az ízletes, mindössze 7,5% zsírtartalmú, az anyagcserét támogató L-karnitinnel ellátott teljes értékű eledel az egyedülálló Happy Dog Natural Life Concept® alapján készült, és magas rosttartalmának köszönhetően különösen laktató. A zsírszegény receptúra ideális a 10 kg-ig terjedő súlyú kutyák számára, akiknek alacsony zsírtartalmú étrendre van szükségük, valamint a testsúly fenntartására, pl. diéta után. Összetétel: Állati fehérjék* (baromfi 16%, bárány 4%), kukoricaliszt, kukorica, rizs, árpa, lignocellulóz (5,8%), halliszt (5%, ebből 50% lazacliszt), zsiradék, hidrolizált fehérje, cukrozatlan répamelaszpép*, olajok és zsírok, almatörköly*, kálium-klorid, élesztő*, nátrium-klorid, tengeri moszat*, lenmag (0,16%), szárított egész tojás (0,1%), máriatövis, kagylóhús* (0,02%), yucca schidigera*, élesztő* (extrahálva), articsóka, gyermekláncfű, gyömbér (0,015%), nyírfalevél, csalán, kamilla, koriander, rozmaring, zsálya, édesgyökér, kakukkfű (szárított gyógynövények összesen: 0,15 %); *) szárítva. Analitikai összetevők: nyersfehérje 26,0 %, nyerszsír 7,5 %, nyersrost 5,5 %, nyershamu 7,0 %, kalcium 1,45 %, foszfor 1,0 %, nátrium 0,35 %, omega-6 zsírsavak 1,7 %, omega-3 zsírsavak 0,2 %. Energiaérték: 3245 kcal/kg. Adalékanyagok: Vitaminok/kg: A-vitamin (3a672a) 17000 NE, D3-vitamin (3a671) 900 NE, L-karnitin (3a910) 500 mg. Nyomelemek/kg: Vas (mint 3b103) 50 mg, réz (mint 3b405 ) 10 mg, cink (mint 3b603, 3b606) 100 mg, mangán (mint 3b502) 25 mg, jód (mint 3b202) 2 mg, szelén (mint 3b801) 0,1 mg. Antioxidáns, tokoferol kivonatok növényi olajokból 1b306(i) Tovább olvasok"}
{"breadcrumb": "Főoldal/Kutya/Eledelek/Száraz eledelek/Happy Dog Fit&Vital mini senior száraz kutyaeledel 800g", "product_name": "Happy Dog Fit&Vital mini senior száraz kutyaeledel 800gHappy Dog Fit&Vital mini senior száraz kutyaeledel 800g", "brand": "Happy DogFit&Vital601g – 800gIdősvegyesidőskori egészséges tápláláskistestű 10kg-ig", "regular_price": "3 499", "selling_price": "2 999", "price_per_unit": "1 kg=3124 Ft", "product_url": "https://webshop.fressnapf.hu/termekek/happy-dog-fitvital-mini-senior-szaraz-kutyaeledel-800g/", "product_description": "A Happy Dog Fit Vital Mini Senior tökéletesen igazodik az idősebb, legfeljebb 10 kg-os kutyák igényeihez, mivel a korral megváltozik a szervi anyagcsere. Az ízletes és könnyen emészthető, optimális fehérje-, foszfor- és nátriumtartalmú teljes értékű eledel az egyedülálló Happy Dog Natural Life Concept alapján készült. A receptúra enyhén csökkentett energiatartalommal ideális az idősebb kutyák számára, és támogatja a vitalitást és az életörömöt idős korban is. Összetevők: Rizs, kukorica, dara, árpa, állati fehérjék* (baromfi 4 %, bárány 4 %), olajok és zsírok, halliszt (5 %, ebből 50 % lazacliszt), hidrolizált fehérje, cukortalanított cukorrépa-melasz*, almapogácsa*, kálium-klorid, élesztő*, nátrium-klorid, tengeri moszat*, lenmag (0,15 %), szárított egész tojás (0,1 %), cikóriapor, máriatövis, kagylóhús* (0,02%), yucca schidigera*, élesztő* (kivonva), articsóka, gyermekláncfű, gyömbér (0,014%), nyírfalevél, csalán, kamilla, koriander, rozmaring, zsálya, édesgyökér, kakukkfű (szárított gyógynövények összesen: 0,14 %); *) szárítva. Analitikai összetevők: nyersfehérje 23,5 %, nyerszsír 11,0 %, nyersrost 2,0 %, nyershamu 6,0 %, kalcium 0,9 %, foszfor 0,65 %, nátrium 0,3 %, omega-6 zsírsavak 2,5 %, omega-3 zsírsavak 0,3 %. Adalékanyagok: Vitaminok/kg: D3-vitamin (3a671) 850 NE, E-vitamin (mint 3a700) 115 mg, C-vitamin (mint 3a312) 30 mg, L-Carnitin (3a910) 200 mg. Nyomelemek/kg: Vas (mint 3b103) 65 mg, réz (mint 3b405) 13 mg, cink (mint 3b603, 3b606) 120 mg, mangán (mint 3b502) 28 mg, jód (mint 3b202) 2,5 mg, szelén (mint 3b801) 0,15 mg. Antioxidáns, növényi olajok tokoferol-kivonatai 1b306(i). Tovább olvasok"}
{"breadcrumb": "Főoldal/Kutya/Eledelek/Száraz eledelek/Happy Dog Fit&Vital Puppy száraz kutyaeledel 4kg", "product_name": "Happy Dog Fit&Vital Puppy száraz kutyaeledel 4kgHappy Dog Fit&Vital Puppy száraz kutyaeledel 4kg", "brand": "Happy DogFit&Vital1,1kg – 4kgKölyökszárnyasgabonamentes", "regular_price": "3 799", "selling_price": "3 299", "price_per_unit": "1 kg=1987 Ft", "product_url": "https://webshop.fressnapf.hu/termekek/happy-dog-fitvital-puppy-szaraz-kutyaeledel-4kg/", "product_description": "A Happy Dog Baby Original gabonamentes szárazeledelt különösen az érzékeny kölyökkutyáknak fejlesztettük ki, mely 4 hetes kortól adható. A tökéletesített étrend elősegíti az optimális fejlődést. A gluténmentes recept a jó minőségű Új-Zélandi zöldajkú kagyló mellett további 5 fehérjeforrást tartalmaz, mely hozzájárul a kiegyensúlyozott étrendhez és az optimális fejlődéshez. A szív alakú tápszemek különösen könnyen emészthetők. Ideális esetben kutyákat fokozatosan lehet átszoktatni erről az eledelről a Happy Dog Junior Original eledelre 7 hónapos kortól, mely alacsonyabb energiatartalommal rendelkezik a túlsúly kialakulásának megelőzése érdekében. Németországban gyártva, szigorú minőségi követelményeknek megfelelően. Egyedi szív alakú tápszemek – könnyebb rágás és emésztés érdekében Gluténmentes Tápláló Új-Zélandi kagyló Összetevők: Szárnyasfehérje* (18%), kukoricaliszt, rizsliszt, teperttő, szárnyaszsír, halliszt (5%, ebből 50% lazacliszt), bárányfehérje* (4%), napraforgóolaj, cukrortalanított répamelasz*, hidrolizált máj, almatörköly*, cellulóz, repceolaj, kálium-klorid, élesztő*, nátrium-klorid, szárított egész tojás (0,2%), tengeri alga*, lenmag (0,16%), psylliumhéj, kagylóhús* (0,05%), yucca schidigera* , élesztő* (extrahált), máriatövis, articsóka, gyermekláncfű, gyömbér (0,013%), nyírfalevél, csalán, kamilla, koriander, rozmaring, zsálya, édesgyökér, kakukkfű (összes szárított gyógynövény 0,16%). * = szárított. Adalékanyagok: Tápértékkel rendelkező adalékanyagok: A-vitamin (17.000 NE/kg), D3-vitamin (1.000 NE/kg), E-vitamin (125 mg/kg), B1-vitamin (4 mg/kg), B2-vitamin (4 mg/kg), B6-vitamin (4 mg/kg), biotin (495 mcg/kg), kalcium-D-pantotenát (10 mg/kg), niacin (50 mg/kg), B12-vitamin (70 mcg/kg), C-vitamin (30 mg/kg), kolin-klorid (55 mg/kg), vas (65 mg/kg), réz (14 mg/kg), cink [cink-oxid formájában] (100 mg/kg), cink [aminosav-cink-kelát, hidrát formájában] (125 mg/kg), mangán (30 mg/kg), jód (2,5 mg/kg), szelén (0,2 mg/kg). Technológiai adalékanyagok: Antioxidánsok, növényi olajokból származó tokoferol-kivonatok. Analitikai összetevők: fehérje 30.0 %, nyerszsír 16.0 %, nyersrost 2.5 %, hamu 7.5 %, kalcium 1.5 %, foszfor 1.1 %, magnézium 0.08 %, kálium 0.5 %, nátrium 0.4 %, Omega-3 zsírsavak 0.3 %, Omega-6 zsírsavak 3.1 % Tovább olvasok"}
{"breadcrumb": "Főoldal/Kutya/Eledelek/Jutalomfalatok&rágcsák/Happy Dog Ireland Snack Soft kutya jutalomfalat 100g", "product_name": "Happy Dog Ireland Snack Soft kutya jutalomfalat 100gHappy Dog Ireland Snack Soft kutya jutalomfalat 100g", "brand": "Happy Dog0g – 100gFelnőttvegyesgabonamentespuha falatok", "regular_price": "849", "selling_price": "", "price_per_unit": "1 kg=8490 Ft", "product_url": "https://webshop.fressnapf.hu/termekek/happy-dog-ireland-snack-soft-kutya-jutalomfalat-100g/", "product_description": "Kiegészítő állateledel lazaccal és nyúllal felnőtt kutyák számára. – Puha, szív alakú jutalomfalat – Gabonamentes összetétel – Hozzáadott cukor nélkül – A szép bőrért és fényes szőrért – Lazacos és nyulas Összetétel: Növényi melléktermék, teljes kiőrlésű zabliszt, lazacliszt (10%), árpa, kukoricaliszt, nyújfehérje* (6%), májhidrolizátum, baromfizsír, húsliszt, hemoglobin*, szárított tojáspor,kálium-klorid, élesztő*, nátrium-klorid, tengeri alga*, kagylóhús* élesztő* (kivonat) *szárított Adalékanyagok/kg: Vitaminok: A-vitamin (3a672a) 9500 NE, D3-vitamin (3a671) 950 NE. Antioxidánsok: Növényi olajokból származó tokoferol kivonatok (1b306(i)). Nyomelemek: vas (3b103) 80 mg, réz (3b405) 8 mg, cink (3b603, 3b606) 100 mg, mangán (3b502) 20 mg, jód (3b202) 1,5 mg, szelén (3b801) 0,1 mg. Tovább olvasok"}
{"breadcrumb": "Főoldal/Kutya/Eledelek/Száraz eledelek/Happy Dog kutya szárazeledel Canada 4kg", "product_name": "Happy Dog kutya szárazeledel Canada 4kgHappy Dog kutya szárazeledel Canada 4kg", "brand": "Happy DogSensible1,1kg – 4kgFelnőttvegyesközepes testű 11-25kg", "regular_price": "3 499", "selling_price": "2 999", "price_per_unit": "1 kg=2825 Ft", "product_url": "https://webshop.fressnapf.hu/termekek/happy-dog-kutya-szarazeledel-canada-4kg/", "product_description": "Gabona nélkül – rendkívül ízletes! – gabonamentes – válogatott fehérjék – érzékeny és aktív felnőtt kutyák számára A gabonamentes táplálkozás a legjobb választás az érzékeny kutyák esetében. A Happy Dog Canada eledelt kifejezetten a kissé magasabb energiaszükségletű aktív felnőtt kutyák számára fejlesztettük ki. Ideális érzékeny fiatal kutyák számára is 6 hónapos kortól. A Canada rendkívül ízletes teljes értékű szuper prémium eledel, amely finom lazacból, ízletes nyúl- és bárányhúsból, valamint gluténmentes burgonyából készül. Ezt a különleges receptet az egyedülálló Happy Dog Natural Life Concept® természetes összetevői teszik teljessé. Összetétel: burgonyaszirom* (47%), lazacliszt (10%), nyúlfehérje* (10%), bárányfehérje* (10%), szárnyaszsír, burgonyafehérje, melaszos cukorrépaszelet* (cukormentesített), májhidrolizátum, napraforgóolaj (1,5%), almatörköly* (1,0%), cellulóz, szárított egész tojás, repceolaj (0,5%), lenmag (0,4%), natrium-klorid, élesztő*, káliumklorid, vörösáfonya* (0,22%), tengeri algák* (0,15%), kagylóhús* (0,04%), yucca schidigera* (0,02%), máriatövis, articsóka, gyermekláncfű, gyömbér, nyírfalevelek, csalán, kamilla, koriander, rozmaring, zsálya, édesgyökér, kakukkfű, élesztő(kivonat)*; szárított gyógynövények összesen: 0,15%. *szárított Analitikai összetevők: nyersfehérje 25.0%, nyerszsír 14.0%, nyersrost 3.0%, nyershamu 7.5%, kalcium 1.45%, foszfor 0.95%, nátrium 0.45%, omega-6 zsírsavak 0.8%, omega-3 zsírsavak 0.12%. Adalékanyagok: vitaminok/kg: A-vitamin (3a672a) 12000 I.E., D3-vitamin (E671) 1200 I.E., E-vitamin (all-rac-alfa-tokoferil-acetát 3a700) 75 mg, B1-vitamin (tiamin-mononitrát 3a821) 4 mg, B2-vitamin (riboflavin) 6 mg, B6-vitamin (piridoxin-hidroklorid 3a831) 4 mg, D-(+)-biotin (3a880) 575 mcg, Kalcium-D-pantotenát (3a841) 10 mg, niacin (3a314) 40 mg, B12-vitamin 70 mcg, kolin-klorid (3a890). Antioxidánsok: Növényi olajokból származó tokoferol kivonatok 1b306(i). Nyomelemek/kg: vas (E1 60 mg, vas(II)-szulfát- monohidrát) 110 mg, réz(E4 10 mg, réz(II)-szulfát 110 mg, pentahidrát) 25 mg, cink(cink-oxid 3b603 135 mg, aminosavak cink-kelátja Mangan 25 mg, hidrát 3b606) 2 mg, mangán (E5; mangán(II)-oxid) 0.15 mg, jód(vízmentes kalcium-jodát 3b202) , szelén(E8 , nátrium-szelenit) . Tovább olvasok"}
{"breadcrumb": "Főoldal/Kutya/Eledelek/Száraz eledelek/Happy Dog kutya szárazeledel Ireland 4kg", "product_name": "Happy Dog kutya szárazeledel Ireland 4kgHappy Dog kutya szárazeledel Ireland 4kg", "brand": "Happy DogSensible1,1kg – 4kgFelnőttvegyesközepes testű 11-25kg", "regular_price": "3 799", "selling_price": "3 299", "price_per_unit": "1 kg=2000 Ft", "product_url": "https://webshop.fressnapf.hu/termekek/happy-dog-kutya-szarazeledel-ireland-4kg/", "product_description": "Állatian ír, lazaccal és nyúlhússal. – 12% lazaccal – optimális a bőr és a szőrzet számára – válogatott fehérjék – érzékeny kutyák számára is – értékes új-zélandi kagyló – különösen kiegyensúlyozott és könnyen emészthető A különlegeset kereső, érzékeny vagy válogatós ínyencek számára egyedülálló lehetőséget kínál a Happy Dog: az ellenállhatatlan Ireland teljes értékű szuper prémium eledel, amely finom lazacból és ízletes nyúlból készül. A gondosan kiválasztott (bárány- és baromfifehérje, rizs, szója és gabona nélküli) összetevőknek, a különösen kíméletes gyártási folyamatnak és a különleges eljárással meghatározott fehérje- és energiatartalomnak köszönhetően a Happy Dog Ireland speciális igényű, érzékeny kutyák tudatos táplálására is kitűnően alkalmazható. A krokettek mérete optimális a közepes és nagytestű kutyafajok fogazatához. Ezt a különleges receptet az egyedülálló Happy Dog Natural Life Concept® természetes összetevői teszik teljessé. Németországban készült, szigorú minőség-ellenőrzési eljárások mellett. Összetétel: teljes kiőrlésű zabliszt, lazacliszt (13%), árpa, nyúlfehérje* (8%), kukoricaliszt, burgonyapehely, baromfizsír, répapépmelasz* (cukormentesített), májhidrolizátum, húsliszt, hemoglobin*, almatörköly* (0,9%), kálium-klorid, szárított egésztojás, élesztő*, nátrium-klorid, tengeri algák* (0,15%), lenmag (0,15%), kagylóhús* (0,05%), yucca schidigera* (0,02%), élesztő* (kivonat), máriatövis, articsóka, gyermekláncfű, gyömbér, nyírfalevél, csalán, kamilla, koriander, rozmaring, zsálya, édesgyökér, kakukkfű; szárított fűszerek összesen: 0,17%. *szárított Analitikai összetevők: Nyersfehérje 21%, nyerszsír 10%, nyersrost 3%, nyershamu 6.5%, kalcium 1.1%, foszfor 0.8%, nátrium 0.45%, omega-6 zsírsavak 0.6%, omega-3 zsírsavak 0.1%. Adalékanyagok: vitaminok / kg: A vitamin (E672) 12000 I.E., D3 vitamin (E671) 1200 I.E., E vitamin (all-rac-alfa-tokoferil-acetát 3a700) 75 mg, B1 vitamin (tiamin-mononitrát) 4 mg, B2 vitamin (riboflavin) 6 mg, B6 vitamin (piridoxin-hidroklorid 3a831) 4 mg, D (+) biotin 575 mcg, kalcium-D-pantotenát 10 mg, niacin 40 mg, B12 vitamin 70 mcg, kolin-klorid 60 mg, antioxidánsok: magas tokoferoltartalmú természetes eredetű kivonatok. Nyomelemek / kg: Vas (E1; vas(II)szulfát; monohidrát) 110 mg, réz (E4; réz(II)szulfát; pentahidrát) 10 mg, cink (E6; cinkoxid 110 mg, aminosav-cinkkelát; hidrát 25 mg,) 135 mg, mangán (E5; mangán(II)oxid) 25 mg, jód (E2; kalcium-jodát; vízmentes) 2 mg, szelén (E8; nátrium-szelenit) 0.15 mg. Tovább olvasok"}
{"breadcrumb": "Főoldal/Kutya/Eledelek/Száraz eledelek/Happy Dog kutya szárazeledel Neuseeland 1kg", "product_name": "Happy Dog kutya szárazeledel Neuseeland 1kgHappy Dog kutya szárazeledel Neuseeland 1kg", "brand": "Happy DogSensible801g – 1kgFelnőttjuh&bárány&kecskeközepes testű 11-25kg", "regular_price": "3 799", "selling_price": "3 299", "price_per_unit": "1 kg=2699 Ft", "product_url": "https://webshop.fressnapf.hu/termekek/happy-dog-kutya-szarazeledel-neuseeland-1kg/", "product_description": "A világ másik végéről inspirált emészthetőség. – különösen gyomor- és bélbarát – 21% bárányhússal és eredeti új-zélandi kagylóval – gluténmentes összetevők – érzékeny kutyák számára is A különösen ízletes és rendkívül könnyen emészthető, teljes értékű szuper prémium Happy Dog Neuseeland 21% bárányhúst tartalmaz, melyet az értékes új-zélandi zöldajkú kagyló húsa tesz még ízletesebbé. A speciális krokettek ideálisak valamennyi közepes- és nagytestű ínyenc számára, akik a különlegeset keresik vagy nagyon válogatósak. Különösen alkalmas érzékeny kutyák tudatos táplálására is: a Neuseeland gondosan válogatott összetevőket tartalmaz, különösen kíméletes gyártási eljárással készül és meghatározott fehérje- és energiatartalommal rendelkezik. Ezt a különleges receptet az egyedülálló Happy Dog Natural Life Concept® természetes összetevői teszik teljessé. Németországban készült, szigorú minőség-ellenőrzési eljárások mellett. Összetétel: bárányhúsfehérje* (21%), rizsliszt (21%), kukoricaliszt, kukorica, rizsfehérje* (9%), szárnyaszsír, májhidrolizátum, melaszos cukorrépaszelet* (cukormentesített), napraforgóolaj, almatörköly* (1%), repceolaj, szárított tojáspor, nátriumklorid, élesztő*, káliumklorid, tengeri algák* (0,15%), lenmag (0,15%), kagylóhús* (0,05%), máriatövis, articsóka, gyermekláncfű, gyömbér, nyírfalevelek, csalán, kamilla, koriander, rozmaring, zsálya, édesgyökér, kakukkfű, élesztő(kivonat)*; szárított füszerek összesen: 0,14%. *szárított Analitikai összetevők: nyersfehérje 21%, nyerszsír 12%, nyersrost 3%, nyershamu 7.5%, kalcium 1.6%, foszfor 1.05%, nátrium 0.35%, omega-6 zsírsavak 0.55%, omega-3 zsírsavak 0.09%. Adalékanyagok: vitaminok / kg: A vitamin (E672) 12000 I.E., D3 vitamin (E671) 1200 I.E., E vitamin (all-rac-alfa-tokoferil-acetát 3a700) 75 mg, B1 vitamin (tiamin-mononitrát) 4 mg, B2 vitamin (riboflavin) 6 mg, B6 vitamin (piridoxin-hidroklorid 3a831) 4 mg, D (+) biotin 575 mcg, kalcium-D-pantotenát 10 mg, niacin 40 mg, B12 vitamin 70 mcg, kolin-klorid 60 mg, taurin 500 mg, antioxidánsok: magas tokoferoltartalmú természetes eredetű kivonatok. Nyomelemek / kg: Vas (E1; vas(II)szulfát; monohidrát) 110 mg, réz (E4; réz(II)szulfát; pentahidrát) 10 mg, cink (E6; cinkoxid 110 mg, aminosav-cinkkelát; hidrát 25 mg,) 135 mg, mangán (E5; mangán(II)oxid) 25 mg, jód (E2; kalcium-jodát; vízmentes) 2 mg, szelén (E8; nátrium-szelenit) 0.15 mg. Tovább olvasok"}
{"breadcrumb": "Főoldal/Kutya/Eledelek/Száraz eledelek/Happy Dog kutya szárazeledel Neuseeland 4kg", "product_name": "Happy Dog kutya szárazeledel Neuseeland 4kgHappy Dog kutya szárazeledel Neuseeland 4kg", "brand": "Happy DogSensible1,1kg – 4kgFelnőttjuh&bárány&kecskeközepes testű 11-25kg", "regular_price": "3 699", "selling_price": "3 299", "price_per_unit": "1 kg=1950 Ft", "product_url": "https://webshop.fressnapf.hu/termekek/happy-dog-kutya-szarazeledel-neuseeland-4kg/", "product_description": "A világ másik végéről inspirált emészthetőség. – különösen gyomor- és bélbarát – 21% bárányhússal és eredeti új-zélandi kagylóval – gluténmentes összetevők – érzékeny kutyák számára is A különösen ízletes és rendkívül könnyen emészthető, teljes értékű szuper prémium Happy Dog Neuseeland 21% bárányhúst tartalmaz, melyet az értékes új-zélandi zöldajkú kagyló húsa tesz még ízletesebbé. A speciális krokettek ideálisak valamennyi közepes- és nagytestű ínyenc számára, akik a különlegeset keresik vagy nagyon válogatósak. Különösen alkalmas érzékeny kutyák tudatos táplálására is: a Neuseeland gondosan válogatott összetevőket tartalmaz, különösen kíméletes gyártási eljárással készül és meghatározott fehérje- és energiatartalommal rendelkezik. Ezt a különleges receptet az egyedülálló Happy Dog Natural Life Concept® természetes összetevői teszik teljessé. Németországban készült, szigorú minőség-ellenőrzési eljárások mellett. Összetétel: bárányhúsfehérje* (21%), rizsliszt (21%), kukoricaliszt, kukorica, rizsfehérje* (9%), szárnyaszsír, májhidrolizátum, melaszos cukorrépaszelet* (cukormentesített), napraforgóolaj, almatörköly* (1%), repceolaj, szárított tojáspor, nátriumklorid, élesztő*, káliumklorid, tengeri algák* (0,15%), lenmag (0,15%), kagylóhús* (0,05%), máriatövis, articsóka, gyermekláncfű, gyömbér, nyírfalevelek, csalán, kamilla, koriander, rozmaring, zsálya, édesgyökér, kakukkfű, élesztő(kivonat)*; szárított füszerek összesen: 0,14%. *szárított Analitikai összetevők: nyersfehérje 21%, nyerszsír 12%, nyersrost 3%, nyershamu 7.5%, kalcium 1.6%, foszfor 1.05%, nátrium 0.35%, omega-6 zsírsavak 0.55%, omega-3 zsírsavak 0.09%. Adalékanyagok: vitaminok / kg: A vitamin (E672) 12000 I.E., D3 vitamin (E671) 1200 I.E., E vitamin (all-rac-alfa-tokoferil-acetát 3a700) 75 mg, B1 vitamin (tiamin-mononitrát) 4 mg, B2 vitamin (riboflavin) 6 mg, B6 vitamin (piridoxin-hidroklorid 3a831) 4 mg, D (+) biotin 575 mcg, kalcium-D-pantotenát 10 mg, niacin 40 mg, B12 vitamin 70 mcg, kolin-klorid 60 mg, taurin 500 mg, antioxidánsok: magas tokoferoltartalmú természetes eredetű kivonatok. Nyomelemek / kg: Vas (E1; vas(II)szulfát; monohidrát) 110 mg, réz (E4; réz(II)szulfát; pentahidrát) 10 mg, cink (E6; cinkoxid 110 mg, aminosav-cinkkelát; hidrát 25 mg,) 135 mg, mangán (E5; mangán(II)oxid) 25 mg, jód (E2; kalcium-jodát; vízmentes) 2 mg, szelén (E8; nátrium-szelenit) 0.15 mg. Tovább olvasok"}
{"breadcrumb": "Főoldal/Kutya/Eledelek/Száraz eledelek/Happy Dog kutya szárazeledel Toscana 1kg", "product_name": "Happy Dog kutya szárazeledel Toscana 1kgHappy Dog kutya szárazeledel Toscana 1kg", "brand": "Happy DogSensible801g – 1kgFelnőttszárnyasközepes testű 11-25kg", "regular_price": "3 799", "selling_price": "3 299", "price_per_unit": "1 kg=2599 Ft", "product_url": "https://webshop.fressnapf.hu/termekek/happy-dog-kutya-szarazeledel-toscana-1kg/", "product_description": "Egészség könnyedén, mediterrán módra. – csak 7,5 % zsír, ideális ivartalanított állatok számára – könnyű mediterrán konyha válogatott gyógynövényekkel – kiegyensúlyozott és kiválóan emészthető – érzékeny kutyák számára is A könnyű mediterrán konyha klasszikus összetevői ősidők óta természetes védelmet nyújtanak a modern korok civilizációs betegségeivel szemben. Különösen ki kell emelni itt az illatos mediterrán gyógynövényeket, a kacsát, a lazacot és a vörösborszőlőben található polifenolt. Csak a Happy Dog Toscana képes arra, hogy az értékes összetevők ilyen egyedülálló sokszínűségét kínálja. Ezt a különleges receptet az egyedülálló Happy Dog Natural Life Concept® természetes összetevői teszik teljessé. A speciális összetevőknek és a különleges előállítási folyamatnak köszönhetően a Toscana kiválóan alkalmas akár még a speciális igényű, érzékeny kutyák tudatos táplálására is. A mérsékelt, 7,5%-os zsírtartalom és a vitalizáló 24%-os fehérjetartalom révén kiválóan alkalmas ivartalanított állatok táplálására. Németországban készült, szigorú minőség-ellenőrzési eljárások mellett. Összetétel: kacsafehérje* (21%), kukoricaliszt, kukorica, rizsliszt, lazacliszt (5%), májhidrolizátum, melaszos cukorrépaszelet* (cukormentesített), szárnyaszsír, napraforgóolaj, almatörköly* (0,5%), repce, szárított tojáspor, nátriumklorid, élesztő*, káliumklorid, tengeri algák* (0,15%), lenmag (0,15%), kagylóhús* (0,05%), vörösszőlőtörköly (0,02%), bodzatermés, máriatövis, articsóka, gyermekláncfű, csombor, majoranna, gyömbér, rozmaring, zsálya, kakukkfű, nyírfalevelek, csalán, ánizsgyümölcs, bazsalikom, édeskömény, bodzavirág, levendulavirág, koriander, kamilla, réti legyezőfű, édesgyökér, élesztő (kivonat)*; szárított gyógynövények összesen: 0,28%. *szárított Analitikai összetevők: nyersfehérje 24%, nyerszsír 7.5%, nyersrost 3%, nyershamu 6.5%, kalcium 1.45%, foszfor 0.95%, nátrium 0.4%, omega-6 zsírsavak 0.5%, omega-3 zsírsavak 2.2%. Adalékanyagok: vitaminok / kg: A vitamin (E672) 12000 I.E., D3 vitamin (E671) 1200 I.E., E vitamin (all-rac-alfa-tokoferil-acetát 3a700) 75 mg, B1 vitamin (tiamin-mononitrát) 4 mg, B2 vitamin (riboflavin) 6 mg, B6 vitamin (piridoxin-hidroklorid 3a831) 4 mg, D (+) biotin 575 mcg, kalcium-D-pantotenát 10 mg, niacin 40 mg, B12 vitamin 70 mcg, kolin-klorid 60 mg, antioxidánsok: magas tokoferoltartalmú természetes eredetű kivonatok. Nyomelemek / kg: Vas (E1; vas(II)szulfát; monohidrát) 110 mg, réz (E4; réz(II)szulfát; pentahidrát) 10 mg, cink (E6; cinkoxid 110 mg, aminosav-cinkkelát; hidrát 25 mg,) 135 mg, mangán (E5; mangán(II)oxid) 25 mg, jód (E2; kalcium-jodát; vízmentes) 2 mg, szelén (E8; nátrium-szelenit) 0.15 mg. Tovább olvasok"}
{"breadcrumb": "Főoldal/Kutya/Eledelek/Száraz eledelek/Happy Dog kutya szárazeledel Toscana 4kg", "product_name": "Happy Dog kutya szárazeledel Toscana 4kgHappy Dog kutya szárazeledel Toscana 4kg", "brand": "Happy DogSensible1,1kg – 4kgFelnőttszárnyasközepes testű 11-25kg", "regular_price": "3 699", "selling_price": "3 499", "price_per_unit": "1 kg=1950 Ft", "product_url": "https://webshop.fressnapf.hu/termekek/happy-dog-kutya-szarazeledel-toscana-4kg/", "product_description": "Egészség könnyedén, mediterrán módra. – csak 7,5 % zsír, ideális ivartalanított állatok számára – könnyű mediterrán konyha válogatott gyógynövényekkel – kiegyensúlyozott és kiválóan emészthető – érzékeny kutyák számára is A könnyű mediterrán konyha klasszikus összetevői ősidők óta természetes védelmet nyújtanak a modern korok civilizációs betegségeivel szemben. Különösen ki kell emelni itt az illatos mediterrán gyógynövényeket, a kacsát, a lazacot és a vörösborszőlőben található polifenolt. Csak a Happy Dog Toscana képes arra, hogy az értékes összetevők ilyen egyedülálló sokszínűségét kínálja. Ezt a különleges receptet az egyedülálló Happy Dog Natural Life Concept® természetes összetevői teszik teljessé. A speciális összetevőknek és a különleges előállítási folyamatnak köszönhetően a Toscana kiválóan alkalmas akár még a speciális igényű, érzékeny kutyák tudatos táplálására is. A mérsékelt, 7,5%-os zsírtartalom és a vitalizáló 24%-os fehérjetartalom révén kiválóan alkalmas ivartalanított állatok táplálására. Németországban készült, szigorú minőség-ellenőrzési eljárások mellett. Összetétel: kacsafehérje* (21%), kukoricaliszt, kukorica, rizsliszt, lazacliszt (5%), májhidrolizátum, melaszos cukorrépaszelet* (cukormentesített), szárnyaszsír, napraforgóolaj, almatörköly* (0,5%), repce, szárított tojáspor, nátriumklorid, élesztő*, káliumklorid, tengeri algák* (0,15%), lenmag (0,15%), kagylóhús* (0,05%), vörösszőlőtörköly (0,02%), bodzatermés, máriatövis, articsóka, gyermekláncfű, csombor, majoranna, gyömbér, rozmaring, zsálya, kakukkfű, nyírfalevelek, csalán, ánizsgyümölcs, bazsalikom, édeskömény, bodzavirág, levendulavirág, koriander, kamilla, réti legyezőfű, édesgyökér, élesztő (kivonat)*; szárított gyógynövények összesen: 0,28%. *szárított Analitikai összetevők: nyersfehérje 24%, nyerszsír 7.5%, nyersrost 3%, nyershamu 6.5%, kalcium 1.45%, foszfor 0.95%, nátrium 0.4%, omega-6 zsírsavak 0.5%, omega-3 zsírsavak 2.2%. Adalékanyagok: vitaminok / kg: A vitamin (E672) 12000 I.E., D3 vitamin (E671) 1200 I.E., E vitamin (all-rac-alfa-tokoferil-acetát 3a700) 75 mg, B1 vitamin (tiamin-mononitrát) 4 mg, B2 vitamin (riboflavin) 6 mg, B6 vitamin (piridoxin-hidroklorid 3a831) 4 mg, D (+) biotin 575 mcg, kalcium-D-pantotenát 10 mg, niacin 40 mg, B12 vitamin 70 mcg, kolin-klorid 60 mg, antioxidánsok: magas tokoferoltartalmú természetes eredetű kivonatok. Nyomelemek / kg: Vas (E1; vas(II)szulfát; monohidrát) 110 mg, réz (E4; réz(II)szulfát; pentahidrát) 10 mg, cink (E6; cinkoxid 110 mg, aminosav-cinkkelát; hidrát 25 mg,) 135 mg, mangán (E5; mangán(II)oxid) 25 mg, jód (E2; kalcium-jodát; vízmentes) 2 mg, szelén (E8; nátrium-szelenit) 0.15 mg. Tovább olvasok"}
{"breadcrumb": "Főoldal/Kutya/Eledelek/Száraz eledelek/Happy Dog Natur Croq Flakes száraz kutyaeledel 1,5kg", "product_name": "Happy Dog Natur Croq Flakes száraz kutyaeledel 1,5kgHappy Dog Natur Croq Flakes száraz kutyaeledel 1,5kg", "brand": "Happy DogNatur CroqFelnőttzöldség&gyümölcs", "regular_price": "9 999", "selling_price": "8 999", "price_per_unit": "1 kg=1999 Ft", "product_url": "https://webshop.fressnapf.hu/termekek/happy-dog-natur-croq-flakes-szaraz-kutyaeledel-15kg/", "product_description": "A Happy Dog Natur Croq Flakes teljes értékű eledel minden kutya számára. A kiváló minőségű állati fehérjék és zsírok megfelelő aránya mellett speciális, finom pelyhek formájában teljesen feldolgozott szénhidrátot tartalmaz, mely kiváló minőségű kukoricából készül. Az eledelt mindig langyos vízbe kell keverni. Ilyen módon olyan takarmánykása képződik, amelyet a kölyökkutyák is könnyen el tudnak fogyasztani, így könnyebben hozzájutnak a számukra nélkülözhetetlen tápanyagokhoz. Színezékektől és tartósító anyagoktól, valamint szójától mentes. Összetétel: Kukoricaliszt (hengeresen szárítva), töpörtyű, búzaliszt, búza, szárnyaszsír, húsliszt, dikálciumfoszfát, szárított répa, borsópehely, szárnyashúsliszt, kalcium-karbonát, marhafaggyú, hemoglobin (szárított), halliszt, májhidrolizátum, konyhasó, melaszszelet, almatakarmány, bodzagyümölcs (szárított), szőlőtakarmány, csombor, majoranna, ánizsgyümölcs, bazsalikom, édeskömény, bodzavirág, levendulavirág, rozmaring, zsálya, kakukkfű, (gyógynövények összesen: 0,1%) Analitikai összetevők: Nyersfehérje 28,0 %, nyerszsír 14,0 %, nyersrost 2,0 %, nyershamu 7,0 %, kalcium 1,4 %, foszfor 1,0 %, nátrium 0,3 %, kálium 0,6 %, magnézium 0,09 %, omega-6 zsírsavak 2,5 %, omega-3 zsírsavak 0,3 %. Adalékanyagok: Vitaminok/kg: A-vitamin (3a672a) 15000 NE, D3-vitamin (3a671) 900 NE Nyomelemek/kg: Vas (vas(II)szulfát-monohidrát 3b103) 55 mg, réz (réz(II)szulfát-pentahidrát 3b405) 6 mg, cink (cink-oxid 3b603) 55 mg, mangán (mangán(II)oxid 3b502) 5 mg, jód (kalcium-jodát, vízmentes 3b202) 1 mg, szelén (nátrium-szelenit 3b801) 0,15 mg. Antioxidáns, tokoferolban gazdag kivonatok növényi olajokból 1b306(i) Tovább olvasok"}
{"breadcrumb": "Főoldal/Kutya/Eledelek/Száraz eledelek/Happy Dog Natur Croq kutya száraz kutyaeledel bárány&rizs 15+3kg", "product_name": "Happy Dog Natur Croq kutya száraz kutyaeledel bárány&rizs 15+3kgHappy Dog Natur Croq kutya száraz kutyaeledel bárány&rizs 15+3kg", "brand": "Happy DogNatur CroqBonus bagFelnőttjuh&bárány&kecske", "regular_price": "3 699", "selling_price": "3 499", "price_per_unit": "1 kg=877 Ft", "product_url": "https://webshop.fressnapf.hu/termekek/happy-dog-natur-croq-kutya-szaraz-kutyaeledel-baranyrizs-153kg/", "product_description": "A magas tápértékű és könnyen emészthető összetevőkhöz, mint a bárány és a rizs, napraforgóolajból és repceolajból származó Omega-3 és Omega-6 zsírsavak társulnak, amik hozzájárulhatnak a ragyogó szőrzethez. Az ízletes eledel emellett értékes gyógynövényeket is tartalmaz. Németországban, a legszigorúbb minőség-ellenőrzés alatt készült. Összetétel: baromfifehérje*, teljes kiőrlésű búza, teljes kiőrlésű kukorica, búzaliszt, kukoricaliszt, teljes kiőrlésű árpa, bárányfehérje* (8%), rizsliszt (8%), melaszos cukorrépaszelet* (cukormentesített), szárnyaszsír, marhazsír, hidrolizált máj, halliszt, napraforgóolaj (0,8%), almatörköly* (0,8%), élesztő*, malátacsíra, kálium-klorid, repceolaj (0,2%), konyhasó, zöldzab*, napraforgó*, zsázsa*, petrezselyem*; zöldfűszerek összesen: 0,3%. *szárított Analitikai összetevők: nyersfehérje 22%, nyerszsír 9%, nyersrost 3%, nyershamu 6,5%, kalcium 1,4%, foszfor 0,95%, nátrium 0,25%, kálium 0,6%, magnézium 0,12%, Omega-6 zsírsavak 2%, Omega-3 zsírsavak 0,3%. Tápértékkel rendelkező hozzáadott anyagok kilogrammonként: A-vitamin 10250 NE, D3-vitamin 1000 NE, E-vitamin 60 mg, B1-vitamin 4 mg, B2-vitamin 6 mg, B6-vitamin 3 mg, biotin 350 μg, kalcium-D-pantotenát 10 mg, niacin 45 mg, B12-vitamin 60 μg, vas (vasszulfát-monohidrát) 80 mg, réz (rézszulfát-pentahidrát) 8 mg, cink (cink-oxid) 80 mg, mangán (mangán-oxid) 5 mg, jód (vízmentes kalcium-jodát) 2 mg, szelén (nátrium-szelenit) 0,15 mg, antioxidánsok, tokoferol-kivonatok növényi olajokból. Tovább olvasok"}
{"breadcrumb": "Főoldal/Kutya/Eledelek/Száraz eledelek/Happy Dog Natur Croq száraz kutyaeledel adult active 15kg", "product_name": "Happy Dog Natur Croq száraz kutyaeledel adult active 15kgHappy Dog Natur Croq száraz kutyaeledel adult active 15kg", "brand": "Happy DogNatur Croq12,1kg – 15kgFelnőttszárnyas", "regular_price": "3 799", "selling_price": "3 299", "price_per_unit": "1 kg=1067 Ft", "product_url": "https://webshop.fressnapf.hu/termekek/happy-dog-natur-croq-szaraz-kutyaeledel-adult-active-15kg/", "product_description": "Nagy mozgásigényű kutyáknak. A NaturCroq Active egy kiegyensúlyozott, könnyen emészthető kutyaeledel valamennyi magas energia- és fehérjeszükségletű kutya számára. A kutyaeledelben megtalálható minőségi marha-, baromfi- és halfehérjék, valamint az értékes napraforgó- és repceolaj gyors energiaforrást biztosít az agilitásért, sportosságért és játékosságért, a szervezet terhelése nélkül. -Agility, sport, munka- és vadászkutyák számára -67% állati fehérje -24/18 (fehérje/zsír) -Bajorországban termesztett természetes alapanyagokból készül -Értékes helyi gyógynövényekkel Összetétel: baromfifehérje * (12%), teljes kiőrlésű búza, búzaliszt, kukorica liszt, teljes kiőrlésű kukorica, baromfizsír, marhahús, teljes kiőrlésű árpa, saláták, húsliszt, hemoglobin *, melaszos cukorrépaszelet* (cukormentesített), hidrolizált máj, halétel (1,3%), napraforgóolaj (0,8%), almabor (0,6%), élesztő *, kálium-klorid, repceolaj (0,2%), sárgarépa *, nátrium-klorid, zöld zab *, napraforgó *, zsázsa *, petrezselyem *, kagyló * (zöldfűszerek összesen: 0,3%); *) szárított | Emészthető energia: 1680 kJ / 100 g, 4020 Kcal / kg Analitikai összetevők: nyersfehérje 24.0%, nyerszsír 18.0%, nyers rost 2.0%, nyers hamu 5.5%, kalcium 1.2%, foszfor 0.8%, nátrium 0.25%, kálium 0.6%, magnézium 0.1%, omega-6 zsírsavak 3.0%, omega-3 zsírsavak 0.3% Adalékanyagok: Vitaminok / kg: A-vitamin (3a672a) 10250 I.E., D3-vitamin (3a671) 1000 I.E., E-vitamin (összes rac-alfa-tokoferil-acetát 3a700) 60 mg, B1-vitamin (tiamin-mononitrát 3a821) 4 mg, B2-vitamin (riboflavin) biotin (D (+) – biotin 3a880) 6 mg, pantoténsav (kalcium D-pantotenát 3a841) 3 mg, niacin (3a314) 350 µg, B12-vitamin 10 mg, antioxidáns; Tokoferol kivonatok növényi olajokból 1b306 (i). Nyomelemek / kg: vas (E1 45 mg, vas (II) -szulfát 60µg, monohidrát 3b103) 80 mg, réz (E4 8 mg, réz (II) -sulfát-pentahidrát 3b405) 80 mg, cink (3b603 cink-oxid 5 mg, aminosav cinkkelát 2 mg, 3b606 hidrát) (E5 0.15 mg, mangán (II) -oxid 3b502) , jód (kálium-jodát , vízmentes 3b202) , szelén (E8 , nátrium-szelenit) Tovább olvasok"}
{"breadcrumb": "Főoldal/Kutya/Eledelek/Száraz eledelek/Happy Dog Natur Croq száraz kutyaeledel adult balance 15kg", "product_name": "Happy Dog Natur Croq száraz kutyaeledel adult balance 15kgHappy Dog Natur Croq száraz kutyaeledel adult balance 15kg", "brand": "Happy DogNatur Croq12,1kg – 15kgFelnőttszárnyas", "regular_price": "3 799", "selling_price": "3 299", "price_per_unit": "1 kg=1021 Ft", "product_url": "https://webshop.fressnapf.hu/termekek/happy-dog-natur-croq-szaraz-kutyaeledel-adult-balance-15kg/", "product_description": "A könnyen emészthető krokettkeverék különleges ízélményt kínál a kutyájának! A szemcsés túró és a speciális élesztőkivonat emellett pozitív hatást is gyakorol az emésztésre és a bélműködésre. A NaturCroq Balance kutyaeledel ezáltal probléma nélkül adható az érzékeny kutyáknak. A kissé nagyobb energiatartalom miatt a Balance kutyaeledel kiválóan alkalmas valamennyi aktív kutya számára az agilitást, sportosságot és játékosságot tekintve. -Túróval, spenóttal és céklával -65% állati fehérje -23/10 (fehérje/zsír) -Bajorországban termesztett természetes alapanyagokból készül -Értékes helyi gyógynövényekkel Összetétel: szárnyashúsliszt, teljes kiőrlésű búza, búzaliszt, teljes kiőrlésű kukoricaliszt, kukoricaliszt, rizsliszt, zabliszt, teljes kiőrlésű árpa, húsliszt, halliszt, szárnyaszsír, marhafaggyú, melaszos cukorrépaszelet* (cukormentesített), májhidrolizátum, almatörköly (szárított) (0,8%), konyhasó, szemcsés túró (szárítva, 0,3%), répa (szárított, 0,1%), élesztő (kivonat, 0,1%), spenót (szárított, 0,08%), lucerna (szárított, 0,08%) Analitikai összetevők: Nyersfehérje 23.0%, nyerszsír 10.0%, nyersrost 3.0%, nyershamu 6.0%, kalcium 1.4%, foszfor 0.8%, nátrium 0.35%, kálium 0.5%, magnézium 0.12%, omega-6 zsírsavak 2.0%, omega-3 zsírsavak 0.2% Adalékanyagok: Vitaminok / kg: A vitamin (E672) 10250 I.E., D3 vitamin (E671) 1000 I.E., E vitamin (all-rac-alfa-tokoferil-acetát 3a700) 60 mg, B1 vitamin (tiamin-mononitrát) 4 mg, B2 vitamin (riboflavin) 6 mg, B6 vitamin (piridoxin-hidroklorid 3a831) 3 mg, D (+) biotin 350 µg, kalcium-D-pantotenát 10 mg, niacin 45 mg, B12 vitamin 60µg, antioxidánsok: magas tokoferoltartalmú természetes eredetű kivonatok. Nyomelemek / kg: Vas (E1; vas(II)szulfát; monohidrát) 80 mg, réz (E4; réz(II)szulfát; pentahidrát) 8 mg, cink (E6; cinkoxid; aminosav-cinkkelát; hidrát) 80 mg, mangán (E5; mangán(II)oxid) 5 mg, jód (E2; kalcium-jodát; vízmentes) 2 mg, szelén (E8; nátrium-szelenit) 0.15 mg Tovább olvasok"}
{"breadcrumb": "Főoldal/Kutya/Eledelek/Száraz eledelek/Happy Dog Natur Croq száraz kutyaeledel adult balance 4kg", "product_name": "Happy Dog Natur Croq száraz kutyaeledel adult balance 4kgHappy Dog Natur Croq száraz kutyaeledel adult balance 4kg", "brand": "Happy DogNatur Croq1,1kg – 4kgFelnőttszárnyasérzékeny emésztésű", "regular_price": "3 499", "selling_price": "2 999", "price_per_unit": "1 kg=1325 Ft", "product_url": "https://webshop.fressnapf.hu/termekek/happy-dog-natur-croq-szaraz-kutyaeledel-adult-balance-4kg/", "product_description": "A könnyen emészthető krokettkeverék különleges ízélményt kínál a kutyájának! A szemcsés túró és a speciális élesztőkivonat emellett pozitív hatást is gyakorol az emésztésre és a bélműködésre. A NaturCroq Balance kutyaeledel ezáltal probléma nélkül adható az érzékeny kutyáknak. A kissé nagyobb energiatartalom miatt a Balance kutyaeledel kiválóan alkalmas valamennyi aktív kutya számára az agilitást, sportosságot és játékosságot tekintve. -Túróval, spenóttal és céklával -65% állati fehérje -23/10 (fehérje/zsír) -Bajorországban termesztett természetes alapanyagokból készül -Értékes helyi gyógynövényekkel Összetétel: szárnyashúsliszt, teljes kiőrlésű búza, búzaliszt, teljes kiőrlésű kukoricaliszt, kukoricaliszt, rizsliszt, zabliszt, teljes kiőrlésű árpa, húsliszt, halliszt, szárnyaszsír, marhafaggyú, melaszos cukorrépaszelet* (cukormentesített), májhidrolizátum, almatörköly (szárított) (0,8%), konyhasó, szemcsés túró (szárítva, 0,3%), répa (szárított, 0,1%), élesztő (kivonat, 0,1%), spenót (szárított, 0,08%), lucerna (szárított, 0,08%) Analitikai összetevők: Nyersfehérje 23.0%, nyerszsír 10.0%, nyersrost 3.0%, nyershamu 6.0%, kalcium 1.4%, foszfor 0.8%, nátrium 0.35%, kálium 0.5%, magnézium 0.12%, omega-6 zsírsavak 2.0%, omega-3 zsírsavak 0.2% Adalékanyagok: Vitaminok / kg: A vitamin (E672) 10250 I.E., D3 vitamin (E671) 1000 I.E., E vitamin (all-rac-alfa-tokoferil-acetát 3a700) 60 mg, B1 vitamin (tiamin-mononitrát) 4 mg, B2 vitamin (riboflavin) 6 mg, B6 vitamin (piridoxin-hidroklorid 3a831) 3 mg, D (+) biotin 350 µg, kalcium-D-pantotenát 10 mg, niacin 45 mg, B12 vitamin 60µg, antioxidánsok: magas tokoferoltartalmú természetes eredetű kivonatok. Nyomelemek / kg: Vas (E1; vas(II)szulfát; monohidrát) 80 mg, réz (E4; réz(II)szulfát; pentahidrát) 8 mg, cink (E6; cinkoxid; aminosav-cinkkelát; hidrát) 80 mg, mangán (E5; mangán(II)oxid) 5 mg, jód (E2; kalcium-jodát; vízmentes) 2 mg, szelén (E8; nátrium-szelenit) 0.15 mg Tovább olvasok"}
{"breadcrumb": "Főoldal/Kutya/Eledelek/Száraz eledelek/Happy Dog Natur Croq száraz kutyaeledel adult bárány&rizs 15kg", "product_name": "Happy Dog Natur Croq száraz kutyaeledel adult bárány&rizs 15kgHappy Dog Natur Croq száraz kutyaeledel adult bárány&rizs 15kg", "brand": "Happy DogNatur Croq12,1kg – 15kgFelnőttjuh&bárány&kecske", "regular_price": "9 999", "selling_price": "8 999", "price_per_unit": "1 kg=1053 Ft", "product_url": "https://webshop.fressnapf.hu/termekek/happy-dog-natur-croq-szaraz-kutyaeledel-adult-baranyrizs-15kg/", "product_description": "A bárányhús és rizs bevált eledelnek számít az érzékeny kutyák esetében. A NaturCroq Lamm & Reis kutyaeledel kiegyensúlyozott, könnyen emészthető száraztáp értékes bárányhússal, könnyen emészthető rizzsel és mérsékelt zsírtartalommal. Ezért ez a kutyaeledel különösen alkalmas valamennyi normál energia- és fehérjeszükségletű érzékeny kutya és világos szőrzetű kutya számára. -Ideális érzékeny kutyák számára -61% állati fehérje -22/9 (fehérje/zsír) -Bajorországban termesztett természetes alapanyagokból készül -Értékes helyi gyógynövényekkel Összetétel: szárnyashúsliszt, teljes kiörlésű búza, teljes kiörlésű kukoricaliszt, búzaliszt, kukoricaliszt, teljes kiörlésű árpa, bárányhúsliszt (7%), rizsliszt (7%), halliszt, szárnyaszsír, marhafaggyú, májhidrolizátum, melaszos cukorrépaszelet* (cukormentesített), napraforgóolaj (0,8%), almatörköly (szárított) (0,8%), éleszto (szárított), malátacsíra, repceolaj (0,2%), konyhasó, zöldzab (szárított), napraforgó (szárított), zsázsa (szárított), petrezselyem (szárított), (Bazsalikom összesen: 0,3%) Analitikai összetevők: Nyersfehérje 22.0%, nyerszsír 9.0%, nyersrost 3.0%, nyershamu 6.5%, kalcium 1.4%, foszfor 0.95%, nátrium 0.25%, kálium 0.6%, magnézium 0.12%, omega-6 zsírsavak 2.0%, omega-3 zsírsavak 0.3% Adalékanyagok: Vitaminok / kg: A vitamin (E672) 10250 I.E., D3 vitamin (E671) 1000 I.E., E vitamin (all-rac-alfa-tokoferil-acetát 3a700) 60 mg, B1 vitamin (tiamin-mononitrát) 4 mg, B2 vitamin (riboflavin) 6 mg, B6 vitamin (piridoxin-hidroklorid 3a831) 3 mg, D (+) biotin 350 µg, kalcium-D-pantotenát 10 mg, niacin 45 mg, B12 vitamin 60µg, antioxidánsok: magas tokoferoltartalmú természetes eredetű kivonatok. Nyomelemek / kg: Vas (E1; vas(II)szulfát; monohidrát) 80 mg, réz (E4; réz(II)szulfát; pentahidrát) 8 mg, cink (E6; cinkoxid; aminosav-cinkkelát; hidrát) 80 mg, mangán (E5; mangán(II)oxid) 5 mg, jód (E2; kalcium-jodát; vízmentes) 2 mg, szelén (E8; nátrium-szelenit) 0.15 mg Tovább olvasok"}
{"breadcrumb": "Főoldal/Kutya/Eledelek/Száraz eledelek/Happy Dog Natur Croq száraz kutyaeledel adult bárány&rizs 4kg", "product_name": "Happy Dog Natur Croq száraz kutyaeledel adult bárány&rizs 4kgHappy Dog Natur Croq száraz kutyaeledel adult bárány&rizs 4kg", "brand": "Happy DogNatur Croq1,1kg – 4kgFelnőttjuh&bárány&kecske", "regular_price": "3 699", "selling_price": "3 299", "price_per_unit": "1 kg=1325 Ft", "product_url": "https://webshop.fressnapf.hu/termekek/happy-dog-natur-croq-szaraz-kutyaeledel-adult-baranyrizs-4kg/", "product_description": "A bárányhús és rizs bevált eledelnek számít az érzékeny kutyák esetében. A NaturCroq Lamm & Reis kutyaeledel kiegyensúlyozott, könnyen emészthető száraztáp értékes bárányhússal, könnyen emészthető rizzsel és mérsékelt zsírtartalommal. Ezért ez a kutyaeledel különösen alkalmas valamennyi normál energia- és fehérjeszükségletű érzékeny kutya és világos szőrzetű kutya számára. -Ideális érzékeny kutyák számára -61% állati fehérje -22/9 (fehérje/zsír) -Bajorországban termesztett természetes alapanyagokból készül -Értékes helyi gyógynövényekkel Összetétel: szárnyashúsliszt, teljes kiőrlésű búza, teljes kiőrlésű kukoricaliszt, búzaliszt, kukoricaliszt, teljes kiőrlésű árpa, bárányhúsliszt (7%), rizsliszt (7%), halliszt, szárnyaszsír, marhafaggyú, májhidrolizátum, melaszos cukorrépaszelet* (cukormentesített), napraforgóolaj (0,8%), almatörköly (szárított) (0,8%), élesztő (szárított), malátacsíra, repceolaj (0,2%), konyhasó, zöldzab (szárított), napraforgó (szárított), zsázsa (szárított), petrezselyem (szárított), (Bazsalikom összesen: 0,3%) Analitikai összetevők: Nyersfehérje 22.0%, nyerszsír 9.0%, nyersrost 3.0%, nyershamu 6.5%, kalcium 1.4%, foszfor 0.95%, nátrium 0.25%, kálium 0.6%, magnézium 0.12%, omega-6 zsírsavak 2.0%, omega-3 zsírsavak 0.3% Adalékanyagok: Vitaminok / kg: A vitamin (E672) 10250 I.E., D3 vitamin (E671) 1000 I.E., E vitamin (all-rac-alfa-tokoferil-acetát 3a700) 60 mg, B1 vitamin (tiamin-mononitrát) 4 mg, B2 vitamin (riboflavin) 6 mg, B6 vitamin (piridoxin-hidroklorid 3a831) 3 mg, D (+) biotin 350 µg, kalcium-D-pantotenát 10 mg, niacin 45 mg, B12 vitamin 60µg, antioxidánsok: magas tokoferoltartalmú természetes eredetű kivonatok. Nyomelemek / kg: Vas (E1; vas(II)szulfát; monohidrát) 80 mg, réz (E4; réz(II)szulfát; pentahidrát) 8 mg, cink (E6; cinkoxid; aminosav-cinkkelát; hidrát) 80 mg, mangán (E5; mangán(II)oxid) 5 mg, jód (E2; kalcium-jodát; vízmentes) 2 mg, szelén (E8; nátrium-szelenit) 0.15 mg Tovább olvasok"}
{"breadcrumb": "Főoldal/Kutya/Eledelek/Száraz eledelek/Happy Dog Natur Croq száraz kutyaeledel adult marha&rizs 15kg", "product_name": "Happy Dog Natur Croq száraz kutyaeledel adult marha&rizs 15kgHappy Dog Natur Croq száraz kutyaeledel adult marha&rizs 15kg", "brand": "Happy DogNatur Croq12,1kg – 15kgFelnőttmarha&borjú", "regular_price": "3 799", "selling_price": "3 299", "price_per_unit": "1 kg=1007 Ft", "product_url": "https://webshop.fressnapf.hu/termekek/happy-dog-natur-croq-szaraz-kutyaeledel-adult-marharizs-15kg/", "product_description": "Abszolút kiegyensúlyozott; marhahússal és rizzsel. Kiváló minőségű összetevők, pl. baromfi- és marhahús, hal, gabona, zöldség, fűszerek, ásványi anyagok és vitaminok ropogós, ízletes krokettben: ez a NaturCroq Rind & Reis kutyaeledel. A könnyen emészthető, kiegyensúlyozott kutyaeledel ideális valamennyi normál energiaszükségletű felnőtt kutya számára. -Teljes kiőrlésű gabonával -60% állati fehérje -22/9 (fehérje/zsír) -Bajorországban termesztett természetes alapanyagokból készül -Értékes helyi gyógynövényekkel Összetétel: Töpörtyű (12%, ebből marha 70%), teljes kiörlésű búza, teljes kiörlésű kukoricaliszt, búzaliszt, teljes kiörlésű árpa, rizsliszt (7%), kukoricaliszt, szárnyaszsír, marhafaggyú, szárnyashúsliszt, halliszt, hemoglobin (szárított), májhidrolizátum, melaszos cukorrépaszelet* (cukormentesített), almatörköly (szárított) (0,8%), élesztő (szárított), malátacsíra, konyhasó, zöldzab (szárított), napraforgó (szárított), zsázsa (szárított), petrezselyem (szárított), (Bazsalikom összesen: 0,3%) Analitikai összetevők: Nyersfehérje 22.0%, nyerszsír 9.0%, nyersrost 3.0%, nyershamu 5.5%, kalcium 1.15%, foszfor 0.8%, nátrium 0.25%, kálium 0.5%, magnézium 0.11%, omega-6 zsírsavak 1.6%, omega-3 zsírsavak 0.2% Adalékanyagok: Vitaminok / kg: A vitamin (E672) 10250 I.E., D3 vitamin (E671) 1000 I.E., E vitamin (all-rac-alfa-tokoferil-acetát 3a700) 60 mg, B1 vitamin (tiamin-mononitrát) 4 mg, B2 vitamin (riboflavin) 6 mg, B6 vitamin (piridoxin-hidroklorid 3a831) 3 mg, D (+) biotin 350 µg, kalcium-D-pantotenát 10 mg, niacin 45 mg, B12 vitamin 60µg, antioxidánsok: magas tokoferoltartalmú természetes eredetű kivonatok. Nyomelemek / kg: Vas (E1; vas(II)szulfát; monohidrát) 80 mg, réz (E4; réz(II)szulfát; pentahidrát) 8 mg, cink (E6; cinkoxid; aminosav-cinkkelát; hidrát) 80 mg, mangán (E5; mangán(II)oxid) 5 mg, jód (E2; kalcium-jodát; vízmentes) 2 mg, szelén (E8; nátrium-szelenit) 0.15 mg Tovább olvasok"}
{"breadcrumb": "Főoldal/Kutya/Eledelek/Száraz eledelek/Happy Dog Natur Croq száraz kutyaeledel adult marha&rizs 4kg", "product_name": "Happy Dog Natur Croq száraz kutyaeledel adult marha&rizs 4kgHappy Dog Natur Croq száraz kutyaeledel adult marha&rizs 4kg", "brand": "Happy DogNatur Croq1,1kg – 4kgFelnőttmarha&borjú", "regular_price": "3 799", "selling_price": "3 299", "price_per_unit": "1 kg=1425 Ft", "product_url": "https://webshop.fressnapf.hu/termekek/happy-dog-natur-croq-szaraz-kutyaeledel-adult-marharizs-4kg/", "product_description": "Abszolút kiegyensúlyozott; marhahússal és rizzsel. Kiváló minőségű összetevők, pl. baromfi- és marhahús, hal, gabona, zöldség, fűszerek, ásványi anyagok és vitaminok ropogós, ízletes krokettben: ez a NaturCroq Rind & Reis kutyaeledel. A könnyen emészthető, kiegyensúlyozott kutyaeledel ideális valamennyi normál energiaszükségletű felnőtt kutya számára. -Teljes kiőrlésű gabonával -60% állati fehérje -22/9 (fehérje/zsír) -Bajorországban termesztett természetes alapanyagokból készül -Értékes helyi gyógynövényekkel Összetétel: Töpörtyű (12%, ebből marha 70%), teljes kiőrlésű búza, teljes kiőrlésű kukoricaliszt, búzaliszt, teljes kiőrlésű árpa, rizsliszt (7%), kukoricaliszt, szárnyaszsír, marhafaggyú, szárnyashúsliszt, halliszt, hemoglobin (szárított), májhidrolizátum, melaszos cukorrépaszelet* (cukormentesített), almatörköly (szárított) (0,8%), élesztő (szárított), malátacsíra, konyhasó, zöldzab (szárított), napraforgó (szárított), zsázsa (szárított), petrezselyem (szárított), (Bazsalikom összesen: 0,3%) Analitikai összetevők: Nyersfehérje 22.0%, nyerszsír 9.0%, nyersrost 3.0%, nyershamu 5.5%, kalcium 1.15%, foszfor 0.8%, nátrium 0.25%, kálium 0.5%, magnézium 0.11%, omega-6 zsírsavak 1.6%, omega-3 zsírsavak 0.2% Adalékanyagok: Vitaminok / kg: A vitamin (E672) 10250 I.E., D3 vitamin (E671) 1000 I.E., E vitamin (all-rac-alfa-tokoferil-acetát 3a700) 60 mg, B1 vitamin (tiamin-mononitrát) 4 mg, B2 vitamin (riboflavin) 6 mg, B6 vitamin (piridoxin-hidroklorid 3a831) 3 mg, D (+) biotin 350 µg, kalcium-D-pantotenát 10 mg, niacin 45 mg, B12 vitamin 60µg, antioxidánsok: magas tokoferoltartalmú természetes eredetű kivonatok. Nyomelemek / kg: Vas (E1; vas(II)szulfát; monohidrát) 80 mg, réz (E4; réz(II)szulfát; pentahidrát) 8 mg, cink (E6; cinkoxid; aminosav-cinkkelát; hidrát) 80 mg, mangán (E5; mangán(II)oxid) 5 mg, jód (E2; kalcium-jodát; vízmentes) 2 mg, szelén (E8; nátrium-szelenit) 0.15 mg Tovább olvasok"}
{"breadcrumb": "Főoldal/Kutya/Eledelek/Száraz eledelek/Happy Dog Natur Croq száraz kutyaeledel adult XXL 15kg", "product_name": "Happy Dog Natur Croq száraz kutyaeledel adult XXL 15kgHappy Dog Natur Croq száraz kutyaeledel adult XXL 15kg", "brand": "Happy DogNatur Croq12,1kg – 15kgFelnőttszárnyas", "regular_price": "3 799", "selling_price": "3 299", "price_per_unit": "1 kg=1007 Ft", "product_url": "https://webshop.fressnapf.hu/termekek/happy-dog-natur-croq-szaraz-kutyaeledel-adult-xxl-15kg/", "product_description": "Extra adag egészség extra nagy krokett formájában. A Happy Dog NaturCroq XXL kutyaeledelt kifejezetten a nagyon nagytestű kutyafajták számára fejlesztettük ki: a nagytestű kutyafajták energiaszükséglete jelentősen eltér a kisebb testű fajtáknál megszokottól. A nagytestű kutyafajták különleges tápanyagösszetételt igényelnek, mérsékelt fehérjetartalommal és ehhez igazított zsírtartalommal. Testméretüknek megfelelően többnyire a nagyobb kroketteket részesítik előnyben, amilyeneket a NaturCroq XXL is tartalmaz. A túlságosan kicsi kroketteket túl gyorsan habzsolják vagy akár szétrágás nélkül is lenyelhetik. -Nagyméretű tápszemek nagytestű kutyafajtákhoz -62% állati fehérje -21/10 (fehérje/zsír) -Bajorországban termesztett természetes alapanyagokból készül -Értékes helyi gyógynövényekkel Összetétel: szárnyashúsliszt, teljes kiőrlésű búza, búzaliszt, teljes kiőrlésű kukoricaliszt, kukoricaliszt, teljes kiőrlésű árpa, szárnyaszsír, marhafaggyú, halliszt, húsliszt, melaszos cukorrépaszelet* (cukormentesített), májhidrolizátum, hemoglobin (szárított), almatörköly (szárított) (0,8%), élesztő (szárított), malátacsíra, konyhasó, zöldzab (szárított), napraforgó (szárított), zsázsa (szárított), petrezselyem (szárított), (Bazsalikom összesen: 0,3%) Analitikai összetevők: Nyersfehérje 21.0%, nyerszsír 10.0%, nyersrost 3.0%, nyershamu 5.5%, kalcium 1.25%, foszfor 0.85%, nátrium 0.25%, kálium 0.45%, magnézium 0.12%, omega-6 zsírsavak 2.0%, omega-3 zsírsavak 0.3% Adalékanyagok: Vitaminok / kg: A vitamin (E672) 10250 I.E., D3 vitamin (E671) 1000 I.E., E vitamin (all-rac-alfa-tokoferil-acetát 3a700) 60 mg, B1 vitamin (tiamin-mononitrát) 4 mg, B2 vitamin (riboflavin) 6 mg, B6 vitamin (piridoxin-hidroklorid 3a831) 3 mg, D (+) biotin 350 µg, kalcium-D-pantotenát 10 mg, niacin 45 mg, B12 vitamin 60µg, antioxidánsok: magas tokoferoltartalmú természetes eredetű kivonatok. Nyomelemek / kg: Vas (E1; vas(II)szulfát; monohidrát) 80 mg, réz (E4; réz(II)szulfát; pentahidrát) 8 mg, cink (E6; cinkoxid; aminosav-cinkkelát; hidrát) 80 mg, mangán (E5; mangán(II)oxid) 5 mg, jód (E2; kalcium-jodát; vízmentes) 2 mg, szelén (E8; nátrium-szelenit) 0.15 mg Tovább olvasok"}
{"breadcrumb": "Főoldal/Kutya/Eledelek/Száraz eledelek/Happy Dog Natur Croq száraz kutyaeledel puppy 4kg", "product_name": "Happy Dog Natur Croq száraz kutyaeledel puppy 4kgHappy Dog Natur Croq száraz kutyaeledel puppy 4kg", "brand": "Happy DogNatur Croq1,1kg – 4kgKölyökszárnyas", "regular_price": "9 999", "selling_price": "8 999", "price_per_unit": "1 kg=1380 Ft", "product_url": "https://webshop.fressnapf.hu/termekek/happy-dog-natur-croq-szaraz-kutyaeledel-puppy-4kg/", "product_description": "A NaturCroq kölyökeledel egy kiegyensúlyozott és könnyen emészthető száraztáp 4 hetes és 12 hónapos kor közötti kölyökkutyák számára. Az értékes állati fehérjék, a teljesen feltárt gabonák, valamint az összes fontos vitamin, ásványi anyag és nyomelem a legjobb feltételeket biztosítják kutyája egészséges növekedéséhez. 10 kg feletti fajtáknál a kölyökkutyák esetében a 6. hónaptól a fehérjetartalom csökkentését javasoljuk. Ilyen esetben érdemes átállni Supreme sorozatunk Junior termékeire (2. szakasz). -Kölyökkutyák optimális növekedéséhez -76% állati fehérje -29/14 (fehérje/zsír) -Bajorországban termesztett természetes alapanyagokból készül -Értékes helyi gyógynövényekkel Összetétel: Baromfifehérje*, búzaliszt, teljes kiőrlésű kukorica, teljes kiőrlésű búza, kukoricaliszt, zabliszt, teljes kiőrlésű árpa, rizsliszt, baromfizsír, húsliszt, marhazsír, halliszt, májhidrolizátum, hemoglobin*, töpörtyű, melaszos cukorrépaszelet cukormentesített)*, almatörköly* (0,6%), élesztő* (0,4%), túró* (0,3%), nátrium-klorid, spenótliszt (0,08%), lucerna* (0,08%), zöld zab*, napraforgó*, zsázsa*, petrezselyem*, répa* (0,04%), cékla*, rizsliszt (fermentált), (zöldfűszerek összesen: 0,3%);*) szárított. Analitikai összetevők: Nyersfehérje 29.0%, nyerszsír 14.0%, nyersrost 3.0%, nyershamu 7.5%, kalcium 1.65%, foszfor 1.1%, nátrium 0.25%, kálium 0.5%, magnézium 0.11%, omega-6 zsírsavak 2.2%, omega-3 zsírsavak 0.3% Adalékanyagok: Vitaminok / kg: A vitamin (E672) 10250 I.E., D3 vitamin (E671) 1000 I.E., E vitamin (all-rac-alfa-tokoferil-acetát 3a700) 75 mg, B1 vitamin (tiamin-mononitrát) 4 mg, B2 vitamin (riboflavin) 6 mg, B6 vitamin (piridoxin-hidroklorid 3a831) 3 mg, D (+) biotin 350 µg, kalcium-D-pantotenát 10 mg, niacin 45 mg, B12 vitamin 60µg, antioxidánsok: magas tokoferoltartalmú természetes eredetű kivonatok. Nyomelemek / kg: Vas (E1; vas(II)szulfát; monohidrát) 80 mg, réz (E4; réz(II)szulfát; pentahidrát) 8 mg, cink (E6; cinkoxid; aminosav-cinkkelát; hidrát) 80 mg, mangán (E5; mangán(II)oxid) 5 mg, jód (E2; kalcium-jodát; vízmentes) 2 mg, szelén (E8; nátrium-szelenit) 0.15 mg Tovább olvasok"}
{"breadcrumb": "Főoldal/Kutya/Eledelek/Száraz eledelek/Happy Dog Natur Croq száraz kutyaeledel senior 15kg", "product_name": "Happy Dog Natur Croq száraz kutyaeledel senior 15kgHappy Dog Natur Croq száraz kutyaeledel senior 15kg", "brand": "Happy DogNatur Croq12,1kg – 15kgIdősszárnyas", "regular_price": "9 999", "selling_price": "8 999", "price_per_unit": "1 kg=1007 Ft", "product_url": "https://webshop.fressnapf.hu/termekek/happy-dog-natur-croq-szaraz-kutyaeledel-senior-15kg/", "product_description": "Optimális tápanyagtartalom a kutyák idős kori egészségéért. A testmérettől függően eltérő gyorsasággal öregszenek a kutyák: a nagyobb testű fajták gyorsabban, mint a kisebbek. Azonban valamennyi idős kutyának kiváló minőségű és könnyen emészthető nyersanyagokat tartalmazó és speciális élelmi rostokban gazdag kutyaeledelre van szüksége. A belső szervek védelme érdekében az idős kutyák eledelében csökkenteni kell a fehérje, a nátrium és a foszfor értékét. A kiegyensúlyozott és könnyen emészthető NaturCroq Senior eledel teljesíti ezeket a követelményeket. -Csökkentett fehérje, nátrium és foszfor tartalom -Extra adag C-vitaminnal -21/8 (fehérje/zsír) -Bajorországban termesztett természetes alapanyagokból készül -Értékes helyi gyógynövényekkel Összetétel: szárnyashúsliszt, teljes kiőrlésű búza, búzaliszt, teljes kiőrlésű árpa, teljes kiőrlésű kukorica, kukoricaliszt, rizsliszt, halliszt, melaszos cukorrépaszelet* (cukormentesített), szárnyaszsír, marhafaggyú, májhidrolizátum, almatörköly (szárított) (0,8%), élesztő (szárított), malátacsíra, konyhasó, zöldzab (szárított), napraforgó (szárított), zsázsa (szárított), petrezselyem (szárított), (Bazsalikom összesen: 0,3%) Analitikai összetevők: Nyersfehérje 21.0%, nyerszsír 8.0%, nyersrost 2.5%, nyershamu 5.0%, kalcium 0.9%, foszfor 0.7%, nátrium 0.25%, kálium 0.5%, magnézium 0.1%, omega-6 zsírsavak 1.8%, omega-3 zsírsavak 0.2% Adalékanyagok: Vitaminok / kg: A vitamin (E672) 10250 I.E., D3 vitamin (E671) 1000 I.E., E vitamin (all-rac-alfa-tokoferil-acetát 3a700) 60 mg, B1 vitamin (tiamin-mononitrát) 4 mg, B2 vitamin (riboflavin) 6 mg, B6 vitamin (piridoxin-hidroklorid 3a831) 3 mg, D (+) biotin 350 µg, kalcium-D-pantotenát 10 mg, niacin 45 mg, B12 vitamin 60µg, antioxidánsok: magas tokoferoltartalmú természetes eredetű kivonatok. Nyomelemek / kg: Vas (E1; vas(II)szulfát; monohidrát) 80 mg, réz (E4; réz(II)szulfát; pentahidrát) 8 mg, cink (E6; cinkoxid; aminosav-cinkkelát; hidrát) 80 mg, mangán (E5; mangán(II)oxid) 5 mg, jód (E2; kalcium-jodát; vízmentes) 2 mg, szelén (E8; nátrium-szelenit) 0.15 mg Tovább olvasok"}
{"breadcrumb": "Főoldal/Kutya/Eledelek/Száraz eledelek/Happy Dog Natur Croq száraz kutyaeledel senior 4kg", "product_name": "Happy Dog Natur Croq száraz kutyaeledel senior 4kgHappy Dog Natur Croq száraz kutyaeledel senior 4kg", "brand": "Happy DogNatur Croq1,1kg – 4kgIdősszárnyas", "regular_price": "3 699", "selling_price": "3 499", "price_per_unit": "1 kg=1425 Ft", "product_url": "https://webshop.fressnapf.hu/termekek/happy-dog-natur-croq-szaraz-kutyaeledel-senior-4kg/", "product_description": "Optimális tápanyagtartalom a kutyák idős kori egészségéért. A testmérettől függően eltérő gyorsasággal öregszenek a kutyák: a nagyobb testű fajták gyorsabban, mint a kisebbek. Azonban valamennyi idős kutyának kiváló minőségű és könnyen emészthető nyersanyagokat tartalmazó és speciális élelmi rostokban gazdag kutyaeledelre van szüksége. A belső szervek védelme érdekében az idős kutyák eledelében csökkenteni kell a fehérje, a nátrium és a foszfor értékét. A kiegyensúlyozott és könnyen emészthető NaturCroq Senior eledel teljesíti ezeket a követelményeket. -Csökkentett fehérje, nátrium és foszfor tartalom -Extra adag C-vitaminnal -21/8 (fehérje/zsír) -Bajorországban termesztett természetes alapanyagokból készül -Értékes helyi gyógynövényekkel Összetétel: szárnyashúsliszt, teljes kiőrlésű búza, búzaliszt, teljes kiőrlésű árpa, teljes kiőrlésű kukorica, kukoricaliszt, rizsliszt, halliszt, melaszos cukorrépaszelet* (cukormentesített), szárnyaszsír, marhafaggyú, májhidrolizátum, almatörköly (szárított) (0,8%), élesztő (szárított), malátacsíra, konyhasó, zöldzab (szárított), napraforgó (szárított), zsázsa (szárított), petrezselyem (szárított), (Bazsalikom összesen: 0,3%) Analitikai összetevők: Nyersfehérje 21.0%, nyerszsír 8.0%, nyersrost 2.5%, nyershamu 5.0%, kalcium 0.9%, foszfor 0.7%, nátrium 0.25%, kálium 0.5%, magnézium 0.1%, omega-6 zsírsavak 1.8%, omega-3 zsírsavak 0.2% Adalékanyagok: Vitaminok / kg: A vitamin (E672) 10250 I.E., D3 vitamin (E671) 1000 I.E., E vitamin (all-rac-alfa-tokoferil-acetát 3a700) 60 mg, B1 vitamin (tiamin-mononitrát) 4 mg, B2 vitamin (riboflavin) 6 mg, B6 vitamin (piridoxin-hidroklorid 3a831) 3 mg, D (+) biotin 350 µg, kalcium-D-pantotenát 10 mg, niacin 45 mg, B12 vitamin 60µg, antioxidánsok: magas tokoferoltartalmú természetes eredetű kivonatok. Nyomelemek / kg: Vas (E1; vas(II)szulfát; monohidrát) 80 mg, réz (E4; réz(II)szulfát; pentahidrát) 8 mg, cink (E6; cinkoxid; aminosav-cinkkelát; hidrát) 80 mg, mangán (E5; mangán(II)oxid) 5 mg, jód (E2; kalcium-jodát; vízmentes) 2 mg, szelén (E8; nátrium-szelenit) 0.15 mg Tovább olvasok"}
{"breadcrumb": "Főoldal/Kutya/Eledelek/Jutalomfalatok&rágcsák/Happy Dog Neuseeland Snack Soft kutya jutalomfalat mini 100g", "product_name": "Happy Dog Neuseeland Snack Soft kutya jutalomfalat mini 100gHappy Dog Neuseeland Snack Soft kutya jutalomfalat mini 100g", "brand": "Happy Dog0g – 100gFelnőttjuh&bárány&kecskegabonamenteskistestű 10kg-igpuha falatok", "regular_price": "799", "selling_price": "", "price_per_unit": "1 kg=7990 Ft", "product_url": "https://webshop.fressnapf.hu/termekek/happy-dog-neuseeland-snack-soft-kutya-jutalomfalat-mini-100g/", "product_description": "Kiegészítő állateledel báránnyal felnőtt kutyák számára 10 kg-ig. – Puha, szív alakú jutalomfalat – Búzamentes összetétel – Hozzáadott cukor nélkül – Egyfehérjés: bárányhússal – Ideális kistestű kutyáknak Összetétel: Növényi melléktermék, bárányfehérje* (16%), rizsliszt, kukoricaliszt, kukorica, rizsfehérje* baromfizsír, májhidrolizátum, napraforgóolaj, kálium-klorid, repceolaj, élesztő*, nátrium-klorid, szárított tojás, tengeri alga*, kagylóhús*, élesztő (kivonat) *szárított Adalékanyagok/kg: Vitaminok: A-vitamin (3a672a) 9500 NE, D3-vitamin (3a671) 950 NE, taurin (3a370) 400 mg. Antioxidánsok: Növényi olajokból származó tokoferol kivonatok (1b306(i)). Nyomelemek: vas (3b103) 80 mg, réz (3b405) 8 mg, cink (3b603, 3b606) 100 mg, mangán (3b502) 20 mg, jód (3b202) 1,5 mg, szelén (3b801) 0,1 mg. Tovább olvasok"}
{"breadcrumb": "Főoldal/Kutya/Eledelek/Száraz eledelek/Happy Dog Starter puppy száraz kutyaeledel 1,5kg", "product_name": "Happy Dog Starter puppy száraz kutyaeledel 1,5kgHappy Dog Starter puppy száraz kutyaeledel 1,5kg", "brand": "Happy DogStarterKölyök1,1kg – 4kgszárnyasgluténmentes", "regular_price": "9 999", "selling_price": "8 999", "price_per_unit": "1 kg=3133 Ft", "product_url": "https://webshop.fressnapf.hu/termekek/happy-dog-starter-puppy-szaraz-kutyaeledel-15kg/", "product_description": "Finom szemcsés szerkezet a száraz eledelre való hozzászoktatáshoz Keverje össze vízzel, vagy tejjel, hogy sűrű pépet kapjon Kölyökkutyáknak 21 napos kortól Gluténmentes összetevők Magas minőségű teljesértékű granulátum kölyökkutyáknak az elválasztási időszakban. Optimálisan összeállított eledel kölyökkutyák számára az egészséges fejlődéshez. A Happy Dog Baby Starter magas minőségű szárnyashúst, lazacot, tápláló új-zélandi zöldajkú kagyló kivonatot és állatorvosok által javasolt 29% fehérjét tartalmaz. Finom szemcsés struktúrájának köszönhetően optimálisan alkalmas az anyatejről való problémamentes és kímélő elválasztásra, ami 4 hetes kortól kezdődik. Az 5. és a 6. héten fokozatosan megtörténik a megfelelő Happy Dog Baby termékre való átállás. A kölyökkutyák sokszínű és kiegyensúlyozott táplálása során a Happy Dog Natural Life Concept® segít a hiánytünetek megelőzésében. Összetétel: Szárnyashús fehérje* (26.5%), kukoricaliszt, rizsliszt, szárnyashús zsiradék, lazachús (5%), burgonyafehérje*, burgonya*, cellulóz*, melaszos cukorrépaszelet* (cukormentesített), napraforgóolaj, almatörköly* (0.6%), szárított egész tojás, repceolaj, nátrium-klorid, élesztő*, kálium-klorid, hínár* (0.15%), lenmag (0.15%), élesztő kivonat*, őszbogáncs, articsóka, gyermekláncfű, gyömbér, nyírfalevél, aprócsalán, kamilla, koriander, rozmaring, orvosi zsálya, medvecukor gyökér, kakukkfű, kagylóhús* (0.01%), (összes szárított gyógynövény: 0.14%). (* szárított; ** szárított, részben hidrolizált) Analitikai összetevők: Nyersfehérje 29%, nyerszsír 16%, nyersrost 3.0%, nyershamu 6.5%, kalcium 1.4%, foszfor 1.0%, nátrium 0.4%, omega-6 zsírsavak 3.0%, omega-3 zsírsavak 0.4% Adalékanyagok: Vitaminok/kg: A-vitamin (E672) 12000 I.E., D3-vitamin (E671) 1200 I.E., E-vitamin (all-rac-alpha-tocopheryl acetate 3a700) 75 mg, B1-vitamin 4 mg, B2-vitamin (riboflavin) 6 mg, B6-vitamin (pyridoxine hydrochloride 3a831) 4 mg, D-(+) biotin 575 mcg, calcium-d-pantothenate 10 mg, niacin 40 mg, B12-vitamin 70 mcg, cholineklorid 60 mg, Antioxidáns: tokoferol-gazdag természetes eredetű kivonatok. Nyomelemek/kg: vas (E1) 105 mg, réz (E4) 10 mg, cink (E6) cink-oxid 100 mg, mangán (E5 mangán (II) oxid) 25 mg, jód (E2 kalcium-jodid; vízmentes) 125 mg, szelén (E8 nátrium- selenite) 25 mg Tovább olvasok"}
{"breadcrumb": "Főoldal/Kutya/Eledelek/Száraz eledelek/Happy Dog Supreme Africa mini száraz kutyaeledel 800g", "product_name": "Happy Dog Supreme Africa mini száraz kutyaeledel 800gHappy Dog Supreme Africa mini száraz kutyaeledel 800g", "brand": "Happy DogSupreme601g – 800gFelnőttvegyesgabonamenteskistestű 10kg-ig", "regular_price": "9 999", "selling_price": "8 999", "price_per_unit": "1 KG=4124 Ft", "product_url": "https://webshop.fressnapf.hu/termekek/happy-dog-supreme-africa-mini-szaraz-kutyaeledel-800g/", "product_description": "A finom struccal készült gabonamentes receptúrát kedvence különösen jól tolerálja, ezért a kis fajták igényes és táplálkozásra érzékeny ínyenceinek is ideális. A fényes szőrzetet támogató értékes omega-3 és omega-6 zsírsavak teszik teljessé ezt a különleges receptúrát, amely az egyedülálló Happy Dog Natural Life koncepción alapul. Összetétel: Burgonya*, struccfehérje* (16 %), burgonyafehérje*, olajok és zsírok, hidrolizált fehérje, cukorrépa-melasz* (cukrozatlan), almapogácsa*, nátrium-klorid, élesztő* (extrahálva); *) szárítva. Analitikai összetevők: Nyersfehérje 24,0%, nyerszsír 12,0%, nyersrost 2,5%, nyershamu 8,5%, kalcium 1,3%, foszfor 0,95%, nátrium 0,45%, omega-6 zsírsavak 2,5%, Omega-3 zsírsavak 0,3%. Adalékanyagok:Vitaminok / kg: A-vitamin (3a672a) 15000 NE, D3-vitamin (3a671) 900 NE, taurin (3a370) 500 mg. Nyomelemek / kg: Vas (mint 3b103) 65 mg, réz (mint 3b405) 13 mg, cink (mint 3b603) 85 mg, mangán (mint 3b502) 16 mg, jód (mint 3b202) 1,5 mg, szelén (nátrium-szelenit 3b801) 0,25 mg. Aminosavak / kg: DL metionin (3c301) 2700 mg. Antioxidáns, tokoferol kivonatok növényi olajokból 1b306(i) Tovább olvasok"}
{"breadcrumb": "Főoldal/Kutya/Eledelek/Száraz eledelek/Happy Dog Supreme Canada mini száraz kutyaeledel 800g", "product_name": "Happy Dog Supreme Canada mini száraz kutyaeledel 800gHappy Dog Supreme Canada mini száraz kutyaeledel 800g", "brand": "Happy DogSupreme601g – 800gFelnőttvegyesgabonamenteskistestű 10kg-ig", "regular_price": "3 699", "selling_price": "3 499", "price_per_unit": "1 kg=3499 Ft", "product_url": "https://webshop.fressnapf.hu/termekek/happy-dog-supreme-canada-mini-szaraz-kutyaeledel-800g/", "product_description": "Teljes értékű eledel felnőtt kutyáknak 10 kg-ig. Nem csak az aktív, érzékeny négylábúak fogják élvezni a finom lazacot, ízletes nyulat és könnyen emészthető bárányt tartalmazó összetételt. A gondosan válogatott összetevőket tartalmazó gabonamentes receptúrát kedvence különösen jól tolerálja, ezért a kis fajták igényes és táplálkozásra érzékeny ínyenceinek is ideális. Az értékes új-zélandi zöld kagyló támogatja az ízületeket. Összetétel: Burgonya*, olajok és zsírok, lazacliszt (9%), nyúlfehérje* (9%), bárányfehérje* (9%), burgonyafehérje*, cukrozatlan répamelasz*, hidrolizált fehérje, cellulóz, almatörköly*, szárított egész tojás, lenmag, élesztő*, áfonya*, tengeri moszat*, kagylóhús* (0,04%), élesztő* (extrahálva), máriatövis, yucca schidigera*, articsóka, gyermekláncfű, gyömbér, nyírfalevél, csalán, kamilla, koriander, rozmaring, zsálya, édesgyökér, kakukkfű (szárított gyógynövények összesen: 0,15 %); *) szárított Analitikai összetevők: nyersfehérje 25,0 %, nyerszsír 14,0 %, nyersrost 3,5 %, nyershamu 8,0 %, kalcium 1,4 %, foszfor 1,05 %, nátrium 0,45 %, omega-6 zsírsavak 2,5 %, omega-3 zsírsavak 0,3 %. Adalékanyagok: Vitaminok / kg: A-vitamin (3a672a) 15000 NE, D3-vitamin (3a671) 900 NE. Nyomelemek/kg: Vas (mint 3b103) 65 mg, réz (mint 3b405) 13 mg, cink (mint 3b603) 85 mg, mangán (mint 3b502) 16 mg, jód (mint 3b202) 1,5 mg, szelén (nátrium-szelenit 3b801) 0,25 mg. Savanyúságot szabályozó anyagok/kg: Citromsav (1a330) 200 mg. Antioxidáns, tokoferol kivonatok növényi olajokból 1b306(i) Tovább olvasok"}
{"breadcrumb": "Főoldal/Kutya/Eledelek/Száraz eledelek/Happy Dog Supreme France mini száraz kutyaeledel 800g", "product_name": "Happy Dog Supreme France mini száraz kutyaeledel 800gHappy Dog Supreme France mini száraz kutyaeledel 800g", "brand": "Happy DogSupreme601g – 800gFelnőttvegyesgabonamenteskistestű 10kg-ig", "regular_price": "3 799", "selling_price": "3 299", "price_per_unit": "1 kg=3661 Ft", "product_url": "https://webshop.fressnapf.hu/termekek/happy-dog-supreme-france-mini-szaraz-kutyaeledel-800g/", "product_description": "Teljes értékű eledel felnőtt, normál aktivitású kutyáknak 10 kg-ig. Az ízletes kacsát tartalmazó gabona nélküli receptúra különösen jól tolerálható, az értékes omega-3 és 6 zsírsavak pedig támogatják kutyája fényes szőrzetét és egészséges bőrét. Az egyedülálló Happy Dog Natural Life Concept® alapján készült prémium teljes értékű eledel ideális az igényes és táplálkozási szempontból érzékeny kis fajtájú ínyencek számára. Összetétel: Burgonya*, kacsafehérje* (25 %), olajok és zsírok, burgonyafehérje*, cukrozatlan répamelasz*, hidrolizált fehérje, almacsutka*, élesztő* (extrahálva); *) szárítva. Analitikai összetevők: nyersfehérje 24,0 %, nyerszsír 12,0 %, nyersrost 2,5 %, nyershamu 7,5 %, kalcium 1,35 %, foszfor 0,95 %, nátrium 0,35 %, omega-6 zsírsavak 2,5 %, omega-3 zsírsavak 0,3 %. Adalékanyagok: Vitaminok / kg: A-vitamin (3a672a) 15000 NE, D3-vitamin (3a671) 900 NE. Nyomelemek / kg: vas (mint 3b103) 55 mg, réz (mint 3b405) 12 mg, cink (mint 3b603) 70 mg, mangán (mint 3b502) 14 mg, jód (mint 3b202) 1,5 mg, szelén (mint 3b801) 0,2 mg. Aminosavak / kg: DL-metionin (3c301) 3200 mg. Antioxidáns, tokoferol kivonatok növényi olajokból 1b306(i). Tovább olvasok"}
{"breadcrumb": "Főoldal/Kutya/Eledelek/Száraz eledelek/Happy Dog Supreme Ireland mini száraz kutyaeledel 4kg", "product_name": "Happy Dog Supreme Ireland mini száraz kutyaeledel 4kgHappy Dog Supreme Ireland mini száraz kutyaeledel 4kg", "brand": "Happy DogSupreme1,1kg – 4kgFelnőttvegyesgabonamenteskistestű 10kg-ig", "regular_price": "3 699", "selling_price": "3 299", "price_per_unit": "1 kg=2100 Ft", "product_url": "https://webshop.fressnapf.hu/termekek/happy-dog-supreme-ireland-mini-szaraz-kutyaeledel-4kg/", "product_description": "Teljes értékű eledel felnőtt, normál aktivitású kutyáknak 10 kg-ig. Ez a finom lazacból és ízletes nyúlból álló kiváló összetétel kiegyensúlyozott étrendet biztosít négylábú ínyencének. A búza nélküli receptúra az egyedülálló Happy Dog Natural Life Concept® alapján készült, és a sok omega-3 és 6 zsírsavnak köszönhetően támogatja a fényes szőrzetet és az ép bőrt. A válogatott gyógynövények értékes tulajdonságaival kombinálva ideális eledel az igényes és érzékeny kis fajtájú ínyencek számára. Összetétel: Zab, lazacliszt (12,5%), nyúlfehérje* (12,5%), árpa, kukorica, burgonya*, olajok és zsírok, burgonyafehérje*, hidrolizált fehérje, cukorrépa-melasz* (cukrozatlanított), almatörköly*, kálium-klorid, élesztő*, nátrium-klorid, kalcium-karbonát, tengeri moszat*, lenmag, szárított egész tojás, kagylóhús* (0,05 %), máriatövis, yucca schidigera*, élesztő* (extrahálva), articsóka, gyermekláncfű, gyömbér, nyírfalevél, csalán, kamilla, koriander, rozmaring, zsálya, édesgyökér, kakukkfű (szárított gyógynövények összesen: 0,16 %); *) szárított Analitikai összetevők: nyersfehérje 24,0 %, nyerszsír 12,0 %, nyersrost 3,0 %, nyershamu 7,0 %, kalcium 1,0 %, foszfor 0,85 %, nátrium 0,55 %, omega-6 zsírsavak 2,5 %, omega-3 zsírsavak 0,3 %. Adalékanyagok: Vitaminok / kg: A-vitamin (3a672a) 17000 NE, D3-vitamin (3a671) 900 NE. Nyomelemek / kg: Vas (mint 3b103) 50 mg, réz (mint 3b405) 10 mg, cink (mint 3b603, 3b606) 100 mg, mangán (mint 3b502) 25 mg, jód (mint 3b202) 2 mg, szelén (mint 3b801) 0,1 mg. Antioxidáns, tokoferol kivonatok növényi olajokból 1b306(i). Tovább olvasok"}
{"breadcrumb": "Főoldal/Kutya/Eledelek/Száraz eledelek/Happy Dog Supreme Neuseeland mini száraz kutyaeledel 4kg", "product_name": "Happy Dog Supreme Neuseeland mini száraz kutyaeledel 4kgHappy Dog Supreme Neuseeland mini száraz kutyaeledel 4kg", "brand": "Happy DogSupreme1,1kg – 4kgFelnőttvegyesgabonamenteskistestű 10kg-ig", "regular_price": "3 499", "selling_price": "2 999", "price_per_unit": "1 kg=2075 Ft", "product_url": "https://webshop.fressnapf.hu/termekek/happy-dog-supreme-neuseeland-mini-szaraz-kutyaeledel-4kg/", "product_description": "Etesse négylábú barátját Happy Dog Sensible Mini új-zélandi szárazeledellel: igazi csemege, amely a könnyen emészthető bárányhúsnak és a gluténmentes receptnek köszönhetően különösen kíméli a gyomrot és a beleket. A gondosan válogatott, teljesen természetes összetevőknek köszönhetően ez a kutyatáp rendkívül ízletes és jól tolerálható. Ráadásul a krokett mérete kifejezetten a kistestű kutyák fogaihoz van igazítva. A Happy Dog táplálkozási koncepciója a létfontosságú tápanyagok és természetes összetevők kombinációját biztosítja a Happy Dog Sensible Mini Új-Zélandi. A zöld új-zélandi kagyló támogatja a kiskutya ízületeit, az omega-3 és omega-6 zsírsavak pedig jót tesznek az ép szőrzetnek. Összetétel: Bárányfehérje* (19 %), rizs, kukoricaliszt, kukorica, rizsfehérje*, olajok és zsírok, cukrozatlan répamelasz*, hidrolizált fehérje, almapogácsa*, kálium-klorid, élesztő*, nátrium-klorid, tengeri moszat*, lenmag, kagylóhús* (0,04 %), máriatövis, élesztő* (extrahálva), articsóka, gyermekláncfű, gyömbér, nyírfa, csalán, kamilla, koriander, rozmaring, zsálya, édesgyökér, kakukkfű (szárított gyógynövények összesen 0,17 %). *) szárított Analitikai összetevők: Nyersfehérje 24,0 %, nyerszsír 12,0 %, nyersrost 2,0 %, nyershamu 8,0 %, kalcium 1,7 %, foszfor 1,05 %, nátrium 0,45 %, omega-6 zsírsavak 3,0 %, omega-3 zsírsavak 0,3 %. Adalékanyagok: Vitaminok/kg: A-vitamin (3a672a) 18000 NE, D3-vitamin (3a671) 1000 NE, taurin (3a370) 500 mg. Nyomelemek/kg: Vas (mint 3b103) 55 mg, réz (mint 3b405) 11 mg, cink (mint 3b603, 3b606) 110 mg, mangán (mint 3b502) 26 mg, jód (mint 3b202) 2 mg, szelén (mint 3b801) 0,1 mg. Antioxidáns, tokoferol kivonatok növényi olajokból 1b306(i) Tovább olvasok"}
{"breadcrumb": "Főoldal/Kutya/Eledelek/Száraz eledelek/Happy Dog Supreme Neuseeland mini száraz kutyaeledel 800g", "product_name": "Happy Dog Supreme Neuseeland mini száraz kutyaeledel 800gHappy Dog Supreme Neuseeland mini száraz kutyaeledel 800g", "brand": "Happy DogSupreme601g – 800gFelnőttvegyesgabonamenteskistestű 10kg-ig", "regular_price": "3 799", "selling_price": "3 299", "price_per_unit": "1 KG=3749 Ft", "product_url": "https://webshop.fressnapf.hu/termekek/happy-dog-supreme-neuseeland-mini-szaraz-kutyaeledel-800g/", "product_description": "Teljes értékű eledel felnőtt, normál aktivitású kutyáknak 10 kg-ig. Kényeztesse négylábú barátját a Happy Dog Mini New Zealand kiváló összetételével. Az ízletes bárányhússal készült gabonamentes receptúra különösen gyomor- és bélkímélő, és az egyedülálló Happy Dog Natural Life Concept® alapján készült. A válogatott gyógynövények és a zöld új-zélandi kagyló értékes tulajdonságaival kombinálva ideális eledel az igényes és érzékeny kis termetű fajták ínyenceinek. Összetétel: Bárányfehérje* (19 %), rizs, kukoricaliszt, kukorica, rizsfehérje*, olajok és zsírok, cukrozatlan répamelasz*, hidrolizált fehérje, almapogácsa*, kálium-klorid, élesztő*, nátrium-klorid, tengeri moszat*, lenmag, kagylóhús* (0,04 %), máriatövis, élesztő* (extrahálva), articsóka, gyermekláncfű, gyömbér, nyírfa, csalán, kamilla, koriander, rozmaring, zsálya, édesgyökér, kakukkfű (szárított gyógynövények összesen 0,17 %); *) szárítva. Analitikai összetevők: Nyersfehérje 24,0%, nyerszsír 12,0%, nyersrost 2,0%, nyershamu 8,0%, kalcium 1,7%, foszfor 1,05%, nátrium 0,45%, omega-6 zsírsavak 3,0%, omega-3 zsírsavak 0,3%. Adalékanyagok: Vitaminok / kg: A-vitamin (3a672a) 18000 NE, D3-vitamin (3a671) 1000 NE, taurin (3a370) 500 mg. Nyomelemek / kg: vas (mint 3b103) 55 mg, réz (mint 3b405) 11 mg, cink (mint 3b603, 3b606) 110 mg, mangán (mint 3b502) 26 mg, jód (mint 3b202) 2 mg, szelén (mint 3b801) 0,1 mg Antioxidáns, tokoferol kivonatok növényi olajokból 1b306(i). Tovább olvasok"}
{"breadcrumb": "Főoldal/Kutya/Eledelek/Száraz eledelek/Happy Dog Supreme Sensible Greece száraz kutyaeledel 1kg", "product_name": "Happy Dog Supreme Sensible Greece száraz kutyaeledel 1kgHappy Dog Supreme Sensible Greece száraz kutyaeledel 1kg", "brand": "Happy DogSensible801g – 1kgFelnőttvegyesegészséges felnőtt táplálás", "regular_price": "3 799", "selling_price": "3 299", "price_per_unit": "1 kg=2869 Ft", "product_url": "https://webshop.fressnapf.hu/termekek/happy-dog-supreme-sensible-greece-szaraz-kutyaeledel-1kg/", "product_description": "Kényeztesd négylábú kedvencedet ízletes bárány, garnélarák és tintahal ellenállhatatlan kompozíciójával, mediterrán zöldségválogatással párosítva. Ez a búzamentes és rendkívül ízletes összetétel a napraforgó- és repceolajnak köszönhetően rengeteg omega-3 és omega-6 zsírsavat tartalmaz, ezzel járul hozzá az ép bőr és fényes szőrzet megtartásához. Tökéletes választás mindenkinek, aki szeretne kedvencének kiegyensúlyozott kényeztetést nyújtani. Összetétel: Rizsliszt, bárányfehérje* (15%), rizsfehérje*, napraforgóolaj, melaszos cukorrépaszelet* (cukormentesített), halliszt, májhidrolizátum, lenmag, almatörköly*, repceolaj, garnélarák*/** (1%), kalamári (tintahal)*/** (1%), kálium-klorid, élesztő*, nátrium-klorid, tengeri alga*, paprika* (piros és zöld), rozmaring, paradicsom*, olívalevél*, cukkini*, kagylóhús* (0,05%), élesztő* (kivonat), máriatövis, articsóka, gyermekláncfű, gyömbér, nyírfalevél, csalán, kamilla, koriander, zsálya, édesgyökér, kakukkfű (zöldségek összesen: 0,5%, szárított gyógynövények összesen: 0,16%); *)szárított; **) 4% friss garnélaráknak felel meg, 4% friss tintahalnak felel meg. Analitikai összetevők: Nyersfehérje 21.0%, nyerszsír 10.0%, nyersrost 2.5%, nyershamu 7.0%, kalcium 1.5%, foszfor 0.9%, nátrium 0.4%, kálium 0.6%, magnézium 0.07%, omega-6 zsírsavak 4.0%, omega-3 zsírsavak 0.5% Adalékanyagok: Vitaminok / kg: A-vitamin (3a672a) 12000 I.E., D3-vitamin (3a671) 1200 I.E., E-vitamin (all-rac-alfa-tokoferil-acetát 3a700) 75 mg, B1-vitamin (tiamin-mononitrát 3a821) 4 mg, B2-vitamin (riboflavin 3a825ii) 6 mg, B6-vitamin (piridoxin-hidroklorid 3a831) 4 mg, biotin (3a880) 575 mcg, kalcium-D-pantotenát (3a841) 10 mg, niacin (3a314) 40 mg, B12-vitamin 70 mcg, kolin-klorid (3a890) 60 mg, Antioxidáns; növényi olajok tokoferol tartalmú kivonatai 1b306(i). Nyomelemek / kg: vas (vas(II)-szulfát; 3b103 monohidrát) 110 mg, réz (réz(II)-szulfát-pentahidrát 3b405) 12 mg, cink (cinkoxid 3b603 110 mg, aminosav cink-kelát; hidrát 3b606 25 mg,) 135 mg, mangán (mangán(II)-oxid 3b502) 25 mg, jód (kalcium-jodát; vízmentes 3b202) 2 mg, szelén (nátrium-szelenit 3b801) 0.15 mg Etetési javaslat: Tálald szárazon, vagy öntsd fel friss meleg vízzel (kb. 60 °C), és hagyd ázni pár percig. Biztosíts kedvencednek mindig friss ivóvizet. Ha jutalomfalatot vagy más eledelt is adsz kutyádnak, csökkenteni kell az eledel mennyiségét. A kutyák egyéni anyagcsere-különbsége miatt a megadott napi mennyiség hízásra való hajlam esetén akár 15%-kal is csökkenthető Tovább olvasok"}
{"breadcrumb": "Főoldal/Kutya/Eledelek/Száraz eledelek/Happy Dog Supreme Sensible száraz kutyaeledel junior bárány&rizs 10kg", "product_name": "Happy Dog Supreme Sensible száraz kutyaeledel junior bárány&rizs 10kgHappy Dog Supreme Sensible száraz kutyaeledel junior bárány&rizs 10kg", "brand": "Happy DogSensible4,1kg – 10kgKölyökjuh&bárány&kecske", "regular_price": "3 799", "selling_price": "3 299", "price_per_unit": "1 kg=1660 Ft", "product_url": "https://webshop.fressnapf.hu/termekek/happy-dog-supreme-sensible-szaraz-kutyaeledel-junior-baranyrizs-10kg/", "product_description": "A kutyák 7 hónapos korban hajlamosak a hirtelen növekedésre, ezért az eledel energia és fehérje tartalma mérsékelt kell legyen! A Happy Dog Sensible Junior Lamm & Reis ideális energia, illetve fehérjetartalommal rendelkezik. Az ízletes, csirkementes receptúra a bárány mellett, jó minőségű Új-Zélandi zöldajkú kagylót és a könnyen emészthető rizst tartalmaz. A szív alakú tápszemek különösen könnyen emészthetők. Amikor elérik a 18 hónapos kort lassanként érdemes átállni egy megfelelő Happy Dog Adult termékre, mint például a szintén bárány és rizs tartalmú „Neuseeland”. Németországban gyártva, szigorú minőségi követelményeknek megfelelően. Összetétel: Bárányfehérje* (19%), rizsliszt (17%), kukoricaliszt, töpörtyű, marhazsír, májhidrolizátum, napraforgóolaj, melaszos cukorrépaszelet* (cukormentesített), almatörköly* (0,8%), kálium-klorid, repceolaj, élesztő*, nátrium-klorid, tengeri alga, lenmag (0,17%), útifű maghéj, kagylóhús* (0,05%), yucca schidigera*, élesztő (kivonat), máriatövis, articsóka, gyermekláncfű, gyömbér, nyírfalevél, csalán, kamilla, koriander, rozmaring, zsálya, édesgyökér, kakukkfű, (szárított gyógynövények összesen 0,16%); *)szárított Adalékanyagok:Vitaminok/kg: A-vitamin (3a672a) 17000 NE, D3-vitamin (3a671) 1000 NE, E-vitamin (all-racalfa-tokoferil-acetát 3a700) 125 mg, B1-vitamin (tiamin-mononitrát 3a821) 4 mg, B2-vitamin (riboflavin 3a825ii) 4 mg, B6-vitamin (piridoxinhidroklorid 3a831) 4 mg, biotin (3a880) 495 mcg, kalcium-D-pantotenát (3a841) 10 mg, niacin (3a314) 50 mg, B12-vitamin 70 mcg, kolin-klorid (3a890) 55 mg, C-vitamin (nátriumkalcium-aszkorbil-foszfát 3a312) 30 mg Antioxidánsok, tokoferol kivonatok növényi olajokból 1b306(i) Nyomelemek/kg: vas (vas(II)szulfát, monohidrát 3b103) 105 mg, réz (réz(II)-szulfátpentahidrát 3b405) 10 mg, cink (cink-oxid 3b603 75 mg, aminosav-cink-kelát, hidrát 3b606 25mg) 100 mg, mangán (mangán(II)oxid 3b502) 25 mg, jód (vízmentes kalcium-jodát 3b202) 2 mg, szelén (nátrium-szelenit 3b801) 0,1 mg Etetési javaslat: Az ajánlott napi mennyiséget egyénileg a kutya szükségletéhez kell igazítani. Ne etesse túl ügyeljen az egyenletes növekedésre. Jutalomfalatok adása esetén az eledel mennyiségét annak megfelelően csökkenteni kell. Tipp: adja a napi ajánlott eledel mennyiségének egy részét jutalomfalatként kutyájának. Tálalja szárazon vagy öntse fel meleg vízzel és hagyja néhány percig állni. Napi 3-4 adagra bontsa fel az ajánlott mennyiséget. Friss ivóvíz mindig legyen elérhető kutyája számára. Tovább olvasok"}
{"breadcrumb": "Főoldal/Kutya/Eledelek/Száraz eledelek/Happy Dog Supreme Sensible száraz kutyaeledel junior bárány&rizs 1kg", "product_name": "Happy Dog Supreme Sensible száraz kutyaeledel junior bárány&rizs 1kgHappy Dog Supreme Sensible száraz kutyaeledel junior bárány&rizs 1kg", "brand": "Happy DogSensible801g – 1kgKölyökjuh&bárány&kecske", "regular_price": "3 799", "selling_price": "3 299", "price_per_unit": "1 kg=2869 Ft", "product_url": "https://webshop.fressnapf.hu/termekek/happy-dog-supreme-sensible-szaraz-kutyaeledel-junior-baranyrizs-1kg/", "product_description": "A kutyák 7 hónapos korban hajlamosak a hirtelen növekedésre, ezért az eledel energia és fehérje tartalma mérsékelt kell legyen! A Happy Dog Sensible Junior Lamm & Reis ideális energia, illetve fehérjetartalommal rendelkezik. Az ízletes, csirkementes receptúra a bárány mellett, jó minőségű Új-Zélandi zöldajkú kagylót és a könnyen emészthető rizst tartalmaz. A szív alakú tápszemek különösen könnyen emészthetők. Amikor elérik a 18 hónapos kort lassanként érdemes átállni egy megfelelő Happy Dog Adult termékre, mint például a szintén bárány és rizs tartalmú „Neuseeland”. Németországban gyártva, szigorú minőségi követelményeknek megfelelően. Összetétel: Bárányfehérje* (19%), rizsliszt (17%), kukoricaliszt, töpörtyű, marhazsír, májhidrolizátum, napraforgóolaj, melaszos cukorrépaszelet* (cukormentesített), almatörköly* (0,8%), kálium-klorid, repceolaj, élesztő*, nátrium-klorid, tengeri alga, lenmag (0,17%), útifű maghéj, kagylóhús* (0,05%), yucca schidigera*, élesztő (kivonat), máriatövis, articsóka, gyermekláncfű, gyömbér, nyírfalevél, csalán, kamilla, koriander, rozmaring, zsálya, édesgyökér, kakukkfű, (szárított gyógynövények összesen 0,16%); *)szárított Adalékanyagok:Vitaminok/kg: A-vitamin (3a672a) 17000 NE, D3-vitamin (3a671) 1000 NE, E-vitamin (all-racalfa-tokoferil-acetát 3a700) 125 mg, B1-vitamin (tiamin-mononitrát 3a821) 4 mg, B2-vitamin (riboflavin 3a825ii) 4 mg, B6-vitamin (piridoxinhidroklorid 3a831) 4 mg, biotin (3a880) 495 mcg, kalcium-D-pantotenát (3a841) 10 mg, niacin (3a314) 50 mg, B12-vitamin 70 mcg, kolin-klorid (3a890) 55 mg, C-vitamin (nátriumkalcium-aszkorbil-foszfát 3a312) 30 mg Antioxidánsok, tokoferol kivonatok növényi olajokból 1b306(i) Nyomelemek/kg: vas (vas(II)szulfát, monohidrát 3b103) 105 mg, réz (réz(II)-szulfátpentahidrát 3b405) 10 mg, cink (cink-oxid 3b603 75 mg, aminosav-cink-kelát, hidrát 3b606 25mg) 100 mg, mangán (mangán(II)oxid 3b502) 25 mg, jód (vízmentes kalcium-jodát 3b202) 2 mg, szelén (nátrium-szelenit 3b801) 0,1 mg Etetési javaslat: Az ajánlott napi mennyiséget egyénileg a kutya szükségletéhez kell igazítani. Ne etesse túl ügyeljen az egyenletes növekedésre. Jutalomfalatok adása esetén az eledel mennyiségét annak megfelelően csökkenteni kell. Tipp: adja a napi ajánlott eledel mennyiségének egy részét jutalomfalatként kutyájának. Tálalja szárazon vagy öntse fel meleg vízzel és hagyja néhány percig állni. Napi 3-4 adagra bontsa fel az ajánlott mennyiséget. Friss ivóvíz mindig legyen elérhető kutyája számára. Tovább olvasok"}
{"breadcrumb": "Főoldal/Kutya/Eledelek/Száraz eledelek/Happy Dog Supreme Sensible száraz kutyaeledel junior bárány&rizs 4kg", "product_name": "Happy Dog Supreme Sensible száraz kutyaeledel junior bárány&rizs 4kgHappy Dog Supreme Sensible száraz kutyaeledel junior bárány&rizs 4kg", "brand": "Happy DogSensible1,1kg – 4kgKölyökjuh&bárány&kecske", "regular_price": "9 999", "selling_price": "8 999", "price_per_unit": "1 kg=2137 Ft", "product_url": "https://webshop.fressnapf.hu/termekek/happy-dog-supreme-sensible-szaraz-kutyaeledel-junior-baranyrizs-4kg/", "product_description": "A kutyák 7 hónapos korban hajlamosak a hirtelen növekedésre, ezért az eledel energia és fehérje tartalma mérsékelt kell legyen! A Happy Dog Sensible Junior Lamm & Reis ideális energia, illetve fehérjetartalommal rendelkezik. Az ízletes, csirkementes receptúra a bárány mellett, jó minőségű Új-Zélandi zöldajkú kagylót és a könnyen emészthető rizst tartalmaz. A szív alakú tápszemek különösen könnyen emészthetők. Amikor elérik a 18 hónapos kort lassanként érdemes átállni egy megfelelő Happy Dog Adult termékre, mint például a szintén bárány és rizs tartalmú „Neuseeland”. Németországban gyártva, szigorú minőségi követelményeknek megfelelően. Összetétel: Bárányfehérje* (19%), rizsliszt (17%), kukoricaliszt, töpörtyű, marhazsír, májhidrolizátum, napraforgóolaj, melaszos cukorrépaszelet* (cukormentesített), almatörköly* (0,8%), kálium-klorid, repceolaj, élesztő*, nátrium-klorid, tengeri alga, lenmag (0,17%), útifű maghéj, kagylóhús* (0,05%), yucca schidigera*, élesztő (kivonat), máriatövis, articsóka, gyermekláncfű, gyömbér, nyírfalevél, csalán, kamilla, koriander, rozmaring, zsálya, édesgyökér, kakukkfű, (szárított gyógynövények összesen 0,16%); *)szárított Adalékanyagok:Vitaminok/kg: A-vitamin (3a672a) 17000 NE, D3-vitamin (3a671) 1000 NE, E-vitamin (all-racalfa-tokoferil-acetát 3a700) 125 mg, B1-vitamin (tiamin-mononitrát 3a821) 4 mg, B2-vitamin (riboflavin 3a825ii) 4 mg, B6-vitamin (piridoxinhidroklorid 3a831) 4 mg, biotin (3a880) 495 mcg, kalcium-D-pantotenát (3a841) 10 mg, niacin (3a314) 50 mg, B12-vitamin 70 mcg, kolin-klorid (3a890) 55 mg, C-vitamin (nátriumkalcium-aszkorbil-foszfát 3a312) 30 mg Antioxidánsok, tokoferol kivonatok növényi olajokból 1b306(i) Nyomelemek/kg: vas (vas(II)szulfát, monohidrát 3b103) 105 mg, réz (réz(II)-szulfátpentahidrát 3b405) 10 mg, cink (cink-oxid 3b603 75 mg, aminosav-cink-kelát, hidrát 3b606 25mg) 100 mg, mangán (mangán(II)oxid 3b502) 25 mg, jód (vízmentes kalcium-jodát 3b202) 2 mg, szelén (nátrium-szelenit 3b801) 0,1 mg Etetési javaslat: Az ajánlott napi mennyiséget egyénileg a kutya szükségletéhez kell igazítani. Ne etesse túl ügyeljen az egyenletes növekedésre. Jutalomfalatok adása esetén az eledel mennyiségét annak megfelelően csökkenteni kell. Tipp: adja a napi ajánlott eledel mennyiségének egy részét jutalomfalatként kutyájának. Tálalja szárazon vagy öntse fel meleg vízzel és hagyja néhány percig állni. Napi 3-4 adagra bontsa fel az ajánlott mennyiséget. Friss ivóvíz mindig legyen elérhető kutyája számára. Tovább olvasok"}
{"breadcrumb": "Főoldal/Kutya/Eledelek/Száraz eledelek/Happy Dog Supreme Sensible száraz kutyaeledel puppy bárány&rizs 1kg", "product_name": "Happy Dog Supreme Sensible száraz kutyaeledel puppy bárány&rizs 1kgHappy Dog Supreme Sensible száraz kutyaeledel puppy bárány&rizs 1kg", "brand": "Happy DogSensible801g – 1kgKölyökjuh&bárány&kecske", "regular_price": "9 999", "selling_price": "8 999", "price_per_unit": "1 kg=2869 Ft", "product_url": "https://webshop.fressnapf.hu/termekek/happy-dog-supreme-sensible-szaraz-kutyaeledel-puppy-baranyrizs-1kg/", "product_description": "A Happy Dog Baby Lamb & Rice csirkementes szárazeledelt különösen az érzékeny kölyökkutyáknak fejlesztettük ki, mely 4 hetes kortól adható. Az ízletes bárány, a könnyen-emészthető rizs és a jó minőségű új-zélandi zöldajkú kagyló biztosítja a kiegyensúlyozott étrendet és az optimális fejlődést. A szívalakú tápszemek különösen könnyen emészthetők. Ideális esetben kutyákat fokozatosan lehet átszoktatni erről az eledelről a Happy Dog Junior Lamb&Rice eledelre 7 hónapos kortól. Németországban gyártva, szigorú minőségi követelményeknek megfelelően. Összetétel: Bárányfehérje* (20%), rizsliszt (19%), tepertő, kukoricaliszt, marhazsír, rizsfehérje, napraforgóolaj, májhidrolizátum, melaszos cukorrépaszelet* (cukormentesített), cellulóz, almatörköly* (0,7%), repceolaj, kálium-klorid, élesztő*, nátrium-klorid, tengeri alga, lenmag (0,16%), útifű maghéj, kagylóhús* (0,05%), yucca schidigera*, élesztő (kivonat), máriatövis, articsóka, gyermekláncfű, gyömbér, nyírfalevél, csalán, kamilla, koriander, rozmaring, zsálya, édesgyökér, kakukkfű, (szárított gyógynövények összesen 0,16%); *)szárított Adalékanyagok: Vitaminok/kg: A-vitamin (3a672a) 17000 NE, D3-vitamin (3a671) 1000 NE, E-vitamin (all-racalfa-tokoferil-acetát 3a700) 125 mg, B1-vitamin (tiamin-mononitrát 3a821) 4 mg, B2-vitamin (riboflavin 3a825i) 4 mg, B6-vitamin (piridoxinhidroklorid 3a831) 4 mg, biotin (3a880) 495 mcg, kalcium-D-pantotenát (3a841) 10 mg, niacin (3a314) 50 mg, B12-vitamin 70 mcg, kolin-klorid (3a890) 55 mg, C-vitamin (nátriumkalcium-aszkorbil-foszfát 3a312) 30 mg Antioxidánsok, növényi olajok tokoferolkivonatai 1b306(i) Nyomelemek/kg: Vas (vas(II)-szulfát, monohidrát 3b103) 105 mg, réz (réz(II)-szulfát-pentahidrát 3b405) 10 mg, cink (cink-oxid 3b603 75 mg, aminosavcinkkelát, hidrát 3b606 25 mg) 100 mg, mangán (mangán(II)-oxid 3b502) 25 mg, jód (vízmentes kalcium-jodát 3b202) 2 mg, szelén (nátrium-szelenit 3b801) 0,1 mg Aminosavak/kg: L-triptofán (3c440) 1000 mg/kg Etetési javaslat: A kölyökkutyát rendszeresen le kell mérni, és dokumentálni a súlyát. Az ajánlott napi mennyiséget egyénileg a kutya szükségletéhez kell igazítani. Ne etesse túl – ügyeljen az egyenletes növekedésre. Jutalomfalatok adása esetén az eledel mennyiségét annak megfelelően csökkenteni kell. Tipp: adja a napi ajánlott eledel mennyiségének egy részét jutalomfalatként kutyájának. Tálalja szárazon vagy öntse fel meleg vízzel és hagyja néhány percig állni. Napi 3-4 adagra bontsa fel az ajánlott mennyiséget. Friss ivóvíz mindig legyen elérhető kutyája számára. Tovább olvasok"}
{"breadcrumb": "Főoldal/Kutya/Eledelek/Száraz eledelek/Happy Dog Supreme Sensible száraz kutyaeledel puppy bárány&rizs 4kg", "product_name": "Happy Dog Supreme Sensible száraz kutyaeledel puppy bárány&rizs 4kgHappy Dog Supreme Sensible száraz kutyaeledel puppy bárány&rizs 4kg", "brand": "Happy DogSensible1,1kg – 4kgKölyökjuh&bárány&kecske", "regular_price": "3 799", "selling_price": "3 299", "price_per_unit": "1 kg=2450 Ft", "product_url": "https://webshop.fressnapf.hu/termekek/happy-dog-supreme-sensible-szaraz-kutyaeledel-puppy-baranyrizs-4kg/", "product_description": "A Happy Dog Baby Lamb & Rice csirkementes szárazeledelt különösen az érzékeny kölyökkutyáknak fejlesztettük ki, mely 4 hetes kortól adható. Az ízletes bárány, a könnyen-emészthető rizs és a jó minőségű új-zélandi zöldajkú kagyló biztosítja a kiegyensúlyozott étrendet és az optimális fejlődést. A szívalakú tápszemek különösen könnyen emészthetők. Ideális esetben kutyákat fokozatosan lehet átszoktatni erről az eledelről a Happy Dog Junior Lamb&Rice eledelre 7 hónapos kortól. Németországban gyártva, szigorú minőségi követelményeknek megfelelően. Összetétel: Bárányfehérje* (20%), rizsliszt (19%), tepertő, kukoricaliszt, marhazsír, rizsfehérje, napraforgóolaj, májhidrolizátum, melaszos cukorrépaszelet* (cukormentesített), cellulóz, almatörköly* (0,7%), repceolaj, kálium-klorid, élesztő*, nátrium-klorid, tengeri alga, lenmag (0,16%), útifű maghéj, kagylóhús* (0,05%), yucca schidigera*, élesztő (kivonat), máriatövis, articsóka, gyermekláncfű, gyömbér, nyírfalevél, csalán, kamilla, koriander, rozmaring, zsálya, édesgyökér, kakukkfű, (szárított gyógynövények összesen 0,16%); *)szárított Adalékanyagok: Vitaminok/kg: A-vitamin (3a672a) 17000 NE, D3-vitamin (3a671) 1000 NE, E-vitamin (all-racalfa-tokoferil-acetát 3a700) 125 mg, B1-vitamin (tiamin-mononitrát 3a821) 4 mg, B2-vitamin (riboflavin 3a825i) 4 mg, B6-vitamin (piridoxinhidroklorid 3a831) 4 mg, biotin (3a880) 495 mcg, kalcium-D-pantotenát (3a841) 10 mg, niacin (3a314) 50 mg, B12-vitamin 70 mcg, kolin-klorid (3a890) 55 mg, C-vitamin (nátriumkalcium-aszkorbil-foszfát 3a312) 30 mg Antioxidánsok, növényi olajok tokoferolkivonatai 1b306(i) Nyomelemek/kg: Vas (vas(II)-szulfát, monohidrát 3b103) 105 mg, réz (réz(II)-szulfát-pentahidrát 3b405) 10 mg, cink (cink-oxid 3b603 75 mg, aminosavcinkkelát, hidrát 3b606 25 mg) 100 mg, mangán (mangán(II)-oxid 3b502) 25 mg, jód (vízmentes kalcium-jodát 3b202) 2 mg, szelén (nátrium-szelenit 3b801) 0,1 mg Aminosavak/kg: L-triptofán (3c440) 1000 mg/kg Etetési javaslat: A kölyökkutyát rendszeresen le kell mérni, és dokumentálni a súlyát. Az ajánlott napi mennyiséget egyénileg a kutya szükségletéhez kell igazítani. Ne etesse túl – ügyeljen az egyenletes növekedésre. Jutalomfalatok adása esetén az eledel mennyiségét annak megfelelően csökkenteni kell. Tipp: adja a napi ajánlott eledel mennyiségének egy részét jutalomfalatként kutyájának. Tálalja szárazon vagy öntse fel meleg vízzel és hagyja néhány percig állni. Napi 3-4 adagra bontsa fel az ajánlott mennyiséget. Friss ivóvíz mindig legyen elérhető kutyája számára. Tovább olvasok"}
{"breadcrumb": "Főoldal/Kutya/Eledelek/Száraz eledelek/Happy Dog Supreme Sensitive Andalucia száraz kutyaeledel 11kg", "product_name": "Happy Dog Supreme Sensitive Andalucia száraz kutyaeledel 11kgHappy Dog Supreme Sensitive Andalucia száraz kutyaeledel 11kg", "brand": "Happy DogSensible10,1 – 12kgFelnőttmalacérzékeny emésztésű", "regular_price": "3 499", "selling_price": "2 999", "price_per_unit": "1 kg=1727 Ft", "product_url": "https://webshop.fressnapf.hu/termekek/happy-dog-supreme-sensitive-andalucia-szaraz-kutyaeledel-11kg/", "product_description": "Kínálj négylábú barátodnak kiegyensúlyozott teljes értékű eledelt. Ezt a búzamentes, mediterrán rizses menüt omlós ibériei sertéshúsból készítettük, amelyet válogatott zöldségekkel tettünk még ízletesebbé. Igazi ínyenc eledel, ami napraforgó- és repceolajból származó omega-3 és omega-6 zsírsavaknak köszönhetően különösen kíméletes a gyomor és a bélrendszer számára. Gondosan kiválogatott, természetes összetevők teszik ezt a terméket igazán ízletessé, ugyanakkor könnyen emészthetővé. Összetétel: Rizs, ibériei sertésből származó fehérje (20%), rizsfehérje*, baromfizsír, melaszos cukorrépaszelet (cukormentesített), májhidrolizátum, almatörköly* (1,3%), napraforgóolaj, kálium-klorid, élesztő*, nátrium-klorid, repceolaj, tengeri alga*, lenmag (0,16%), paprika* (piros és zöld), rozmaring, paradicsom*, olívalevél*, cukkini*, kagylóhús* (0,05%), élesztő* (kivonat), máriatövis, articsóka, gyermekláncfű, gyömbér, nyírfalevél, csalán, kamilla, koriander, zsálya, édesgyökér, kakukkfű (zöldségek összesen: 0,5%, gyógynövények összesen: 0,16%); *)szárított Analitikai összetevők: Nyersfehérje 21.0%, nyerszsír 10.0%, nyersrost 2.5%, nyershamu 8.5%, kalcium 1.6%, foszfor 1.1%, nátrium 0.45%, kálium 0.55%, magnézium 0.07%, omega-6 zsírsavak 2.0%, omega-3 zsírsavak 0.2% Adalékanyagok: Vitaminok / kg: A-vitamin (3a672a) 12000 IU, D3-vitamin (3a671) 1200 IU, E-vitamin (all-rac-alfa-tokoferil-acetát 3a700) 75 mg, B1-vitamin (tiamin-mononitrát 3a821) 4 mg, B2-vitamin (riboflavin 3a825ii) 6 mg, B6-vitamin (piridoxin-hidroklorid 3a831) 4 mg, biotin (3a880) 575 mcg, kalcium-D-pantotenát (3a841) 10 mg, niacin (3a314) 40 mg, B12-vitamin 70 mcg, kolin-klorid (3a890) 60 mg, taurin (3a370) 500 mg, Antioxidáns; növényi olajokból származó tokoferol kivonatok 1b306 (i). Nyomelemek / kg: vas (vas(II)-szulfát; 3b103 monohidrát) 110 mg, réz (réz(II)-szulfát-pentahidrát 3b405) 12 mg, cink (cinkoxid 3b603 110 mg, cink-aminosav-aminosav 3b606 hidrát 25 mg,) 135 mg, mangán (mangán(II)-oxid 3b502) 25 mg, jód (kalcium-jodát; vízmentes 3b202) 2 mg, szelén (nátrium-szelenit 3b801) 0.15 mg Tovább olvasok"}
{"breadcrumb": "Főoldal/Kutya/Eledelek/Száraz eledelek/Happy Dog Supreme Sensitive Andalucia száraz kutyaeledel 1kg", "product_name": "Happy Dog Supreme Sensitive Andalucia száraz kutyaeledel 1kgHappy Dog Supreme Sensitive Andalucia száraz kutyaeledel 1kg", "brand": "Happy DogSensibleFelnőttsertés", "regular_price": "9 999", "selling_price": "8 999", "price_per_unit": "1 kg=2999 Ft", "product_url": "https://webshop.fressnapf.hu/termekek/happy-dog-supreme-sensitive-andalucia-szaraz-kutyaeledel-1kg/", "product_description": "Kínálj négylábú barátodnak kiegyensúlyozott teljes értékű eledelt. Ezt a búzamentes, mediterrán rizses menüt omlós ibériei sertéshúsból készítettük, amelyet válogatott zöldségekkel tettünk még ízletesebbé. Igazi ínyenc eledel, ami napraforgó- és repceolajból származó omega-3 és omega-6 zsírsavaknak köszönhetően különösen kíméletes a gyomor és a bélrendszer számára. Gondosan kiválogatott, természetes összetevők teszik ezt a terméket igazán ízletessé, ugyanakkor könnyen emészthetővé. Összetétel: Rizs, ibériei sertésből származó fehérje (20%), rizsfehérje*, baromfizsír, melaszos cukorrépaszelet (cukormentesített), májhidrolizátum, almatörköly* (1,3%), napraforgóolaj, kálium-klorid, élesztő*, nátrium-klorid, repceolaj, tengeri alga*, lenmag (0,16%), paprika* (piros és zöld), rozmaring, paradicsom*, olívalevél*, cukkini*, kagylóhús* (0,05%), élesztő* (kivonat), máriatövis, articsóka, gyermekláncfű, gyömbér, nyírfalevél, csalán, kamilla, koriander, zsálya, édesgyökér, kakukkfű (zöldségek összesen: 0,5%, gyógynövények összesen: 0,16%); *)szárított Analitikai összetevők: Nyersfehérje 21.0%, nyerszsír 10.0%, nyersrost 2.5%, nyershamu 8.5%, kalcium 1.6%, foszfor 1.1%, nátrium 0.45%, kálium 0.55%, magnézium 0.07%, omega-6 zsírsavak 2.0%, omega-3 zsírsavak 0.2% Adalékanyagok: Vitaminok / kg: A-vitamin (3a672a) 12000 IU, D3-vitamin (3a671) 1200 IU, E-vitamin (all-rac-alfa-tokoferil-acetát 3a700) 75 mg, B1-vitamin (tiamin-mononitrát 3a821) 4 mg, B2-vitamin (riboflavin 3a825ii) 6 mg, B6-vitamin (piridoxin-hidroklorid 3a831) 4 mg, biotin (3a880) 575 mcg, kalcium-D-pantotenát (3a841) 10 mg, niacin (3a314) 40 mg, B12-vitamin 70 mcg, kolin-klorid (3a890) 60 mg, taurin (3a370) 500 mg, Antioxidáns; növényi olajokból származó tokoferol kivonatok 1b306 (i). Nyomelemek / kg: vas (vas(II)-szulfát; 3b103 monohidrát) 110 mg, réz (réz(II)-szulfát-pentahidrát 3b405) 12 mg, cink (cinkoxid 3b603 110 mg, cink-aminosav-aminosav 3b606 hidrát 25 mg,) 135 mg, mangán (mangán(II)-oxid 3b502) 25 mg, jód (kalcium-jodát; vízmentes 3b202) 2 mg, szelén (nátrium-szelenit 3b801) 0.15 mg Tovább olvasok"}
{"breadcrumb": "Főoldal/Kutya/Eledelek/Száraz eledelek/Happy Dog Supreme Sensitive Greece száraz kutyaeledel 11kg", "product_name": "Happy Dog Supreme Sensitive Greece száraz kutyaeledel 11kgHappy Dog Supreme Sensitive Greece száraz kutyaeledel 11kg", "brand": "Happy DogSensibleFelnőttjuh&bárány&kecske", "regular_price": "3 499", "selling_price": "2 999", "price_per_unit": "1 kg=2273 Ft", "product_url": "https://webshop.fressnapf.hu/termekek/happy-dog-supreme-sensitive-greece-szaraz-kutyaeledel-11kg/", "product_description": "Kényeztesd négylábú kedvencedet ízletes bárány, garnélarák és tintahal ellenállhatatlan kompozíciójával, mediterrán zöldségválogatással párosítva. Ez a búzamentes és rendkívül ízletes összetétel a napraforgó- és repceolajnak köszönhetően rengeteg omega-3 és omega-6 zsírsavat tartalmaz, ezzel járul hozzá az ép bőr és fényes szőrzet megtartásához. Tökéletes választás mindenkinek, aki szeretne kedvencének kiegyensúlyozott kényeztetést nyújtani. Összetétel: Rizsliszt, bárányfehérje* (15%), rizsfehérje*, napraforgóolaj, melaszos cukorrépaszelet* (cukormentesített), halliszt, májhidrolizátum, lenmag, almatörköly*, repceolaj, garnélarák*/** (1%), kalamári (tintahal)*/** (1%), kálium-klorid, élesztő*, nátrium-klorid, tengeri alga*, paprika* (piros és zöld), rozmaring, paradicsom*, olívalevél*, cukkini*, kagylóhús* (0,05%), élesztő* (kivonat), máriatövis, articsóka, gyermekláncfű, gyömbér, nyírfalevél, csalán, kamilla, koriander, zsálya, édesgyökér, kakukkfű (zöldségek összesen: 0,5%, szárított gyógynövények összesen: 0,16%); *)szárított; **) 4% friss garnélaráknak felel meg, 4% friss tintahalnak felel meg. Analitikai összetevők: Nyersfehérje 21.0%, nyerszsír 10.0%, nyersrost 2.5%, nyershamu 7.0%, kalcium 1.5%, foszfor 0.9%, nátrium 0.4%, kálium 0.6%, magnézium 0.07%, omega-6 zsírsavak 4.0%, omega-3 zsírsavak 0.5% Adalékanyagok: Vitaminok / kg: A-vitamin (3a672a) 12000 I.E., D3-vitamin (3a671) 1200 I.E., E-vitamin (all-rac-alfa-tokoferil-acetát 3a700) 75 mg, B1-vitamin (tiamin-mononitrát 3a821) 4 mg, B2-vitamin (riboflavin 3a825ii) 6 mg, B6-vitamin (piridoxin-hidroklorid 3a831) 4 mg, biotin (3a880) 575 mcg, kalcium-D-pantotenát (3a841) 10 mg, niacin (3a314) 40 mg, B12-vitamin 70 mcg, kolin-klorid (3a890) 60 mg, Antioxidáns; növényi olajok tokoferol tartalmú kivonatai 1b306(i). Nyomelemek / kg: vas (vas(II)-szulfát; 3b103 monohidrát) 110 mg, réz (réz(II)-szulfát-pentahidrát 3b405) 12 mg, cink (cinkoxid 3b603 110 mg, aminosav cink-kelát; hidrát 3b606 25 mg,) 135 mg, mangán (mangán(II)-oxid 3b502) 25 mg, jód (kalcium-jodát; vízmentes 3b202) 2 mg, szelén (nátrium-szelenit 3b801) 0.15 mg Etetési javaslat: Tálald szárazon, vagy öntsd fel friss meleg vízzel (kb. 60 °C), és hagyd ázni pár percig. Biztosíts kedvencednek mindig friss ivóvizet. Ha jutalomfalatot vagy más eledelt is adsz kutyádnak, csökkenteni kell az eledel mennyiségét. A kutyák egyéni anyagcsere-különbsége miatt a megadott napi mennyiség hízásra való hajlam esetén akár 15%-kal is csökkenthető Tovább olvasok"}
{"breadcrumb": "Főoldal/Kutya/Eledelek/Száraz eledelek/Happy Dog Supreme száraz kutyaeledel Ireland 12,5kg", "product_name": "Happy Dog Supreme száraz kutyaeledel Ireland 12,5kgHappy Dog Supreme száraz kutyaeledel Ireland 12,5kg", "brand": "Happy DogSensible12,1kg – 15kgFelnőttvegyesközepes testű 11-25kg", "regular_price": "11 499", "selling_price": "9 999", "price_per_unit": "1 kg=1746 Ft", "product_url": "https://webshop.fressnapf.hu/termekek/happy-dog-supreme-szaraz-kutyaeledel-ireland-125kg/", "product_description": "Állatian ír, lazaccal és nyúlhússal. – 12% lazaccal – optimális a bőr és a szőrzet számára – válogatott fehérjék – érzékeny kutyák számára is – értékes új-zélandi kagyló – különösen kiegyensúlyozott és könnyen emészthető A különlegeset kereső, érzékeny vagy válogatós ínyencek számára egyedülálló lehetőséget kínál a Happy Dog: az ellenállhatatlan Ireland teljes értékű szuper prémium eledel, amely finom lazacból és ízletes nyúlból készül. A gondosan kiválasztott (bárány- és baromfifehérje, rizs, szója és gabona nélküli) összetevőknek, a különösen kíméletes gyártási folyamatnak és a különleges eljárással meghatározott fehérje- és energiatartalomnak köszönhetően a Happy Dog Ireland speciális igényű, érzékeny kutyák tudatos táplálására is kitűnően alkalmazható. A krokettek mérete optimális a közepes és nagytestű kutyafajok fogazatához. Ezt a különleges receptet az egyedülálló Happy Dog Natural Life Concept® természetes összetevői teszik teljessé. Németországban készült, szigorú minőség-ellenőrzési eljárások mellett. Összetétel: teljes kiőrlésű zabliszt, lazacliszt (13%), árpa, nyúlfehérje* (8%), kukoricaliszt, burgonyapehely, baromfizsír, répapépmelasz* (cukormentesített), májhidrolizátum, húsliszt, hemoglobin*, almatörköly* (0,9%), kálium-klorid, szárított egésztojás, élesztő*, nátrium-klorid, tengeri algák* (0,15%), lenmag (0,15%), kagylóhús* (0,05%), yucca schidigera* (0,02%), élesztő* (kivonat), máriatövis, articsóka, gyermekláncfű, gyömbér, nyírfalevél, csalán, kamilla, koriander, rozmaring, zsálya, édesgyökér, kakukkfű; szárított fűszerek összesen: 0,17%. *szárított Analitikai összetevők: Nyersfehérje 21%, nyerszsír 10%, nyersrost 3%, nyershamu 6.5%, kalcium 1.1%, foszfor 0.8%, nátrium 0.45%, omega-6 zsírsavak 0.6%, omega-3 zsírsavak 0.1%. Adalékanyagok: vitaminok / kg: A vitamin (E672) 12000 I.E., D3 vitamin (E671) 1200 I.E., E vitamin (all-rac-alfa-tokoferil-acetát 3a700) 75 mg, B1 vitamin (tiamin-mononitrát) 4 mg, B2 vitamin (riboflavin) 6 mg, B6 vitamin (piridoxin-hidroklorid 3a831) 4 mg, D (+) biotin 575 mcg, kalcium-D-pantotenát 10 mg, niacin 40 mg, B12 vitamin 70 mcg, kolin-klorid 60 mg, antioxidánsok: magas tokoferoltartalmú természetes eredetű kivonatok. Nyomelemek / kg: Vas (E1; vas(II)szulfát; monohidrát) 110 mg, réz (E4; réz(II)szulfát; pentahidrát) 10 mg, cink (E6; cinkoxid 110 mg, aminosav-cinkkelát; hidrát 25 mg,) 135 mg, mangán (E5; mangán(II)oxid) 25 mg, jód (E2; kalcium-jodát; vízmentes) 2 mg, szelén (E8; nátrium-szelenit) 0.15 mg. Tovább olvasok"}
{"breadcrumb": "Főoldal/Kutya/Eledelek/Száraz eledelek/Happy Dog Supreme száraz kutyaeledel Neuseeland 12,5kg", "product_name": "Happy Dog Supreme száraz kutyaeledel Neuseeland 12,5kgHappy Dog Supreme száraz kutyaeledel Neuseeland 12,5kg", "brand": "Happy DogSensible12,1kg – 15kgFelnőttjuh&bárány&kecskeközepes testű 11-25kg", "regular_price": "3 499", "selling_price": "2 999", "price_per_unit": "1 kg=1707 Ft", "product_url": "https://webshop.fressnapf.hu/termekek/happy-dog-supreme-szaraz-kutyaeledel-neuseeland-125kg/", "product_description": "A világ másik végéről inspirált emészthetőség. – különösen gyomor- és bélbarát – 21% bárányhússal és eredeti új-zélandi kagylóval – gluténmentes összetevők – érzékeny kutyák számára is A különösen ízletes és rendkívül könnyen emészthető, teljes értékű szuper prémium Happy Dog Neuseeland 21% bárányhúst tartalmaz, melyet az értékes új-zélandi zöldajkú kagyló húsa tesz még ízletesebbé. A speciális krokettek ideálisak valamennyi közepes- és nagytestű ínyenc számára, akik a különlegeset keresik vagy nagyon válogatósak. Különösen alkalmas érzékeny kutyák tudatos táplálására is: a Neuseeland gondosan válogatott összetevőket tartalmaz, különösen kíméletes gyártási eljárással készül és meghatározott fehérje- és energiatartalommal rendelkezik. Ezt a különleges receptet az egyedülálló Happy Dog Natural Life Concept® természetes összetevői teszik teljessé. Németországban készült, szigorú minőség-ellenőrzési eljárások mellett. Összetétel: bárányhúsfehérje* (21%), rizsliszt (21%), kukoricaliszt, kukorica, rizsfehérje* (9%), szárnyaszsír, májhidrolizátum, melaszos cukorrépaszelet* (cukormentesített), napraforgóolaj, almatörköly* (1%), repceolaj, szárított tojáspor, nátriumklorid, élesztő*, káliumklorid, tengeri algák* (0,15%), lenmag (0,15%), kagylóhús* (0,05%), máriatövis, articsóka, gyermekláncfű, gyömbér, nyírfalevelek, csalán, kamilla, koriander, rozmaring, zsálya, édesgyökér, kakukkfű, élesztő(kivonat)*; szárított füszerek összesen: 0,14%. *szárított Analitikai összetevők: nyersfehérje 21%, nyerszsír 12%, nyersrost 3%, nyershamu 7.5%, kalcium 1.6%, foszfor 1.05%, nátrium 0.35%, omega-6 zsírsavak 0.55%, omega-3 zsírsavak 0.09%. Adalékanyagok: vitaminok / kg: A vitamin (E672) 12000 I.E., D3 vitamin (E671) 1200 I.E., E vitamin (all-rac-alfa-tokoferil-acetát 3a700) 75 mg, B1 vitamin (tiamin-mononitrát) 4 mg, B2 vitamin (riboflavin) 6 mg, B6 vitamin (piridoxin-hidroklorid 3a831) 4 mg, D (+) biotin 575 mcg, kalcium-D-pantotenát 10 mg, niacin 40 mg, B12 vitamin 70 mcg, kolin-klorid 60 mg, taurin 500 mg, antioxidánsok: magas tokoferoltartalmú természetes eredetű kivonatok. Nyomelemek / kg: Vas (E1; vas(II)szulfát; monohidrát) 110 mg, réz (E4; réz(II)szulfát; pentahidrát) 10 mg, cink (E6; cinkoxid 110 mg, aminosav-cinkkelát; hidrát 25 mg,) 135 mg, mangán (E5; mangán(II)oxid) 25 mg, jód (E2; kalcium-jodát; vízmentes) 2 mg, szelén (E8; nátrium-szelenit) 0.15 mg. Tovább olvasok"}
{"breadcrumb": "Főoldal/Kutya/Eledelek/Száraz eledelek/Happy Dog Supreme száraz kutyaeledel Sensitive Africa 4kg", "product_name": "Happy Dog Supreme száraz kutyaeledel Sensitive Africa 4kgHappy Dog Supreme száraz kutyaeledel Sensitive Africa 4kg", "brand": "Happy DogSensible1,1kg – 4kgFelnőttegzotikusgabonamentes", "regular_price": "3 799", "selling_price": "3 299", "price_per_unit": "1 kg=2325 Ft", "product_url": "https://webshop.fressnapf.hu/termekek/happy-dog-supreme-szaraz-kutyaeledel-sensitive-africa-4kg/", "product_description": "A Happy Dog Africa egy rendkívül ízletes, teljes értékű szuper prémium eledel, amely ideális minden olyan igényes ínyenc számára, amely a különlegeset keresi, vagy nagyon válogatós. Nagyon jól alkalmazható a közepes- és nagytestű fajtákhoz tartozó, speciális igényű táplálékérzékeny kutyáknál is: ugyanis a Happy Dog Africa a strucchúst és a burgonyát egyedülálló keverékké egyesíti. A strucchús, amely egy igen ritka fehérjeforrás, ideális táplálék az élelmiszer-intoleranciával küzdő kutyák számára. A burgonya nem tartalmaz glutént, ezért javasolható a gabonát rosszul tűrő állatok táplálására. Az egészséges bőr és a csillogó bunda szempontjából fontos omega-3 és omega-6 zsírsavak teszik teljessé a különleges receptet. A krokettek mérete optimális a közepes- és nagytestű fajták fogazatához. Németországban készült, szigorú minőség-ellenőrzési eljárások mellett. • Táplálék-intolerancia esetén állatorvosok által ajánlott • Egyfajta fehérje – eredeti afrikai strucchús • Gabona nélkül – gluténmentes burgonyával • Érzékeny kutyák számára • Kiváló strucchússal az igényes kutyák számára. Összetétel: Burgonyapehely (48%), strucchús fehérje (18%), burgonyafehérje, napraforgóolaj, melaszos cukorrépaszelet (cukormentesített), májhidrolizátum, almatörköly (0,8%), repce, tengeri só, élesztő (kivonat) (szárított) Analitikai összetevők: Nyersfehérje 20%, nyerszsír 10%, nyersrost 3%, nyershamu 7.5%, kalcium 1.35%, foszfor 0.95%, nátrium 0.35%, omega-6 zsírsavak 2.6%, omega-3 zsírsavak 0.3% Adalékanyagok: Vitaminok / kg: A vitamin (E672) 12000 I.E., D3 vitamin (E671) 1200 I.E., E vitamin (all-rac-alfa-tokoferil-acetát 3a700) 75 mg, B1 vitamin (tiamin-mononitrát) 4 mg, B2 vitamin (riboflavin) 6 mg, B6 vitamin (piridoxin-hidroklorid 3a831) 4 mg, D (+) biotin 575 mcg, kalcium-D-pantotenát 10 mg, niacin 40 mg, B12 vitamin 70 mcg, kolin-klorid 60 mg, taurin 500 mag, antioxidánsok: magas tokoferoltartalmú természetes eredetű kivonatok. Nyomelemek / kg: Vas (E1; vas(II)szulfát; monohidrát) 105 mg, réz (E4; réz(II)szulfát; pentahidrát) 12 mg, cink (E6; cinkoxid; aminosav-cinkkelát; hidrát) 125 mg, mangán (E5; mangán(II)oxid) 25 mg, jód (E2; kalcium-jodát; vízmentes) 2 mg, szelén (E8; nátrium-szelenit) 0.15 mg, aminosavak/kg: DL-metionin 3200 mg Tovább olvasok"}
{"breadcrumb": "Főoldal/Kutya/Eledelek/Száraz eledelek/Happy Dog Supreme száraz kutyaeledel Toscana 12,5kg", "product_name": "Happy Dog Supreme száraz kutyaeledel Toscana 12,5kgHappy Dog Supreme száraz kutyaeledel Toscana 12,5kg", "brand": "Happy DogSensible12,1kg – 15kgFelnőttszárnyasközepes testű 11-25kg", "regular_price": "3 799", "selling_price": "3 299", "price_per_unit": "1 kg=1744 Ft", "product_url": "https://webshop.fressnapf.hu/termekek/happy-dog-supreme-szaraz-kutyaeledel-toscana-125kg/", "product_description": "Egészség könnyedén, mediterrán módra. – csak 7,5 % zsír, ideális ivartalanított állatok számára – könnyű mediterrán konyha válogatott gyógynövényekkel – kiegyensúlyozott és kiválóan emészthető – érzékeny kutyák számára is A könnyű mediterrán konyha klasszikus összetevői ősidők óta természetes védelmet nyújtanak a modern korok civilizációs betegségeivel szemben. Különösen ki kell emelni itt az illatos mediterrán gyógynövényeket, a kacsát, a lazacot és a vörösborszőlőben található polifenolt. Csak a Happy Dog Toscana képes arra, hogy az értékes összetevők ilyen egyedülálló sokszínűségét kínálja. Ezt a különleges receptet az egyedülálló Happy Dog Natural Life Concept® természetes összetevői teszik teljessé. A speciális összetevőknek és a különleges előállítási folyamatnak köszönhetően a Toscana kiválóan alkalmas akár még a speciális igényű, érzékeny kutyák tudatos táplálására is. A mérsékelt, 7,5%-os zsírtartalom és a vitalizáló 24%-os fehérjetartalom révén kiválóan alkalmas ivartalanított állatok táplálására. Németországban készült, szigorú minőség-ellenőrzési eljárások mellett. Összetétel: kacsafehérje* (21%), kukoricaliszt, kukorica, rizsliszt, lazacliszt (5%), májhidrolizátum, melaszos cukorrépaszelet* (cukormentesített), szárnyaszsír, napraforgóolaj, almatörköly* (0,5%), repce, szárított tojáspor, nátriumklorid, élesztő*, káliumklorid, tengeri algák* (0,15%), lenmag (0,15%), kagylóhús* (0,05%), vörösszőlőtörköly (0,02%), bodzatermés, máriatövis, articsóka, gyermekláncfű, csombor, majoranna, gyömbér, rozmaring, zsálya, kakukkfű, nyírfalevelek, csalán, ánizsgyümölcs, bazsalikom, édeskömény, bodzavirág, levendulavirág, koriander, kamilla, réti legyezőfű, édesgyökér, élesztő (kivonat)*; szárított gyógynövények összesen: 0,28%. *szárított Analitikai összetevők: nyersfehérje 24%, nyerszsír 7.5%, nyersrost 3%, nyershamu 6.5%, kalcium 1.45%, foszfor 0.95%, nátrium 0.4%, omega-6 zsírsavak 0.5%, omega-3 zsírsavak 2.2%. Adalékanyagok: vitaminok / kg: A vitamin (E672) 12000 I.E., D3 vitamin (E671) 1200 I.E., E vitamin (all-rac-alfa-tokoferil-acetát 3a700) 75 mg, B1 vitamin (tiamin-mononitrát) 4 mg, B2 vitamin (riboflavin) 6 mg, B6 vitamin (piridoxin-hidroklorid 3a831) 4 mg, D (+) biotin 575 mcg, kalcium-D-pantotenát 10 mg, niacin 40 mg, B12 vitamin 70 mcg, kolin-klorid 60 mg, antioxidánsok: magas tokoferoltartalmú természetes eredetű kivonatok. Nyomelemek / kg: Vas (E1; vas(II)szulfát; monohidrát) 110 mg, réz (E4; réz(II)szulfát; pentahidrát) 10 mg, cink (E6; cinkoxid 110 mg, aminosav-cinkkelát; hidrát 25 mg,) 135 mg, mangán (E5; mangán(II)oxid) 25 mg, jód (E2; kalcium-jodát; vízmentes) 2 mg, szelén (E8; nátrium-szelenit) 0.15 mg. Tovább olvasok"}
{"breadcrumb": "Főoldal/Kutya/Eledelek/Száraz eledelek/Happy Dog Supreme Toscana mini száraz kutyaeledel 4kg", "product_name": "Happy Dog Supreme Toscana mini száraz kutyaeledel 4kgHappy Dog Supreme Toscana mini száraz kutyaeledel 4kg", "brand": "Happy DogSupreme1,1kg – 4kgFelnőttvegyesgabonamenteskistestű 10kg-ig", "regular_price": "3 799", "selling_price": "3 299", "price_per_unit": "1 kg=2062 Ft", "product_url": "https://webshop.fressnapf.hu/termekek/happy-dog-supreme-toscana-mini-szaraz-kutyaeledel-4kg/", "product_description": "Teljes értékű eledel érzékeny emésztésű 10 kg alatti felnőtt kutyák számára. Ízletes kacsával, lazaccal, aromás mediterrán fűszerekkel és új-zélandi kagylóval. A Happy Dog Mini Toscana mérsékelt, 7,5%-os zsírtartalmának köszönhetően ideális ivartalanított kutyák és alacsony zsírtartalmú étrendet igénylő kutyák számára. Összetevők: Kacsafehérje* (23%), kukoricaliszt, kukorica, rizs, lazacliszt (5%), cukrozatlan répapép*, hidrolizált fehérje, olajok és zsírok, almapogácsa*, kálium-klorid, élesztő*, nátrium-klorid, tengeri moszat*, lenmag, szárított egész tojás, kagylóhús* (0,05%), bodza, máriatövis, élesztő* (kivonva), yucca schidigera*, articsóka, gyermekláncfű, gyömbér, nyírfalevél, csalán, kamilla, rozmaring, rozmaring, zsálya, kakukkfű, fűszer, majoránna, koriander, édesgyökér, ánizs, bazsalikom, édeskömény, bodzavirág, levendulavirág (szárított gyógynövények összesen: 0,2%); *szárított Analitikai összetevők: Nyersfehérje 24,0%, nyerszsír 7,5%, nyersrost 2,5%, nyershamu 7,5%, kalcium 1,5%, foszfor 1,0%, nátrium 0,5%, omega-6 zsírsavak 2,0%, omega-3% zsírsavak 0,2%. Adalékanyagok: Vitaminok/kg: A-vitamin (3a672a) 18000 NE, D3-vitamin (3a671) 950 NE. Nyomelemek/kg: Vas (mint 3b103) 50 mg, réz (mint 3b405) 10 mg, cink (mint 3b603, 3b606, mangán) 105 mg 3b502) 26 mg, jód (mint 3b202) 2 mg, szelén (mint 3b801) 0,1 mg. Antioxidánsok, tokoferol kivonatok növényi olajokból 1b306(i). Tovább olvasok"}
{"breadcrumb": "Főoldal/Kutya/Eledelek/Száraz eledelek/Hektor Complete adult száraz kutyaeledel 10kg", "product_name": "Hektor Complete adult száraz kutyaeledel 10kgHektor Complete adult száraz kutyaeledel 10kg", "brand": "Hektor4,1kg – 10kgFelnőttmarha&borjú", "regular_price": "9 999", "selling_price": "8 999", "price_per_unit": "1 kg=550 Ft", "product_url": "https://webshop.fressnapf.hu/termekek/hektor-complete-adult-szaraz-kutyaeledel-10kg/", "product_description": "HEKTOR COMPLETE – teljesértékű száraz eledel felnőtt kutyák részére. Összetétel: gabonafélék, hús és állati származékok (13%), (marha min. 4%), állati zsiradék, ásványi anyagok. Analitikai összetétel: nyershamu: 8,90%, nyersrost: 4,09 %, Ca. min. (3a841) 1,80 %, Na min. 0,30 %, P min. 0,90 %. Adalékanyagok: antioxidánsok, tartósítószerek, színezék. Tápértékkel rendelkező adalékanyagok/kg: A-vitamin retinil acetát (3a672a) 5000 NE / kg, D3-vitamin (a3671) 600 NE/kg , E-vitamin alfa tokoferol acetát (a3700) 35mg /kg, Etetési útmutató: az eledelt szárazon, vízzel vagy levessel keverve tálalja. A kutya számára mindig biztosítson friss vizet. A napi adag függ az állat életkorától, kondíciójától és az évszaktól. Tovább olvasok"}
{"breadcrumb": "Főoldal/Kutya/Eledelek/Táplálékkiegészítők&vitaminok/HEPA-PET Plus májvédő tabletta 250mg/30db", "product_name": "HEPA-PET Plus májvédő tabletta 250mg/30dbHEPA-PET Plus májvédő tabletta 250mg/30db", "brand": "HEPA-PETFelnőttmájdiéta", "regular_price": "5999", "selling_price": "", "price_per_unit": "1 db=200 Ft", "product_url": "https://webshop.fressnapf.hu/termekek/hepa-pet-plus-majvedo-tabletta-250mg-30db/", "product_description": "A termék alkalmazható a máj működésének támogatására, illetve a máj különböző megbetegedései esetén kiegészítő kezelésre, az alábbi esetekben • egészséges állatoknak a kor előrehaladtával (8-10 éves kortól) • műtétek előtti és utáni májvédelemre • akut májkárosodás (toxikus, fertőző) azonnali kiegészítő kezelésére • idült májkárosodás (fibrózis, cirrózis) tartós kiegészítő kezelésére • anyagcsere zavarból, vagy elhízásból eredő májlipidózis (zsírmáj szindróma) kiegészítő kezelésére • idiopatikus hepatikus lipidózis kiegészítő kezelésére • hepatikus encefalopátia kiegészítő kezelésére • aszcitesz kiegészítő kezelésére • epepangás kiegészítő kezelésére • az epeutak elsődleges és másodlagos gyulladásának kiegészítő kezelésére • babesiosis, leishmaniosis, erlichiosis okozta májkárosodás kiegészítő kezelésére • pyometra során a felszabaduló toxinok okozta májkárosodás kiegészítő kezelésére • különböző eredetű mérgezések (pl: acetaminofen, paracetamol) esetén májvédelemre • hosszan tartó gyógyszeres kezelés esetén májvédelemre • gyomor – és bélgyulladás valamint parazitás fertőzöttségből eredő toxin-felhalmozódás okozta májkárosodás kiegészítő kezelésére • bélsárpangásból, székrekedésből (ammónia felhalmozódás, toxinok) eredő májkárosodás kiegészítő kezelésére • cukorbetegség kiegészítő kezelésére Adagolás kutyáknak és macskáknak: 1 ízesített tabletta/ 3-5 testtömegkilogramm naponta. Sebészeti beavatkozás esetén a műtét előtti 7. naptól kezdődően a varratszedésig naponta. Hosszú távú alkalmazás esetén 1-2 hónapon keresztül naponta, majd kétnaponta adagoljuk. A tablettát etetés előtt legalább 1 órával kell beadni. Mivel a tabletta ízesített, az állatok a legtöbb esetben szívesen elfogyasztják, de beadható kis falatban is. Napi ajánlott mennyiség: kistestű kutya (3,5 kg): 1 tabletta közepes testű kutya (7-10 kg): 2 tabletta macska: 1 tabletta ELLENJAVALLATOK ÉS MELLÉKHATÁSOK: Nem ismeretesek. Egy tabletta tartalmaz: Hatóanyagok: S-Adenozil-L-metionin (SAMe) 70,00 mg, Máriatövis termés kivonat 35,00 mg, B12-vitamin (cianokobalamin) 0,00175 mg, B6-vitamin (piridoxin-hidroklorid) 4,27 mg, E-vitamin (tokoferol-acetát) 2,39 mg FIGYELMEZTETÉSEK: A termék ártalmatlanságát vemhes állatok esetében nem vizsgálták. Tovább olvasok"}
{"breadcrumb": "Főoldal/Kutya/Eledelek/Táplálékkiegészítők&vitaminok/HEPA-PET Plus májvédő tabletta 700mg/30db", "product_name": "HEPA-PET Plus májvédő tabletta 700mg/30dbHEPA-PET Plus májvédő tabletta 700mg/30db", "brand": "HEPA-PETFelnőttmájdiéta", "regular_price": "7799", "selling_price": "", "price_per_unit": "1 db=260 Ft", "product_url": "https://webshop.fressnapf.hu/termekek/hepa-pet-plus-majvedo-tabletta-700mg-30db/", "product_description": "A termék alkalmazható a máj működésének támogatására, illetve a máj különböző megbetegedései esetén kiegészítő kezelésre, az alábbi esetekben • egészséges állatoknak a kor előrehaladtával (8-10 éves kortól) • műtétek előtti és utáni májvédelemre • akut májkárosodás (toxikus, fertőző) azonnali kiegészítő kezelésére • idült májkárosodás (fibrózis, cirrózis) tartós kiegészítő kezelésére • anyagcsere zavarból, vagy elhízásból eredő májlipidózis (zsírmáj szindróma) kiegészítő kezelésére • idiopatikus hepatikus lipidózis kiegészítő kezelésére • hepatikus encefalopátia kiegészítő kezelésére • aszcitesz kiegészítő kezelésére • epepangás kiegészítő kezelésére • az epeutak elsődleges és másodlagos gyulladásának kiegészítő kezelésére • babesiosis, leishmaniosis, erlichiosis okozta májkárosodás kiegészítő kezelésére • pyometra során a felszabaduló toxinok okozta májkárosodás kiegészítő kezelésére • különböző eredetű mérgezések (pl: acetaminofen, paracetamol) esetén májvédelemre • hosszan tartó gyógyszeres kezelés esetén májvédelemre • gyomor – és bélgyulladás valamint parazitás fertőzöttségből eredő toxin-felhalmozódás okozta májkárosodás kiegészítő kezelésére • bélsárpangásból, székrekedésből (ammónia felhalmozódás, toxinok) eredő májkárosodás kiegészítő kezelésére • cukorbetegség kiegészítő kezelésére Adagolás kutyáknak: 1 ízesített tabletta/ 10 testtömegkilogramm naponta. Sebészeti beavatkozás esetén a műtét előtti 7. naptól kezdődően a varratszedésig naponta. Hosszú távú alkalmazás esetén 1-2 hónapon keresztül naponta, majd kétnaponta adagoljuk. A tablettát etetés előtt legalább 1 órával kell beadni. Mivel a tabletta ízesített, az állatok a legtöbb esetben szívesen elfogyasztják, de beadható kis falatban is. ELLENJAVALLATOK ÉS MELLÉKHATÁSOK: Nem ismeretesek. Egy tabletta tartalmaz: Hatóanyagok: S-Adenozil-L-metionin (SAMe) 200,00 mg, Máriatövis termés kivonat 100,00 mg, B12-vitamin (cianokobalamin) 0,005 mg, B6-vitamin (piridoxin-hidroklorid) 12,20 mg, E-vitamin (tokoferol-acetát) 6,6670 mg FIGYELMEZTETÉSEK: A termék ártalmatlanságát vemhes állatok esetében nem vizsgálták. Tovább olvasok"}
{"breadcrumb": "Főoldal/Kutya/Eledelek/Táplálékkiegészítők&vitaminok/HEPA-PET Plus májvédő tabletta 700mg/60db", "product_name": "HEPA-PET Plus májvédő tabletta 700mg/60dbHEPA-PET Plus májvédő tabletta 700mg/60db", "brand": "HEPA-PETFelnőttmájdiéta", "regular_price": "14599", "selling_price": "", "price_per_unit": "1 db=243 Ft", "product_url": "https://webshop.fressnapf.hu/termekek/hepa-pet-plus-majvedo-tabletta-700mg-60db/", "product_description": "A termék alkalmazható a máj működésének támogatására, illetve a máj különböző megbetegedései esetén kiegészítő kezelésre, az alábbi esetekben • egészséges állatoknak a kor előrehaladtával (8-10 éves kortól) • műtétek előtti és utáni májvédelemre • akut májkárosodás (toxikus, fertőző) azonnali kiegészítő kezelésére • idült májkárosodás (fibrózis, cirrózis) tartós kiegészítő kezelésére • anyagcsere zavarból, vagy elhízásból eredő májlipidózis (zsírmáj szindróma) kiegészítő kezelésére • idiopatikus hepatikus lipidózis kiegészítő kezelésére • hepatikus encefalopátia kiegészítő kezelésére • aszcitesz kiegészítő kezelésére • epepangás kiegészítő kezelésére • az epeutak elsődleges és másodlagos gyulladásának kiegészítő kezelésére • babesiosis, leishmaniosis, erlichiosis okozta májkárosodás kiegészítő kezelésére • pyometra során a felszabaduló toxinok okozta májkárosodás kiegészítő kezelésére • különböző eredetű mérgezések (pl: acetaminofen, paracetamol) esetén májvédelemre • hosszan tartó gyógyszeres kezelés esetén májvédelemre • gyomor – és bélgyulladás valamint parazitás fertőzöttségből eredő toxin-felhalmozódás okozta májkárosodás kiegészítő kezelésére • bélsárpangásból, székrekedésből (ammónia felhalmozódás, toxinok) eredő májkárosodás kiegészítő kezelésére • cukorbetegség kiegészítő kezelésére Adagolás kutyáknak: 1 ízesített tabletta/ 10 testtömegkilogramm naponta. Sebészeti beavatkozás esetén a műtét előtti 7. naptól kezdődően a varratszedésig naponta. Hosszú távú alkalmazás esetén 1-2 hónapon keresztül naponta, majd kétnaponta adagoljuk. A tablettát etetés előtt legalább 1 órával kell beadni. Mivel a tabletta ízesített, az állatok a legtöbb esetben szívesen elfogyasztják, de beadható kis falatban is. ELLENJAVALLATOK ÉS MELLÉKHATÁSOK: Nem ismeretesek. Egy tabletta tartalmaz: Hatóanyagok: S-Adenozil-L-metionin (SAMe) 200,00 mg, Máriatövis termés kivonat 100,00 mg, B12-vitamin (cianokobalamin) 0,005 mg, B6-vitamin (piridoxin-hidroklorid) 12,20 mg, E-vitamin (tokoferol-acetát) 6,6670 mg FIGYELMEZTETÉSEK: A termék ártalmatlanságát vemhes állatok esetében nem vizsgálták. Tovább olvasok"}
{"breadcrumb": "Főoldal/Kutya/Eledelek/Bio eledelek/HERRMANN’S kutya konzerv 100% kenguru 12x200g", "product_name": "HERRMANN’S kutya konzerv 100% kenguru 12x200gHERRMANN’S kutya konzerv 100% kenguru 12x200g", "brand": "HERRMANN'S101g – 200gFelnőttegzotikuspástétomgabonamentes&monoproteinkonzerv", "regular_price": "15588", "selling_price": "", "price_per_unit": "1 299 Ft", "product_url": "https://webshop.fressnapf.hu/termekek/herrmanns-kutya-konzerv-100-kenguru-200g/", "product_description": "100% kenguruhús monoprotein kutyáknak és macskáknak, melyet kizárásos diéta, ételallergia esetén is javasolunk, de beilleszthető a BARF-osok étrendjébe is nyaralások, utazások alkalmával. Összetevő: 100% kenguruhús ( 65% színhús, 25% szív, 10% tüdő) Analitikai összetevők: Fehérje: 12,00%, Nyerszsír: 6,20%, Nyersrost: 0,30%, Nyershamu: 0,90%, Nedvesség: 77,00% Ennyit adj kedvencednek ebből a termékből, a lenti adatok figyelembevételével: Kutyusnak: pl.: egy 10 kg-os felnőtt kutyának 100-160 g ebből a termékből, amit egészíts ki 20-40 g zöldséggel, gyümölccsel, akár 10-40 g burgonyapehellyel, rizzsel és egyéb olajjal, vitaminnal, kiegészítővel! Cicának: pl.: egy 4 kg-os felnőtt macskának 90-95 g ebből a termékből, amit egészíts ki akár kevéske gyümölccsel, zöldséggel, egyéb olajjal, vitaminnal, kiegészítővel! Kutyák étrend igénye: 50 – 80 % hús 10 – 20 % zöldség és gyümölcs 5 -20 % szénhidrát 5 % zsír 2 – 5 % rostanyag/nyersrost Macskák étrend igénye: 90 – 95 % hús 5 – 10 % zsír és szénhidrát (rostanyag, zöldség, gyümölcs) Napi szintű etetési útmutató, avagy ennyit javasolunk adni enni kutyádnak: 2-6 hónapos korban:  a test tömegének körülbelül a 3%-a 6 hónapos kortól: a test tömegének körülbelül 2-2,5%-a felnőtt kor: a test tömegének körülbelül 2%-a Napi szintű etetési útmutató, avagy ennyit javasolunk adni enni cicádnak: 2-6 hónapos korban:  a test tömegének körülbelül a 4-5%-a 6 hónapos kortól: a test tömegének körülbelül 3-3,5%-a felnőtt kor: a test tömegének körülbelül 2-2,5%-a Figyelem! Minden kiskedvenc igénye eltérő, mely függ a korától, energia szintjétől, aktivitásától, fajtájától.., így a fenti mennyiségek csak irányadók! Tovább olvasok"}
{"breadcrumb": "Főoldal/Kutya/Eledelek/Bio eledelek/HERRMANN’S kutya tasak bio marha&sárgarépa 15x150g", "product_name": "HERRMANN’S kutya tasak bio marha&sárgarépa 15x150gHERRMANN’S kutya tasak bio marha&sárgarépa 15x150g", "brand": "HERRMANN'S101g – 200gFelnőttmarha&borjúpástétomtasak", "regular_price": "14985", "selling_price": "", "price_per_unit": "999 Ft", "product_url": "https://webshop.fressnapf.hu/termekek/herrmanns-kutya-tasak-bio-marhasargarepa-150g/", "product_description": "Bio marhahús  kutyáknak sárgarépa, amaránt, zeller, bogyós gyümölcs, lenolaj, tojáshéj por körettel Összetevők: 50% bio marhahús (soványhús, szív és tüdő), bio sárgarépa, bio zeller, bio amaránt, bio bogyós gyümölcsök, bio lenolaj, bio tojáshéj por Analitikai összetevők: Fehérje: 8,07%, Nyerszsír: 4,67%, Nyersrost: 1,80%, Nyershamu: 0,82%, Nedvesség: 77,77%, Kálcium: 0,13%, Foszfor: 0,10% Napi szintű etetési útmutató, avagy ennyit javasolunk adni neki naponta ebből az eledelből: 2-6 hónapos korban: a test tömegének körülbelül a 3%-a (pl. 5 kg-os kutyusodnak 150 g, akár 3-szor elosztva) 6 hónapos kortól: a test tömegének körülbelül 2-2,5%-a (pl. 10 kg-os kutyusodnak 250 g, akár 2-szer elosztva) felnőtt kor: a test tömegének körülbelül 2%-a (pl. 20 kg-os kutyusodnak 400 g) Figyelem! Minden kutyus igénye eltérő, mely függ a korától, energia szintjétől, aktivitásától, fajtájától.., így a fenti mennyiségek csak irányadók! Tovább olvasok"}
{"breadcrumb": "Főoldal/Kutya/Eledelek/Bio eledelek/HERRMANN’S kutya tasak kecske&cékla&köles 15x150g", "product_name": "HERRMANN’S kutya tasak kecske&cékla&köles 15x150gHERRMANN’S kutya tasak kecske&cékla&köles 15x150g", "brand": "HERRMANN'S101g – 200gFelnőttjuh&bárány&kecskepástétomérzékeny emésztésűtasak", "regular_price": "14985", "selling_price": "", "price_per_unit": "999 Ft", "product_url": "https://webshop.fressnapf.hu/termekek/herrmanns-kutya-tasak-kecskeceklakoles-150g/", "product_description": "Kecskehús, allergiás és érzékeny emésztésű kutyáknak cékla, alma, sütőtök, köles, feketekömény körettel. Összetevők: 50% bio kecskehús (soványhús, szív és tüdő), bio köles, bio cékla, bio sütőtök, bio alma, bio feketekömény Analitikai összetevők: Fehérje: 6,60%, Nyerszsír: 4,48%, Nyersrost: 1,62%, Nyershamu: 1,77%, Nedvesség: 77,89%, Kálcium: 0,35%, Foszfor: 0,22% Napi szintű etetési útmutató, avagy ennyit javasolunk adni neki naponta ebből az eledelből: 2-6 hónapos korban: a test tömegének körülbelül a 3%-a (pl. 5 kg-os kutyusodnak 150 g, akár 3-szor elosztva) 6 hónapos kortól: a test tömegének körülbelül 2-2,5%-a (pl. 10 kg-os kutyusodnak 250 g, akár 2-szer elosztva) felnőtt kor: a test tömegének körülbelül 2%-a (pl. 20 kg-os kutyusodnak 400 g) Figyelem! Minden kutyus igénye eltérő, mely függ a korától, energia szintjétől, aktivitásától, fajtájától.., így a fenti mennyiségek csak irányadók! Tovább olvasok"}
{"breadcrumb": "Főoldal/Kutya/Eledelek/Bio eledelek/HERRMANN’S kutya tasak lazac&burgonya 15x150g", "product_name": "HERRMANN’S kutya tasak lazac&burgonya 15x150gHERRMANN’S kutya tasak lazac&burgonya 15x150g", "brand": "HERRMANN'S101g – 200gFelnőtthal&tenger gyümölcseipástétomgabonamentestasak", "regular_price": "14985", "selling_price": "", "price_per_unit": "999 Ft", "product_url": "https://webshop.fressnapf.hu/termekek/herrmanns-kutya-tasak-lazacburgonya-150g/", "product_description": "Bio lazac kutyáknak sárgabarack, krumpli körettel, chia maggal, lenolajjal és csukamájolajjal Összetevők: 50% lazachús, bio sárgabarack, bio krumpli, bio chia mag, bio lenolaj, bio csukamájolaj Analitikai összetevők: Fehérje: 8,90%, Nyerszsír: 10,00%, Nyersrost: 1,50%, Nyershamu: 1,60%, Nedvesség: 78,00% Napi szintű etetési útmutató, avagy ennyit javasolunk adni neki naponta ebből az eledelből: 2-6 hónapos korban: a test tömegének körülbelül a 3%-a (pl. 5 kg-os kutyusodnak 150 g, akár 3-szor elosztva) 6 hónapos kortól: a test tömegének körülbelül 2-2,5%-a (pl. 10 kg-os kutyusodnak 250 g, akár 2-szer elosztva) felnőtt kor: a test tömegének körülbelül 2%-a (pl. 20 kg-os kutyusodnak 400 g) Figyelem! Minden kutyus igénye eltérő, mely függ a korától, energia szintjétől, aktivitásától, fajtájától.., így a fenti mennyiségek csak irányadók! Tovább olvasok"}
{"breadcrumb": "Főoldal/Kutya/Eledelek/Bio eledelek/HERRMANN’S kutya tasak puppy bio marha 15x150g", "product_name": "HERRMANN’S kutya tasak puppy bio marha 15x150gHERRMANN’S kutya tasak puppy bio marha 15x150g", "brand": "HERRMANN'S101g – 200gKölyökmarha&borjúpástétomgabonamentestasak", "regular_price": "14985", "selling_price": "", "price_per_unit": "999 Ft", "product_url": "https://webshop.fressnapf.hu/termekek/herrmanns-kutya-tasak-puppy-bio-marha-150g/", "product_description": "Bio marhahús menü kölyökkutyáknak alma, répa, zabpehely, kókuszpehely, ligetszépeolaj és tojáshéj por körettel Összetevők: 60% Bio marhahús (sovány hús, szív és tüdő), bio alma, bio sárgarépa, bio zabpehely, bio kókuszpehely, bio ligetszépe olaj, bio tojáshéj por Analitikai összetevők: Fehérje: 8,80%, Nyerszsír: 5,22%, Nyersrost: 2,30%, Nyershamu: 1,05%, Nedvesség: 77,60%, Kálcium: 0,11%, Foszfor: 0,08% Napi szintű etetési útmutató, avagy ennyit javasolunk adni neki naponta ebből az eledelből: 2-6 hónapos korban: a test tömegének körülbelül a 3%-a (pl. 5 kg-os kutyusodnak 150 g, akár 3-szor elosztva) 6 hónapos kortól: a test tömegének körülbelül 2-2,5%-a (pl. 10 kg-os kutyusodnak 250 g, akár 2-szer elosztva) felnőtt kor: a test tömegének körülbelül 2%-a (pl. 20 kg-os kutyusodnak 400 g) Figyelem! Minden kutyus igénye eltérő, mely függ a korától, energia szintjétől, aktivitásától, fajtájától.., így a fenti mennyiségek csak irányadók! Tovább olvasok"}
{"breadcrumb": "Főoldal/Kutya/Eledelek/Bio eledelek/HERRMANN’S kutya tasak sensitive nyúl 15x150g", "product_name": "HERRMANN’S kutya tasak sensitive nyúl 15x150gHERRMANN’S kutya tasak sensitive nyúl 15x150g", "brand": "HERRMANN'S101g – 200gFelnőttnyúlpástétomérzékeny emésztésűtasak", "regular_price": "14985", "selling_price": "", "price_per_unit": "999 Ft", "product_url": "https://webshop.fressnapf.hu/termekek/herrmanns-kutya-tasak-sensitive-nyul-150g/", "product_description": "Bio nyúlhús kutyáknak rizspehely, répa, alma körettel és kendermagolajja Összetevők: 50% nyúlhús, bio rizspehely, bio répa, bio alma, bio tápióka, bio kendermagolaj Analitikai összetevők: Fehérje: 9,80%, Nyerszsír: 6,00%, Nyersrost: 1,00%, Nyershamu: 2,10%, Nedvesség: 74,90%, Foszfor: 1,11% Napi szintű etetési útmutató, avagy ennyit javasolunk adni neki naponta ebből az eledelből: 2-6 hónapos korban: a test tömegének körülbelül a 3%-a (pl. 5 kg-os kutyusodnak 150 g, akár 3-szor elosztva) 6 hónapos kortól: a test tömegének körülbelül 2-2,5%-a (pl. 10 kg-os kutyusodnak 250 g, akár 2-szer elosztva) felnőtt kor: a test tömegének körülbelül 2%-a (pl. 20 kg-os kutyusodnak 400 g) Figyelem! Minden kutyus igénye eltérő, mely függ a korától, energia szintjétől, aktivitásától, fajtájától.., így a fenti mennyiségek csak irányadók! Tovább olvasok"}
{"breadcrumb": "Főoldal/Kutya/Eledelek/Táplálékkiegészítők&vitaminok/HUMAC Natur AFM immunerősítő por 100g", "product_name": "HUMAC Natur AFM immunerősítő por 100gHUMAC Natur AFM immunerősítő por 100g", "brand": "HUMAC0g – 100gFelnőttimmunerősítő", "regular_price": "5599", "selling_price": "", "price_per_unit": "1 kg=55990 Ft", "product_url": "https://webshop.fressnapf.hu/termekek/humac-natur-afm-immunerosito-por-100g/", "product_description": "Magas huminsavtartalmú szerves-ásványi eledel-kiegészítő házi kedvencek számára -Optimalizálja az immunrendszert. -Biztosítja a szervezet mikro- és makro elem ellátását. -Segíti az emésztőrendszer és a szervezet működését. Felhasználói tapasztalatok: -Allergiás tünetek csökkentése / megszűnése. -Szebb szőrzet. -Egészségesebb emésztőrendszer. -Bélgáz termelődés csökkenése. -Kiegyensúlyozottabb kedélyállapot. A HUMAC® Natur AFM egy 100%-ban természetes eledel kiegészítő, magas huminsav tartalommal, aktivált Leonarditból. Egy természetes növényi eredetű anyag, magas biológiai hatékonysággal. Az eledelhez keverve, képes fenntartani a bél mikro flórájának egyensúlyát azáltal, hogy egyrészt megakadályozza a káros mikro flóra elszaporodását, másrészt elősegíti a hasznos mikro flóra növekedését. Kedvezően befolyásolja a toxikus fémek, idegen anyagok, toxinok és egyéb, a szervezetre nézve mérgező vegyületek kiürülését az emésztőrendszerből, melyek az állati ürülékkel együtt távoznak a szervezetből. Kedvezően hat az emésztőrendszer pH-jára, az eledel és a benne lévő tápanyagok hasznosítására, s ezáltal javulhat az eledel értékesülése. Huminsavak A MÉREGTELENÍTÉS EREJE ÉS AZ IMMUNRENDSZER TÁMOGATÁSA Több ezer éve használják gyógyításra, és egyre többen fedezik fel a csodálatos hatását. Rendkívül sokoldalú anyag. Antibakteriális, méregtelenítő, vírus- és gombaölő, segíti a tápanyagok felszívódást és a PH egyensúlyt is szabályozza. Kálcium-kelát ERŐS CSONTOK ÉS IZOMMŰKÖDÉS A kalcium minden élő sejt építőköve. A csontok és az építőanyaga, de fogához a véralvadáshoz, a szívműködéshez, az idegrendszerhez és az izmok működéséhez is nagy szükség van rá. Cink-kelát ANYAGCSERE ÉS IMMUNMŰKÖDÉS A cink szerepet tölt be a szervezetben lezajló enzimaikus folyamatok szabályozásában. Hiánya csökkenti a fertőzésekkel szemben ellenálló képességet. Antibakteriális hatással bír, így alapvető szerepe van a szervezetben, a bőr ellenálló képességére. Fulvósavak ANTIOXIDÁNSÉS GYULLADÁSCSÖKKENTŐ A vizsgálatok azt mutatják, hogy a fulvosav antioxidáns, idegvédő, antimikrobiális és gyulladáscsökkentő tulajdonságokkal rendelkezik, valamint az emésztést is segíti. Magnézium-kelát A VÉRNYOMÁS, SZÍV ÉS CSONTOK EGÉSZSÉGES MŰKÖDÉSÉÉRT A magnézium létfontosságú a szervezet számára. Hozzájárul a szív, az izomzat, idegrendszer megfelelő működéshez, az elektrolit egyensúly fenntartásához. Szelén-kelát ERŐS ANTIOXIDÁNS A szelén egy erős antioxidáns, amely küzd az oxidatív stressz ellen, és segít megvédeni a szervezetet az olyan krónikus betegségekkel szemben, mint a szívbetegség és a rák. 50 féle ásványi anyag és nyomelem KELÁT FORMÁBAN A legtöbb ásványi anyag és nyomelem, amit vitaminként megveszünk, csak átmegy a kedvencünk emésztőrendszerén, mert nem szívódik fel. A kelát kötés azt jelenti, hogy a szervezet számára hasznosítható formában van. Vas-kelát VÉRKÉPZÉS ÉS OXIGÉN ELLÁTOTTSÁG Vas nélkül az oxigén nem lenne képes eljutni a sejtekhez. A vas az életműködéshez esszenciális (létfontosságú) mikroelem, de a szervezet nem képes az előállítására, ezért azt a táplálékkal, szükség esetén vaspótlással, kívülről kell bejuttatni. Csak természetesen ORGANIKUS ANYAG, ADALÉKOK ÉS TARTÓSÍTÓSZER NÉLKÜL A HUMAC® kizárólag a természetben előforduló ásványi alapú, magas huminsav tartalmú, természetes anyag, amely egyedüli kémiai beavatkozástól mentes. Huminsav: min. 65 %, Szabad huminsavak mennyisége: min. 60 %, Fulvósavak: min. 5 %, (Ca) Kálcium: 42 278 mg/kg (Mg), Magnézium: 5 111 mg/kg, (Fe) Vas: 19 046 mg/kg, (Cz) Cink: min. 65 %, (Se) Szelén: 1,67 mg/kg Tovább olvasok"}
{"breadcrumb": "Főoldal/Kutya/Eledelek/Táplálékkiegészítők&vitaminok/HUMAC Natur AFM immunerősítő por 500g", "product_name": "HUMAC Natur AFM immunerősítő por 500gHUMAC Natur AFM immunerősítő por 500g", "brand": "HUMAC401g – 600gFelnőttimmunerősítő", "regular_price": "15799", "selling_price": "", "price_per_unit": "1 kg=31598 Ft", "product_url": "https://webshop.fressnapf.hu/termekek/humac-natur-afm-immunerosito-por-500g/", "product_description": "Magas huminsavtartalmú szerves-ásványi eledel-kiegészítő házi kedvencek számára -Optimalizálja az immunrendszert. -Biztosítja a szervezet mikro- és makro elem ellátását. -Segíti az emésztőrendszer és a szervezet működését. Felhasználói tapasztalatok: -Allergiás tünetek csökkentése / megszűnése. -Szebb szőrzet. -Egészségesebb emésztőrendszer. -Bélgáz termelődés csökkenése. -Kiegyensúlyozottabb kedélyállapot. A HUMAC® Natur AFM egy 100%-ban természetes eledel kiegészítő, magas huminsav tartalommal, aktivált Leonarditból. Egy természetes növényi eredetű anyag, magas biológiai hatékonysággal. Az eledelhez keverve, képes fenntartani a bél mikro flórájának egyensúlyát azáltal, hogy egyrészt megakadályozza a káros mikro flóra elszaporodását, másrészt elősegíti a hasznos mikro flóra növekedését. Kedvezően befolyásolja a toxikus fémek, idegen anyagok, toxinok és egyéb, a szervezetre nézve mérgező vegyületek kiürülését az emésztőrendszerből, melyek az állati ürülékkel együtt távoznak a szervezetből. Kedvezően hat az emésztőrendszer pH-jára, az eledel és a benne lévő tápanyagok hasznosítására, s ezáltal javulhat az eledel értékesülése. Huminsavak A MÉREGTELENÍTÉS EREJE ÉS AZ IMMUNRENDSZER TÁMOGATÁSA Több ezer éve használják gyógyításra, és egyre többen fedezik fel a csodálatos hatását. Rendkívül sokoldalú anyag. Antibakteriális, méregtelenítő, vírus- és gombaölő, segíti a tápanyagok felszívódást és a PH egyensúlyt is szabályozza. Kálcium-kelát ERŐS CSONTOK ÉS IZOMMŰKÖDÉS A kalcium minden élő sejt építőköve. A csontok és az építőanyaga, de fogához a véralvadáshoz, a szívműködéshez, az idegrendszerhez és az izmok működéséhez is nagy szükség van rá. Cink-kelát ANYAGCSERE ÉS IMMUNMŰKÖDÉS A cink szerepet tölt be a szervezetben lezajló enzimaikus folyamatok szabályozásában. Hiánya csökkenti a fertőzésekkel szemben ellenálló képességet. Antibakteriális hatással bír, így alapvető szerepe van a szervezetben, a bőr ellenálló képességére. Fulvósavak ANTIOXIDÁNSÉS GYULLADÁSCSÖKKENTŐ A vizsgálatok azt mutatják, hogy a fulvosav antioxidáns, idegvédő, antimikrobiális és gyulladáscsökkentő tulajdonságokkal rendelkezik, valamint az emésztést is segíti. Magnézium-kelát A VÉRNYOMÁS, SZÍV ÉS CSONTOK EGÉSZSÉGES MŰKÖDÉSÉÉRT A magnézium létfontosságú a szervezet számára. Hozzájárul a szív, az izomzat, idegrendszer megfelelő működéshez, az elektrolit egyensúly fenntartásához. Szelén-kelát ERŐS ANTIOXIDÁNS A szelén egy erős antioxidáns, amely küzd az oxidatív stressz ellen, és segít megvédeni a szervezetet az olyan krónikus betegségekkel szemben, mint a szívbetegség és a rák. 50 féle ásványi anyag és nyomelem KELÁT FORMÁBAN A legtöbb ásványi anyag és nyomelem, amit vitaminként megveszünk, csak átmegy a kedvencünk emésztőrendszerén, mert nem szívódik fel. A kelát kötés azt jelenti, hogy a szervezet számára hasznosítható formában van. Vas-kelát VÉRKÉPZÉS ÉS OXIGÉN ELLÁTOTTSÁG Vas nélkül az oxigén nem lenne képes eljutni a sejtekhez. A vas az életműködéshez esszenciális (létfontosságú) mikroelem, de a szervezet nem képes az előállítására, ezért azt a táplálékkal, szükség esetén vaspótlással, kívülről kell bejuttatni. Csak természetesen ORGANIKUS ANYAG, ADALÉKOK ÉS TARTÓSÍTÓSZER NÉLKÜL A HUMAC® kizárólag a természetben előforduló ásványi alapú, magas huminsav tartalmú, természetes anyag, amely egyedüli kémiai beavatkozástól mentes. Huminsav: min. 65 %, Szabad huminsavak mennyisége: min. 60 %, Fulvósavak: min. 5 %, (Ca) Kálcium: 42 278 mg/kg (Mg), Magnézium: 5 111 mg/kg, (Fe) Vas: 19 046 mg/kg, (Cz) Cink: min. 65 %, (Se) Szelén: 1,67 mg/kg Tovább olvasok"}
{"breadcrumb": "Főoldal/Kutya/Eledelek/Táplálékkiegészítők&vitaminok/Immunovet immunerősítő ízesített tabletta 60db", "product_name": "Immunovet immunerősítő ízesített tabletta 60dbImmunovet immunerősítő ízesített tabletta 60db", "brand": "ImmunovetFelnőtttablettaimmunerősítő", "regular_price": "4399", "selling_price": "", "price_per_unit": "1 db=73 Ft", "product_url": "https://webshop.fressnapf.hu/termekek/immunovet-immunerosito-izesitett-tabletta-60db/", "product_description": "Az Immunovet ízesített tablettát az állatok szívesen elfogadják, jutalomfalatként is adagolható termék. Az Immunovet készítmények támogatják az egészséges állapot fenntartását, segítenek a stresszhelyzetekben, illetve a kisállat egyéb legyengült állapotában. Az Immunovet tabletta kutyák és macskák részére biotechnológiai úton előállított, 100%-ban természetes eredetű hatóanyagot tartalmazó termék. A készítmény jótékony hatásáért felelős hatóanyag a speciális módon előállított fermentált búzacsírakivonat, mely bizonyítottan antioxidáns, immunstimuláns és gyulladáscsökkentő hatással bír. A termék alkalmazása nem ajánlott fruktózérzékenység, illetve a tabletta bármely más összetevőjére való túlérzékenység esetén! Diabetes esetén kizárólag a készítmény szénhidráttartalmának figyelembevételével alkalmazható! Összetevők: fermentált búzacsírakivonat, fruktóz, természetes aroma. Adalékok: magnézium-sztearát, karboximetil-cellulóz. Nedvességtartalom: max. 8%. Egyéb beltartalmi értékek: nyerfehérje: min. 12%, nyerszsír: max. 4%, nyersrost: max. 3%, nyershamu: max. 4%. A termék adagolása egészséges állatoknál 1 tabletta 10 testtömeg-kilogrammonként naponta. Állatorvos által kezelt állatoknál 1 tabletta 5 testtömeg-kilogrammonként naponta. A fenti adagok szükség esetén megduplázhatók. Szavatosságát a gyártástól számított 2 évig őrzi meg. Tovább olvasok"}
{"breadcrumb": "Főoldal/Kutya/Eledelek/Táplálékkiegészítők&vitaminok/Immunovet immunerősítő por 150g", "product_name": "Immunovet immunerősítő por 150gImmunovet immunerősítő por 150g", "brand": "ImmunovetFelnőttporimmunerősítő", "regular_price": "4999", "selling_price": "", "price_per_unit": "1 kg=33327 Ft", "product_url": "https://webshop.fressnapf.hu/termekek/immunovet-immunerosito-por-150g/", "product_description": "Az Immunovet granulátum eledelbe keverhető étrendkiegészítő készítmény kutyák és macskák részére. Tapasztalataink szerint a granulátumot a macskák a termék könnyebben fogyasztható por állaga miatt szívesebben fogyasztják. Az Immunovet készítmények támogatják az egészséges állapot fenntartását, segítenek a stresszhelyzetekben, illetve a kisállat egyéb legyengült állapotában. Az Immunovet granulátum kutyák és macskák részére biotechnológiai úton előállított, 100%-ban természetes eredetű hatóanyagot tartalmazó termék. A készítmény jótékony hatásáért felelős hatóanyag a speciális módon előállított, fermentált búzacsírakivonat, mely bizonyítottan antioxidáns, immunstimuláns és gyulladáscsökkentő hatással bír. A termék alkalmazása nem ajánlott fruktózérzékenység, illetve a granulátum bármely más összetevőjére való túlérzékenység esetén! Diabetes esetén kizárólag a készítmény szénhidráttartalmának figyelembevételével alkalmazható! Összetevők: fermentált búzacsírakivonat, kukoricapehely, természetes aroma. Nedvességtartalom: max. 7%. Egyéb beltartalmi értékek: nyersfehérje: min. 17%, nyerszsír: min. 4%, nyersrost: max. 6%, nyershamu: max. 5%. A termék adagolása egészséges állatoknál 10 testtömeg-kilogrammonként számítva 1 g granulátum (1 csapott adagolókanálnyi a mellékelt kanállal). Állatorvos által kezelt állatoknál 5 testtömeg-kilogrammonként számítva 1 g granulátum (1 csapott adagolókanálnyi a mellékelt kanállal). A napi adagot lehetőleg az etetést megelőzően javasolt alkalmazni, szükség esetén az ajánlott adagok megduplázhatók. Szavatosságát a gyártástól számított 2 évig őrzi meg. Tovább olvasok"}
{"breadcrumb": "Főoldal/Kutya/Eledelek/Száraz eledelek/JACK Air-Dried hipoallergén száraz kutyaeledel pulyka&nyúl 1kg", "product_name": "JACK Air-Dried hipoallergén száraz kutyaeledel pulyka&nyúl 1kgJACK Air-Dried hipoallergén száraz kutyaeledel pulyka&nyúl 1kg", "brand": "JackAir-dried801g – 1kgFelnőttgabonamentes, hipoallergén", "regular_price": "3 799", "selling_price": "3 299", "price_per_unit": "1 KG=6599 Ft", "product_url": "https://webshop.fressnapf.hu/termekek/jack-air-dried-hipoallergen-szaraz-kutyaeledel-pulykanyul-1kg/", "product_description": "JACK Air-dried hipoallergén száraztáp nyúllal és pulykával. A JACK Premium Dog Food légiesen könnyű és roppanós kutyaeledele, a hipoallergén Air-dried igazi ízbomba, és az érzékeny gyomrú kedvenceknek is bátran kínálhatjuk. JACK Air-dried hipoallergén száraztáp nyúllal és pulykával. A JACK Premium Dog Food légiesen könnyű és roppanós kutyaeledele, a hipoallergén Air-dried igazi ízbomba, és az érzékeny gyomrú kedvenceknek is bátran kínálhatjuk. Kizárólag a legkevésbé allergizáló alapanyagokból készült. A forradalmian új gyártási technológiának köszönhetően, az eledel minden egyes falata megőrzi zamatát, textúráját és vitamintartalmát. Ez a kutyaeledel 80 százalékban friss húst és belsőséget, valamint 20 százalékban zöldséget, gyümölcsöt, gyógynövényeket tartalmaz. Minden porcikája természetes, miközben gabona és tartósítószermentes is. A benne található fehérjének és zsírnak köszönhetően kirobbanó energiát biztosít a kutyáknak. Kiemelkedően magas hústartalma miatt ez a kutyatáp kiváló alternatívája lehet a BARF etetésnek. Összetevők: pulya 50% (hús 20%, szív, máj, zuza), nyúl 30% (hús 15%, máj), marhahús zsír, borsókeményítő, sárgarépa, 1,5% ásványi anyagok, cellulúzpor, spenót 0,5%, vörösáfonya 0,5%, kékáfonya 0,5%, paradicsom 0,5%, Plantago mag, borsó 0,3%, alma 0,3%, szárított sörélesztő (prebiotikumokat tartalmaz, mannán-oligoszacharidok és Béta-glükánok), lecitin, cikória inulin, gojl bogyók 0,1%, lemag 0,1%, Mojave jucca, hínár, új-zélandi zöld- kagyló, glükozamin, kondoritin-szulfát, szárított rozmaring 0,02%. A JACK Analitikai összetevők: nyersfehérje 36,0%. nyerszsír 18,0%, nyers hamu 7,0%, nyersrost 3,0%, nedvesség 9,0%. Adalékanyagok: Tápértékkel rendelkező adalékanyagok/kg: D3-vitamin: 450 NE /E-vitamin: 40mg / cink (cink-oxid): 30 mg / mangán (mangán (II) -oxid): 2mg / réz (réz (II) -szulfát, pentahidrát): 0,4 mg/ jód (bevonatos, granulált kalcium-jodát, vízmentes): 0,3 mg. Technológiai adalékanyagok: természetes antioxidánsok (tokoferolok, rozmaring kivonat) Etetési útmutató: Az első használatkor kérjük kövesse az alábbi útmutatót a táp optimális bevezetéséhez: 1. és 2. nap: 75% előző száraztáp 25% JACK Air-Dried száraztáp 3. és 4. nap: 50% előző száraztáp 50% JACK Air-Dried száraztáp 5. és 6. nap: 25% előző száraztáp 75% JACK Air-Dried száraztáp 7. naptól: 100% JACK Air-Dried száraztáp. Etetési tájékoztató a napi ajánlott fogyasztási mennyiségre vonatkozóan: 1kg-os állat esetén az ajánlott napi adag 30g, 2kg-os állat esetén az ajánlott napi adag 55g, 3kg-os állat esetén az ajánlott napi adag 75g, 4kg-os állat esetén az ajánlott napi adag 90g, 5-10kg-os állat esetén az ajánlott napi adag 100-180g, 10-15kg-os állat esetén az ajánlott napi adag 180-240g, 15-20kg-os állat esetén az ajánlott napi adag 240-300g. A kutya napi szükséglete függ a korától, fajtájától, aktivitásától és az állattartás körülményeitől. A feltüntetett adatok tájékoztató jellegűek. Tovább olvasok"}
{"breadcrumb": "Főoldal/Kutya/Eledelek/Száraz eledelek/JACK Air-Dried hipoallergén száraz kutyaeledel pulyka&nyúl 2,5kg", "product_name": "JACK Air-Dried hipoallergén száraz kutyaeledel pulyka&nyúl 2,5kgJACK Air-Dried hipoallergén száraz kutyaeledel pulyka&nyúl 2,5kg", "brand": "JackAir-dried1,1kg – 4kgFelnőttgabonamentes, hipoallergén", "regular_price": "9 999", "selling_price": "8 999", "price_per_unit": "1 KG=6000 Ft", "product_url": "https://webshop.fressnapf.hu/termekek/jack-air-dried-hipoallergen-szaraz-kutyaeledel-pulykanyul-25kg/", "product_description": "JACK Air-dried hipoallergén száraztáp nyúllal és pulykával. A JACK Premium Dog Food légiesen könnyű és roppanós kutyaeledele, a hipoallergén Air-dried igazi ízbomba, és az érzékeny gyomrú kedvenceknek is bátran kínálhatjuk. JACK Air-dried hipoallergén száraztáp nyúllal és pulykával. A JACK Premium Dog Food légiesen könnyű és roppanós kutyaeledele, a hipoallergén Air-dried igazi ízbomba, és az érzékeny gyomrú kedvenceknek is bátran kínálhatjuk. Kizárólag a legkevésbé allergizáló alapanyagokból készült. A forradalmian új gyártási technológiának köszönhetően, az eledel minden egyes falata megőrzi zamatát, textúráját és vitamintartalmát. Ez a kutyaeledel 80 százalékban friss húst és belsőséget, valamint 20 százalékban zöldséget, gyümölcsöt, gyógynövényeket tartalmaz. Minden porcikája természetes, miközben gabona és tartósítószermentes is. A benne található fehérjének és zsírnak köszönhetően kirobbanó energiát biztosít a kutyáknak. Kiemelkedően magas hústartalma miatt ez a kutyatáp kiváló alternatívája lehet a BARF etetésnek. Összetevők: pulya 50% (hús 20%, szív, máj, zuza), nyúl 30% (hús 15%, máj), marhahús zsír, borsókeményítő, sárgarépa, 1,5% ásványi anyagok, cellulúzpor, spenót 0,5%, vörösáfonya 0,5%, kékáfonya 0,5%, paradicsom 0,5%, Plantago mag, borsó 0,3%, alma 0,3%, szárított sörélesztő (prebiotikumokat tartalmaz, mannán-oligoszacharidok és Béta-glükánok), lecitin, cikória inulin, gojl bogyók 0,1%, lemag 0,1%, Mojave jucca, hínár, új-zélandi zöld- kagyló, glükozamin, kondoritin-szulfát, szárított rozmaring 0,02%. A JACK Analitikai összetevők: nyersfehérje 36,0%. nyerszsír 18,0%, nyers hamu 7,0%, nyersrost 3,0%, nedvesség 9,0%. Adalékanyagok: Tápértékkel rendelkező adalékanyagok/kg: D3-vitamin: 450 NE /E-vitamin: 40mg / cink (cink-oxid): 30 mg / mangán (mangán (II) -oxid): 2mg / réz (réz (II) -szulfát, pentahidrát): 0,4 mg/ jód (bevonatos, granulált kalcium-jodát, vízmentes): 0,3 mg. Technológiai adalékanyagok: természetes antioxidánsok (tokoferolok, rozmaring kivonat) Etetési útmutató: Az első használatkor kérjük kövesse az alábbi útmutatót a táp optimális bevezetéséhez: 1. és 2. nap: 75% előző száraztáp 25% JACK Air-Dried száraztáp 3. és 4. nap: 50% előző száraztáp 50% JACK Air-Dried száraztáp 5. és 6. nap: 25% előző száraztáp 75% JACK Air-Dried száraztáp 7. naptól: 100% JACK Air-Dried száraztáp. Etetési tájékoztató a napi ajánlott fogyasztási mennyiségre vonatkozóan: 1kg-os állat esetén az ajánlott napi adag 30g, 2kg-os állat esetén az ajánlott napi adag 55g, 3kg-os állat esetén az ajánlott napi adag 75g, 4kg-os állat esetén az ajánlott napi adag 90g, 5-10kg-os állat esetén az ajánlott napi adag 100-180g, 10-15kg-os állat esetén az ajánlott napi adag 180-240g, 15-20kg-os állat esetén az ajánlott napi adag 240-300g. A kutya napi szükséglete függ a korától, fajtájától, aktivitásától és az állattartás körülményeitől. A feltüntetett adatok tájékoztató jellegűek. Tovább olvasok"}
{"breadcrumb": "Főoldal/Kutya/Eledelek/Száraz eledelek/JACK Air-Dried száraz kutyaeledel bárány&marha 1kg", "product_name": "JACK Air-Dried száraz kutyaeledel bárány&marha 1kgJACK Air-Dried száraz kutyaeledel bárány&marha 1kg", "brand": "JackAir-dried801g – 1kgFelnőttgabonamentes", "regular_price": "9 999", "selling_price": "8 999", "price_per_unit": "1 KG=6599 Ft", "product_url": "https://webshop.fressnapf.hu/termekek/jack-air-dried-szaraz-kutyaeledel-baranymarha-1kg/", "product_description": "JACK Air-dried száraztáp báránnyal és marhával. Ez az eledel valódi SUPERFOOD, amely olyan innovatív étket kínál a kutyák számára, amely egyesíti a száraz tápok ropogós állagát a nedves eledel frissességével és ízletességével. JACK Air-dried száraztáp báránnyal és marhával. Ez az eledel valódi SUPERFOOD, amely olyan innovatív étket kínál a kutyák számára, amely egyesíti a száraz tápok ropogós állagát a nedves eledel frissességével és ízletességével. A gyártási folyamat során alkalmazott, speciális és kíméletes szárítási módszer a lehető legtöbb tápanyagot megőrzi a felhasznált alapanyagokból. A rendkívül könnyen emészthető, étvágygerjesztő Air-dried eledel 100 grammja 200 gramm friss húst és állati belsőséget is tartalmaz. Bátran kínálható érzékeny gyomrú kutyusoknak. Ez az ízletes kutyaeledel 100 %-ig természetes összetevőkből áll, antibiotikus hatású. Gabonamentes, alacsony szénhidráttartalmú, fehérjedús, antioxidánsokban és rostban gazdag, természetes vitaminforrás. Analitikai összetevők: nyersfehérje 36,0%. nyerszsír 18,0%, nyers hamu 7,0%, nyersrost 3,0%, nedvesség 9,0%. Összetevők: bárány 26% (hús 15%, máj, szív), marha 26% (hús 10%, szív, pacal), csirke 20% (hús, szív, máj), sertés 8% (hús, tüdő, vese), csirke zsír, tojás , borsókeményítő, sárgarépa 1,5%, ásványi anyagok, cellulózpor, spenót 0,5%, vörösáfonya 0,5%, kékáfonya 0,5%, cékla 0,5%, Plantago mag 0,3%, sütőtök 0,3%, körte 0,3%, szárított sörélesztő (prebiotikumokat tartalmaz: mannán-oligoszacharidok és ß-glükánok), lecitin, cikória inulin (prebiotikum), chia mag 0,1%, lenmag 0,1%, Mojave yucca, hínár, új-zélandi zöldajkú kagyló, glükózamin, kondroitin-szulfát, szárított rozmaring 0,02%. Adalékanyagok: Tápértékkel rendelkező adalékanyagok/kg: D3-vitamin: 450 NE /E-vitamin: 40mg / cink (cink-oxid): 30 mg / mangán (mangán (II) -oxid): 2mg / réz (réz (II) -szulfát, pentahidrát): 0,4 mg/ jód (bevonatos, granulált kalcium-jodát, vízmentes): 0,3 mg. Etetési útmutató: Az első használatkor kérjük kövesse az alábbi útmutatót a táp optimális bevezetéséhez: 1. és 2. nap: 75% előző száraztáp 25% JACK Air-Dried száraztáp 3. és 4. nap: 50% előző száraztáp 50% JACK Air-Dried száraztáp 5. és 6. nap: 25% előző száraztáp 75% JACK Air-Dried száraztáp 7. naptól: 100% JACK Air-Dried száraztáp. Etetési tájékoztató a napi ajánlott fogyasztási mennyiségre vonatkozóan: 1kg-os állat esetén az ajánlott napi adag 30g, 2kg-os állat esetén az ajánlott napi adag 55g, 3kg-os állat esetén az ajánlott napi adag 75g, 4kg-os állat esetén az ajánlott napi adag 90g, 5-10kg-os állat esetén az ajánlott napi adag 100-180g, 10-15kg-os állat esetén az ajánlott napi adag 180-240g, 15-20kg-os állat esetén az ajánlott napi adag 240-300g. A kutya napi szükséglete függ a korától, fajtájától, aktivitásától és az állattartás körülményeitől. A feltüntetett adatok tájékoztató jellegűek. Tovább olvasok"}
{"breadcrumb": "Főoldal/Kutya/Eledelek/Száraz eledelek/JACK Air-Dried száraz kutyaeledel bárány&marha 2,5kg", "product_name": "JACK Air-Dried száraz kutyaeledel bárány&marha 2,5kgJACK Air-Dried száraz kutyaeledel bárány&marha 2,5kg", "brand": "JackAir-dried1,1kg – 4kgFelnőttgabonamentes", "regular_price": "3 799", "selling_price": "3 299", "price_per_unit": "1 KG=6000 Ft", "product_url": "https://webshop.fressnapf.hu/termekek/jack-air-dried-szaraz-kutyaeledel-baranymarha-25kg/", "product_description": "JACK Air-dried száraztáp báránnyal és marhával. Ez az eledel valódi SUPERFOOD, amely olyan innovatív étket kínál a kutyák számára, amely egyesíti a száraz tápok ropogós állagát a nedves eledel frissességével és ízletességével. JACK Air-dried száraztáp báránnyal és marhával. Ez az eledel valódi SUPERFOOD, amely olyan innovatív étket kínál a kutyák számára, amely egyesíti a száraz tápok ropogós állagát a nedves eledel frissességével és ízletességével. A gyártási folyamat során alkalmazott, speciális és kíméletes szárítási módszer a lehető legtöbb tápanyagot megőrzi a felhasznált alapanyagokból. A rendkívül könnyen emészthető, étvágygerjesztő Air-dried eledel 100 grammja 200 gramm friss húst és állati belsőséget is tartalmaz. Bátran kínálható érzékeny gyomrú kutyusoknak. Ez az ízletes kutyaeledel 100 %-ig természetes összetevőkből áll, antibiotikus hatású. Gabonamentes, alacsony szénhidráttartalmú, fehérjedús, antioxidánsokban és rostban gazdag, természetes vitaminforrás. Analitikai összetevők: nyersfehérje 36,0%. nyerszsír 18,0%, nyers hamu 7,0%, nyersrost 3,0%, nedvesség 9,0%. Összetevők: bárány 26% (hús 15%, máj, szív), marha 26% (hús 10%, szív, pacal), csirke 20% (hús, szív, máj), sertés 8% (hús, tüdő, vese), csirke zsír, tojás , borsókeményítő, sárgarépa 1,5%, ásványi anyagok, cellulózpor, spenót 0,5%, vörösáfonya 0,5%, kékáfonya 0,5%, cékla 0,5%, Plantago mag 0,3%, sütőtök 0,3%, körte 0,3%, szárított sörélesztő (prebiotikumokat tartalmaz: mannán-oligoszacharidok és ß-glükánok), lecitin, cikória inulin (prebiotikum), chia mag 0,1%, lenmag 0,1%, Mojave yucca, hínár, új-zélandi zöldajkú kagyló, glükózamin, kondroitin-szulfát, szárított rozmaring 0,02%. Adalékanyagok: Tápértékkel rendelkező adalékanyagok/kg: D3-vitamin: 450 NE /E-vitamin: 40mg / cink (cink-oxid): 30 mg / mangán (mangán (II) -oxid): 2mg / réz (réz (II) -szulfát, pentahidrát): 0,4 mg/ jód (bevonatos, granulált kalcium-jodát, vízmentes): 0,3 mg. Etetési útmutató: Az első használatkor kérjük kövesse az alábbi útmutatót a táp optimális bevezetéséhez: 1. és 2. nap: 75% előző száraztáp 25% JACK Air-Dried száraztáp 3. és 4. nap: 50% előző száraztáp 50% JACK Air-Dried száraztáp 5. és 6. nap: 25% előző száraztáp 75% JACK Air-Dried száraztáp 7. naptól: 100% JACK Air-Dried száraztáp. Etetési tájékoztató a napi ajánlott fogyasztási mennyiségre vonatkozóan: 1kg-os állat esetén az ajánlott napi adag 30g, 2kg-os állat esetén az ajánlott napi adag 55g, 3kg-os állat esetén az ajánlott napi adag 75g, 4kg-os állat esetén az ajánlott napi adag 90g, 5-10kg-os állat esetén az ajánlott napi adag 100-180g, 10-15kg-os állat esetén az ajánlott napi adag 180-240g, 15-20kg-os állat esetén az ajánlott napi adag 240-300g. A kutya napi szükséglete függ a korától, fajtájától, aktivitásától és az állattartás körülményeitől. A feltüntetett adatok tájékoztató jellegűek. Tovább olvasok"}
{"breadcrumb": "Főoldal/Kutya/Eledelek/Jutalomfalatok&rágcsák/Jack marhalábszárcsont M 1db", "product_name": "Jack marhalábszárcsont M 1dbJack marhalábszárcsont M 1db", "brand": "JackFelnőttmarha&borjúrágócsontok&rágórudaknagytestű 26kg-tól", "regular_price": "2399", "selling_price": "", "price_per_unit": "1 DB=2399 Ft", "product_url": "https://webshop.fressnapf.hu/termekek/jack-marhalabszarcsont-m-1db/", "product_description": "Ízletes, természetes állati eredetű tartósítószer és mesterséges színezéktől mentes szárított jutalomfalat kifejezetten a nagytestű kutyák számára ajánljuk, bár a közepes testű kutyák is előszeretettel fogyasztják. Több napos elfoglaltságot biztosít kedvencének, miközben tisztítja a fogát. Ne lepődjön meg, ha kutyája elássa vagy elrejti a különleges falatot! Analitikai összetevők: Nedvesség 12%, Nyers fehérje 29,8%, Nyersrost 6,8%, Nyersolajok és zsírok 1,6% Tovább olvasok"}
{"breadcrumb": "Főoldal/Kutya/Eledelek/Jutalomfalatok&rágcsák/Jack marhalábszárcsont masnival M 1db", "product_name": "Jack marhalábszárcsont masnival M 1dbJack marhalábszárcsont masnival M 1db", "brand": "JackValentin-napFelnőttmarha&borjúrágócsontok&rágórudak", "regular_price": "2899", "selling_price": "", "price_per_unit": "1 db=2899 Ft", "product_url": "https://webshop.fressnapf.hu/termekek/jack-marhalabszarcsont-masnival-m-1db/", "product_description": ""}
{"breadcrumb": "Főoldal/Kutya/Eledelek/Jutalomfalatok&rágcsák/Jack velőscsont 20-25cm 1db", "product_name": "Jack velőscsont 20-25cm 1dbJack velőscsont 20-25cm 1db", "brand": "JackFelnőttmalac", "regular_price": "599", "selling_price": "", "price_per_unit": "1 DB=599 Ft", "product_url": "https://webshop.fressnapf.hu/termekek/jack-veloscsont-20-25cm-1db/", "product_description": "Ízletes, természetes állati eredetű tartósítószer és mesterséges színezéktől mentes szárított jutalomfalat kis, közepes és nagytestű kutyák előszeretettel fogyasztják. Rágcsálás közben tisztítja a fogát. Klasszikus csont, a hazai kutyák egyik legkedveltebb terméke. Ne lepődjön meg, ha kutyája elássa vagy elrejti a különleges falatot. Tovább olvasok"}
{"breadcrumb": "Főoldal/Kutya/Eledelek/Táplálékkiegészítők&vitaminok/JOY2RUN porc&ízületerősítő oldat 300ml", "product_name": "JOY2RUN porc&ízületerősítő oldat 300mlJOY2RUN porc&ízületerősítő oldat 300ml", "brand": "JOY2RUNFelnőttízület védelem", "regular_price": "6999", "selling_price": "", "price_per_unit": "1 l=23330 Ft", "product_url": "https://webshop.fressnapf.hu/termekek/joy2run-porcizuleterosito-oldat-300ml/", "product_description": "Az egészséges ízületi működés támogatására; az inak, a szalagok, az ízületi tok, a kötőszövet és az ízületi nedv regenerációjának elősegítésére. Kölyökkutyák intenzív növekedési szakaszában az egészséges porcfejlődés támogatására. A felnőtt- és időskori porckárosodások kiegészítő kezelésére. Ízületgyulladás és bármilyen típusú degeneratív porcelváltozás (pl. diszplázia) kiegészítő kezelésére. Helyreállító ízületi műtétek előtt és után a regenerációs folyamatok támogatására. Felnőtt, aktív életmódú, intenzív mozgást végző sport- és munkakutyák ízületeinek támogatására. Túlsúlyos kutyák esetén az ízületek fokozott terheléséből adódó károsodások kiegészítő kezelésére. Összetétel: 100 ml termék tartalmaz: Glükózamin-szulfát 6000 mg, Kondroitin-szulfát 1000 mg, Kollagén (II-es típusú) 4000 mg, MSM 3000 mg, Hialuronsav 150 mg, Ördögcsáklya kivonat 25 mg (Harpagophytum procumbens), Indiai tömjénfa kivonat 25 mg (Boswellia serrata), Aromák és segédanyagok ad 100 ml Adagolás és alkalmazás módja Szájon át eleségbe keverve, vagy etetés után közvetlenül beadva alkalmazandó. Adagolás: MACSKÁKNAK: 3 ttkg alatt naponta 2 ml 3 ttkg felett naponta 4 ml KUTYÁKNAK: 25 ttkg alatt: naponta 10 ml 25-40 ttkg: naponta 15 ml 40 ttkg felett: naponta 20 ml Az alkalmazás első 4 hetében (ún. feltöltési időszak) dupla adag adása javasolt. A kívánt hatás elérése érdekében célszerű a JOY2RUN oldatot kúraszerűen, 3 hónapon át folyamatosan alkalmazni. Ellenjavallatok és mellékhatások Ellenjavallatok: Nem alkalmazható a termék összetevőivel szembeni ismert túlérzékenység esetén. Mellékhatások: nem ismert. Figyelmeztetések A termék alkalmazása nem helyettesíti az egyes kórképekben javasolt állatorvosi gyógyszeres kezelést. Alkalmazása előtt állatorvosi konzultáció javasolt. Tovább olvasok"}
{"breadcrumb": "Főoldal/Kutya/Eledelek/BARF/JR PET húsrolád kutya jutalomfakat 100% bárány 200g", "product_name": "JR PET húsrolád kutya jutalomfakat 100% bárány 200gJR PET húsrolád kutya jutalomfakat 100% bárány 200g", "brand": "JR PETFelnőttjuh&bárány&kecske", "regular_price": "2199", "selling_price": "", "price_per_unit": "1 kg=10995 Ft", "product_url": "https://webshop.fressnapf.hu/termekek/jr-pet-husrolad-kutya-jutalomfakat-100-barany-200g/", "product_description": "A JR Pet Product húsroládok 100%-ban természetes összetevőket tartalmaznak. Gabona- és gluténmentes – nincs tartósítószer… egy csepp sem! Ideális minden fajtájú és méretű kutya számára. Nem csak etetéshez, de tréningekhez is tökéletes lehet állaga és könnyed emészthetősége miatt, felejtsd el a kevésbé egészséges virslit! Ízletes és természetes, kutyusod biztosan nem tud majd ellenállni neki! A húsroládok 100%-ban friss, emberi fogyasztásra szánt színhúsból (monoprotein fehérjéből) készülnek – belsőségek nélkül! Egyedülálló, pástétomszerű textúra ideális jutalomfalattal tölthető játékokba, de elég szilárd ahhoz is, hogy kockákra vágjuk és tökéletes kiegészítő eledeleként is, akár utazáskor BARF hús alternatívaként. Összetevők: 100% bárányhús Analitikai összetevők: nyersfehérje 17,3%, nyerszsír 29,2%, nedvességtartalom 42,6%, nyershamu 1,9% Tovább olvasok"}
{"breadcrumb": "Főoldal/Kutya/Eledelek/BARF/JR PET húsrolád kutya jutalomfalat 100% kacsa 200g", "product_name": "JR PET húsrolád kutya jutalomfalat 100% kacsa 200gJR PET húsrolád kutya jutalomfalat 100% kacsa 200g", "brand": "JR PET101g – 200gFelnőttszárnyas", "regular_price": "7 194", "selling_price": "6 594", "price_per_unit": "1 kg=10995 Ft", "product_url": "https://webshop.fressnapf.hu/termekek/jr-pet-husrolad-kutya-jutalomfalat-100-kacsa-200g/", "product_description": "A JR Pet Product húsroládok 100%-ban természetes összetevőket tartalmaznak. Gabona- és gluténmentes – nincs tartósítószer… egy csepp sem! Ideális minden fajtájú és méretű kutya számára. Nem csak etetéshez, de tréningekhez is tökéletes lehet állaga és könnyed emészthetősége miatt, felejtsd el a kevésbé egészséges virslit! Ízletes és természetes, kutyusod biztosan nem tud majd ellenállni neki! A húsroládok 100%-ban friss, emberi fogyasztásra szánt színhúsból (monoprotein fehérjéből) készülnek – belsőségek nélkül! Egyedülálló, pástétomszerű textúra ideális jutalomfalattal tölthető játékokba, de elég szilárd ahhoz is, hogy kockákra vágjuk és tökéletes kiegészítő eledeleként is, akár utazáskor BARF hús alternatívaként. Összetevők: 100% kacsahús Analitikai összetevők: nyersfehérje 12,8%, nyerszsír 12,3%, nedvességtartalom 60,1%, nyershamu 5,4% Tovább olvasok"}
{"breadcrumb": "Főoldal/Kutya/Eledelek/BARF/JR PET húsrolád kutya jutalomfalat 100% kecske 200g", "product_name": "JR PET húsrolád kutya jutalomfalat 100% kecske 200gJR PET húsrolád kutya jutalomfalat 100% kecske 200g", "brand": "JR PET101g – 200gFelnőttjuh&bárány&kecske", "regular_price": "2399", "selling_price": "", "price_per_unit": "1 kg=11995 Ft", "product_url": "https://webshop.fressnapf.hu/termekek/jr-pet-husrolad-kutya-jutalomfalat-100-kecske-200g/", "product_description": "A JR Pet Product húsroládok 100%-ban természetes összetevőket tartalmaznak. Gabona- és gluténmentes – nincs tartósítószer… egy csepp sem! Ideális minden fajtájú és méretű kutya számára. Nem csak etetéshez, de tréningekhez is tökéletes lehet állaga és könnyed emészthetősége miatt, felejtsd el a kevésbé egészséges virslit! Ízletes és természetes, kutyusod biztosan nem tud majd ellenállni neki! A húsroládok 100%-ban friss, emberi fogyasztásra szánt színhúsból (monoprotein fehérjéből) készülnek – belsőségek nélkül! Egyedülálló, pástétomszerű textúra ideális jutalomfalattal tölthető játékokba (pl.: Sodapup), de elég szilárd ahhoz is, hogy kockákra vágjuk és tökéletes kiegészítő eledeleként is, akár utazáskor BARF hús alternatívaként. Mi jellemző a JR Pet Products húsroládokra? – 100%-ban természetes, monoprotein színhús – könnyen emészthető – gabona és gluténmentes – alacsony zsírtartalmú – magas fehérjetartalom – hipoallergén – tartósítószer-mentes – egészséges és tápláló – sokoldalúan felhasználható Összetevők: 100% kecskehús Analitikai összetevők: nyersfehérje 15,4%, nyerszsír 9,5%, nedvességtartalom 66,3%, nyershamu 2,0% Tovább olvasok"}
{"breadcrumb": "Főoldal/Kutya/Eledelek/BARF/JR PET húsrolád kutya jutalomfalat 100% lazac 200g", "product_name": "JR PET húsrolád kutya jutalomfalat 100% lazac 200gJR PET húsrolád kutya jutalomfalat 100% lazac 200g", "brand": "JR PET101g – 200gFelnőtthal&tenger gyümölcsei", "regular_price": "7 194", "selling_price": "6 594", "price_per_unit": "1 kg=10995 Ft", "product_url": "https://webshop.fressnapf.hu/termekek/jr-pet-husrolad-kutya-jutalomfalat-100-lazac-200g/", "product_description": "A JR Pet Product húsroládok 100%-ban természetes összetevőket tartalmaznak. Gabona- és gluténmentes – nincs tartósítószer… egy csepp sem! Ideális minden fajtájú és méretű kutya számára. Nem csak etetéshez, de tréningekhez is tökéletes lehet állaga és könnyed emészthetősége miatt, felejtsd el a kevésbé egészséges virslit! Ízletes és természetes, kutyusod biztosan nem tud majd ellenállni neki! A húsroládok 100%-ban friss, emberi fogyasztásra szánt színhúsból (monoprotein fehérjéből) készülnek – belsőségek nélkül! Egyedülálló, pástétomszerű textúra ideális jutalomfalattal tölthető játékokba (pl.: Sodapup), de elég szilárd ahhoz is, hogy kockákra vágjuk és tökéletes kiegészítő eledeleként is, akár utazáskor BARF hús alternatívaként. Mi jellemző a JR Pet Products húsroládokra? – 100%-ban természetes, monoprotein színhús – könnyen emészthető – gabona és gluténmentes – alacsony zsírtartalmú – magas fehérjetartalom – hipoallergén – tartósítószer-mentes – egészséges és tápláló – sokoldalúan felhasználható Összetevők: 100% lazachús Analitikai összetevők: nyersfehérje 13,9%, nyerszsír 15,5%, nedvességtartalom 67,8%, nyershamu 0,9% Tovább olvasok"}
{"breadcrumb": "Főoldal/Kutya/Eledelek/BARF/JR PET húsrolád kutya jutalomfalat 100% marha 200g", "product_name": "JR PET húsrolád kutya jutalomfalat 100% marha 200gJR PET húsrolád kutya jutalomfalat 100% marha 200g", "brand": "JR PET101g – 200gFelnőttmarha&borjú", "regular_price": "7 194", "selling_price": "6 594", "price_per_unit": "1 kg=10995 Ft", "product_url": "https://webshop.fressnapf.hu/termekek/jr-pet-husrolad-kutya-jutalomfalat-100-marha-200g/", "product_description": "A JR Pet Product húsroládok 100%-ban természetes összetevőket tartalmaznak. Gabona- és gluténmentes – nincs tartósítószer… egy csepp sem! Ideális minden fajtájú és méretű kutya számára. Nem csak etetéshez, de tréningekhez is tökéletes lehet állaga és könnyed emészthetősége miatt, felejtsd el a kevésbé egészséges virslit! Ízletes és természetes, kutyusod biztosan nem tud majd ellenállni neki! A húsroládok 100%-ban friss, emberi fogyasztásra szánt színhúsból (monoprotein fehérjéből) készülnek – belsőségek nélkül! Egyedülálló, pástétomszerű textúra ideális jutalomfalattal tölthető játékokba, de elég szilárd ahhoz is, hogy kockákra vágjuk és tökéletes kiegészítő eledeleként is, akár utazáskor BARF hús alternatívaként. Összetevők: 100% marhahús Analitikai összetevők: nyersfehérje 32,5%, nyerszsír 12,7%, nedvességtartalom 42,7%, nyershamu 2,8% Tovább olvasok"}
{"breadcrumb": "Főoldal/Kutya/Eledelek/BARF/JR PET húsrolád kutya jutalomfalat 100% nyúl 200g", "product_name": "JR PET húsrolád kutya jutalomfalat 100% nyúl 200gJR PET húsrolád kutya jutalomfalat 100% nyúl 200g", "brand": "JR PET101g – 200gFelnőttnyúl", "regular_price": "7 194", "selling_price": "6 594", "price_per_unit": "1 kg=11995 Ft", "product_url": "https://webshop.fressnapf.hu/termekek/jr-pet-husrolad-kutya-jutalomfalat-100-nyul-200g/", "product_description": "A JR Pet Product húsroládok 100%-ban természetes összetevőket tartalmaznak. Gabona- és gluténmentes – nincs tartósítószer… egy csepp sem! Ideális minden fajtájú és méretű kutya számára. Nem csak etetéshez, de tréningekhez is tökéletes lehet állaga és könnyed emészthetősége miatt, felejtsd el a kevésbé egészséges virslit! Ízletes és természetes, kutyusod biztosan nem tud majd ellenállni neki! A húsroládok 100%-ban friss, emberi fogyasztásra szánt színhúsból (monoprotein fehérjéből) készülnek – belsőségek nélkül! Egyedülálló, pástétomszerű textúra ideális jutalomfalattal tölthető játékokba, de elég szilárd ahhoz is, hogy kockákra vágjuk és tökéletes kiegészítő eledeleként is, akár utazáskor BARF hús alternatívaként. Összetevők: 100% nyúlhús Analitikai összetevők: nyersfehérje 17,3%, nyerszsír 10,7%, nedvességtartalom 64,2%, nyershamu 2,7% Tovább olvasok"}
{"breadcrumb": "Főoldal/Kutya/Eledelek/Jutalomfalatok&rágcsák/JR PET Stick kutya jutalomfalat 100% kenguru 50g", "product_name": "JR PET Stick kutya jutalomfalat 100% kenguru 50gJR PET Stick kutya jutalomfalat 100% kenguru 50g", "brand": "JR PET0g – 100gFelnőttegzotikusrágócsíkok", "regular_price": "1999", "selling_price": "", "price_per_unit": "1 kg=39980 Ft", "product_url": "https://webshop.fressnapf.hu/termekek/jr-pet-stick-kutya-jutalomfalat-100-kenguru-50g/", "product_description": "A JR Pet Product stick jutalomfalatok 100%-ban természetes összetevőket tartalmaznak. Gabona- és gluténmentes – nincs tartósítószer… egy csepp sem! Ideális minden fajtájú és méretű kutya számára. Ízletes és természetes, kutyusod biztosan nem tud majd ellenállni neki! A stick-ek 100%-ban friss, emberi fogyasztásra szánt színhúsból (monoprotein fehérjéből) készülnek – belsőségek nélkül! Ideális jutalomfalattal tölthető játékokba és tréning snack-ként is, mivel könnyen törhető. Összetevők: 100% kenguruhús Analitikai összetevők: nyersfehérje 66%, nyerszsír 7%, nedvességtartalom 8%, nyershamu 9,5% A csomagolás kb. 5-6 db stick-et tartalmaz. Tovább olvasok"}
{"breadcrumb": "Főoldal/Kutya/Eledelek/Jutalomfalatok&rágcsák/JR PET Stick kutya jutalomfalat 100% marha 50g", "product_name": "JR PET Stick kutya jutalomfalat 100% marha 50gJR PET Stick kutya jutalomfalat 100% marha 50g", "brand": "JR PET0g – 100gFelnőttmarha&borjúrágócsíkok", "regular_price": "1999", "selling_price": "", "price_per_unit": "1 kg=39980 Ft", "product_url": "https://webshop.fressnapf.hu/termekek/jr-pet-stick-kutya-jutalomfalat-100-marha-50g/", "product_description": "A JR Pet Product stick jutalomfalatok 100%-ban természetes összetevőket tartalmaznak. Gabona- és gluténmentes – nincs tartósítószer… egy csepp sem! Ideális minden fajtájú és méretű kutya számára. Ízletes és természetes, kutyusod biztosan nem tud majd ellenállni neki! A stick-ek 100%-ban friss, emberi fogyasztásra szánt színhúsból (monoprotein fehérjéből) készülnek – belsőségek nélkül! Ideális jutalomfalattal tölthető játékokba és tréning snack-ként is, mivel könnyen törhető. Összetevők: 100% marhahús Analitikai összetevők: nyersfehérje 42%, nyerszsír 11%, nedvességtartalom 8,5%, nyershamu 7,5% A csomagolás kb. 5-6 db stick-et tartalmaz. Tovább olvasok"}
{"breadcrumb": "Főoldal/Kutya/Eledelek/Jutalomfalatok&rágcsák/JR PET Stick kutya jutalomfalat 100% nyúl 50g", "product_name": "JR PET Stick kutya jutalomfalat 100% nyúl 50gJR PET Stick kutya jutalomfalat 100% nyúl 50g", "brand": "JR PET0g – 100gFelnőttnyúlrágócsíkok", "regular_price": "1999", "selling_price": "", "price_per_unit": "1 kg=39980 Ft", "product_url": "https://webshop.fressnapf.hu/termekek/jr-pet-stick-kutya-jutalomfalat-100-nyul-50g/", "product_description": "A JR Pet Product stick jutalomfalatok 100%-ban természetes összetevőket tartalmaznak. Gabona- és gluténmentes – nincs tartósítószer… egy csepp sem! Ideális minden fajtájú és méretű kutya számára. Ízletes és természetes, kutyusod biztosan nem tud majd ellenállni neki! A stick-ek 100%-ban friss, emberi fogyasztásra szánt színhúsból (monoprotein fehérjéből) készülnek – belsőségek nélkül! Ideális jutalomfalattal tölthető játékokba és tréning snack-ként is, mivel könnyen törhető. Összetevők: 100% nyúlhús Analitikai összetevők: nyersfehérje 47%, nyerszsír 8%, nedvességtartalom 9%, nyershamu 6% A csomagolás kb. 5-6 db stick-et tartalmaz. Tovább olvasok"}
{"breadcrumb": "Főoldal/Kutya/Eledelek/Jutalomfalatok&rágcsák/JR PET Stick kutya jutalomfalat 100% strucc 50g", "product_name": "JR PET Stick kutya jutalomfalat 100% strucc 50gJR PET Stick kutya jutalomfalat 100% strucc 50g", "brand": "JR PET0g – 100gFelnőttegzotikusrágócsíkok", "regular_price": "1999", "selling_price": "", "price_per_unit": "1 kg=39980 Ft", "product_url": "https://webshop.fressnapf.hu/termekek/jr-pet-stick-kutya-jutalomfalat-100-strucc-50g/", "product_description": "A JR Pet Product stick jutalomfalatok 100%-ban természetes összetevőket tartalmaznak. Gabona- és gluténmentes – nincs tartósítószer… egy csepp sem! Ideális minden fajtájú és méretű kutya számára. Ízletes és természetes, kutyusod biztosan nem tud majd ellenállni neki! A stick-ek 100%-ban friss, emberi fogyasztásra szánt színhúsból (monoprotein fehérjéből) készülnek – belsőségek nélkül! Ideális jutalomfalattal tölthető játékokba (pl.: Sodapup), és tréning snack-ként is, mivel könnyen törhető. Mi jellemző a JR Pet Products stick jutalomfalatokra? – 100%-ban természetes, monoprotein színhús – 4 hetes kortól adható kölyökkutyáknak is – kíméletesen, levegőn szárítva – könnyen törhető, tréning snackként is alkalmazhatod – használatod jutalomfalattal tölthető játékokba is – könnyen emészthető – gabona és gluténmentes – alacsony zsírtartalmú – magas fehérjetartalom – hipoallergén – tartósítószer-mentes – egészséges és tápláló Összetevők: 100% strucchús Analitikai összetevők: nyersfehérje 51,9%, nyerszsír 22,5%, nedvességtartalom 10,1%, nyershamu 7,4% A csomagolás kb. 5-6 db stick-et tartalmaz. Tovább olvasok"}
{"breadcrumb": "Főoldal/Kutya/Eledelek/Nedves eledelek/Julius – K9 kutya tasak MP marha&bárány 12x100g", "product_name": "Julius – K9 kutya tasak MP marha&bárány 12x100gJulius – K9 kutya tasak MP marha&bárány 12x100g", "brand": "Julius K9Felnőttvegyesszószbantasak", "regular_price": "2 499", "selling_price": "1 999", "price_per_unit": "1 kg=1666 Ft", "product_url": "https://webshop.fressnapf.hu/termekek/julius-k9-kutya-tasak-mp-marhabarany-12x100g/", "product_description": "Teljesértékű nedveseledel felnőtt kutyák számára. Marha (6*100g) Összetétel: Hús- és állati származékok (82% melyből min.4% marha, hal és halszármazékok), zöldségek, zöldségfehérje, ásványi anyagok, cukor Bárány (6*100g) Összetétel: Hús- és állati származékok (82% melyből min.4% bárány, hal és halszármazékok), zöldségek, zöldségfehérje, ásványi anyagok, cukor Analitikai összetétel: nedveség 82 %, nyersfehérje 9 %, zsírok és olajok 5 %, nyershamu 3 %, nyersrost 0,8 %. Vitaminok és ásványi anyagok / kg: D3 vitamin 290 IU, E vitamin 30 mg. Tovább olvasok"}
{"breadcrumb": "Főoldal/Kutya/Eledelek/Nedves eledelek/Julius – K9 kutya konzerv adult bárány 20x400g", "product_name": "Julius – K9 kutya konzerv adult bárány 20x400gJulius – K9 kutya konzerv adult bárány 20x400g", "brand": "Julius K9201g – 400gFelnőttjuh&bárány&kecskeszószbankonzerv", "regular_price": "15 980", "selling_price": "12 780", "price_per_unit": "639 Ft", "product_url": "https://webshop.fressnapf.hu/termekek/julius-k9-kutya-konzerv-adult-barany-400g/", "product_description": "Ízletes pástétom báránnyal. Teljes értékű eledel felnőtt kutyák részére, tartósítószerek nélkül. Összetétel: hús és állati eredetű származékok 60%(melyből bárány 4%), gabonafélék, ásványi anyagok. Analitikai alkotórészek: Nyers fehérje9,00%, Nyers olajok és zsírok 5,00%, Nyers hamu 2,50%, Nyers rostok 0,50 Tovább olvasok"}
{"breadcrumb": "Főoldal/Kutya/Eledelek/Nedves eledelek/Julius – K9 kutya konzerv adult bárány&rizs 12x1240g", "product_name": "Julius – K9 kutya konzerv adult bárány&rizs 12x1240gJulius – K9 kutya konzerv adult bárány&rizs 12x1240g", "brand": "Julius K91,1kg – 4kgFelnőttjuh&bárány&kecskeszószbankonzerv", "regular_price": "15 588", "selling_price": "12 468", "price_per_unit": "1 039 Ft", "product_url": "https://webshop.fressnapf.hu/termekek/julius-k9-kutya-konzerv-adult-baranyrizs-1240g/", "product_description": "Szaftos darabok ízletes mártásban, báránnyal és rizzsel. Teljes értékű eledel felnőtt kutyák részére, tartósítószerek nélkül. Összetétel: hús és állati eredetű származékok (bárány 4%), gabona (4% rizs),zöldség származékok, ásványi anyagok cukorfélék. Analitikai alkotórészek: Nyers fehérje 7%, Nyers olajok és zsírok 4%, Nyers hamu 2%, Nyers rostok 0,3%, Nedvességtartalom 82%, Energia 860 kca/kg. Hozzáadott anyagok: Vitaminok és nyomelemek: D 3 – vitamin (3a671) (cholecalciferol) 190 NE/kg, E-vitamin (3a700) (RRR-alfa-tocopheryl -acetát) 10 NE/kg, cink (cink-oxid) 10 mg/kg, mangán (mangán (II) oxid) 2 mg/kg, réz (réz(II) szulfát pentahidrát) 0,5 mg/kg. Tovább olvasok"}
{"breadcrumb": "Főoldal/Kutya/Eledelek/Nedves eledelek/Julius – K9 kutya konzerv adult húsmix 20x400g", "product_name": "Julius – K9 kutya konzerv adult húsmix 20x400gJulius – K9 kutya konzerv adult húsmix 20x400g", "brand": "Julius K9201g – 400gFelnőttvegyesszószbankonzerv", "regular_price": "15 980", "selling_price": "12 780", "price_per_unit": "639 Ft", "product_url": "https://webshop.fressnapf.hu/termekek/julius-k9-kutya-konzerv-adult-husmix-400g/", "product_description": "Ízletes húsmix pástétom. Teljes értékű eledel felnőtt kutyák részére, tartósítószerek nélkül. Összetétel: hús és állati eredetű származékok 60%(melyből szárnyas min.15%, sertés min.12%, marha min.8%), gabonafélék, ásványi anyagok. Analitikai alkotórészek: Nyers fehérje 9,00%, Nyers olajok és zsírok 5,00%, Nyers hamu 2,50%, Nyers rostok 0,50% Tovább olvasok"}
{"breadcrumb": "Főoldal/Kutya/Eledelek/Nedves eledelek/Julius – K9 kutya konzerv adult marha&burgonya 6x800g", "product_name": "Julius – K9 kutya konzerv adult marha&burgonya 6x800gJulius – K9 kutya konzerv adult marha&burgonya 6x800g", "brand": "Julius K9601g – 800gFelnőttmarha&borjúpástétomkonzerv", "regular_price": "8 994", "selling_price": "7 194", "price_per_unit": "1 199 Ft", "product_url": "https://webshop.fressnapf.hu/termekek/julius-k9-kutya-konzerv-adult-marhaburgonya-6x800g/", "product_description": "A Julius K9 Pástétom Marha és Burgonya egy teljes értékű eledel felnőtt kutyák részére. Magas, (65%) hústartalmának köszönhetően tápláló eledelt biztosít kedvenced számára.  Emellett tartalmaz minden olyan ásványi anyagot, vitamint, nyomelemet és más összetevőt amire kedvencednek szükséges van. Ezzel biztosítva egészséges és kiegyensúlyozott életet kutyád számára. A marhahús nem csak tápláló, de vasban gazdag, jótékonyan hatást gyakorolva kedvenced szervezetére. A termék bővelkedik vitaminokban is, támogatva ezzel kutyád immunrendszerét és anyagcsere folyamatait hozzájárulva kedvenced egészségéhez. Emellett magas energiatartalma biztosítja kutyád számára a mindennapokhoz szükséges, kirobbanó erőt. Biotin tartalma hozzájárul a bőr egészségéhez, erős és egészséges szőrt biztosítva. D3-vitamin tartalma segíti a kalcium beépülését támogatva ezzel az egészséges csontképződést. E- és B-Vitamin tartalma pedig a szervezetben zajló folyamatok hatékony működését támogatja. Lágy, pástétom formája könnyen fogyaszthatóvá teszi, így a válogatós kutyusok is szívesebben fogyasztják. Összetevők: Hús és hússzármazékok 65% (20% bárány), zöldség (5% sütőtök), ásványok 1%, zsírok és olajok (2% napraforgó olaj) Analitikai összetétel: Nyers fehérje 10,3 %, nyers zsírok és olajok 6,5%, Nyers hamu 3%, Nyers rost 0,3 %, Nedves 78% Tovább olvasok"}
{"breadcrumb": "Főoldal/Kutya/Eledelek/Nedves eledelek/Julius – K9 kutya konzerv adult marha&máj 20x400g", "product_name": "Julius – K9 kutya konzerv adult marha&máj 20x400gJulius – K9 kutya konzerv adult marha&máj 20x400g", "brand": "Julius K9201g – 400gFelnőttmarha&borjúszószbankonzerv", "regular_price": "15 980", "selling_price": "12 780", "price_per_unit": "639 Ft", "product_url": "https://webshop.fressnapf.hu/termekek/julius-k9-kutya-konzerv-adult-marhamaj-400g/", "product_description": "Ízletes marha és máj pástétom. Teljes értékű eledel felnőtt kutyák részére, tartósítószerek nélkül. Összetétel: hús és állati eredetű származékok 60% (melyből máj min.12%, marha min.8%), gabonafélék, ásványi anyagok. Analitikai alkotórészek: Nyers fehérje 9,00%, Nyers olajok és zsírok 5,00%, Nyers hamu 2,50%,Nyers rostok 0,50% Tovább olvasok"}
{"breadcrumb": "Főoldal/Kutya/Eledelek/Nedves eledelek/Julius – K9 kutya konzerv adult marha&répa 12x1240g", "product_name": "Julius – K9 kutya konzerv adult marha&répa 12x1240gJulius – K9 kutya konzerv adult marha&répa 12x1240g", "brand": "Julius K91,1kg – 4kgFelnőttmarha&borjúszószbankonzerv", "regular_price": "15 588", "selling_price": "12 468", "price_per_unit": "1 039 Ft", "product_url": "https://webshop.fressnapf.hu/termekek/julius-k9-kutya-konzerv-adult-marharepa-1240g/", "product_description": "Szaftos darabok ízletes mártásban, marha sárgarépával. Teljes értékű eledel felnőtt kutyák részére, tartósítószerek nélkül. Összetétel: hús és állati eredetű származékok (marha 4%), gabona, zöldség (4% répa), zöldség származékok, ásványi anyagok cukorfélék . Analitikai alkotórészek: Nyers fehérje 7,5%, Nyers olajok és zsírok 4,5%, Nyers hamu 2%, Nyers rostok 0,3%, Nedvességtartalom 82%, Energia 860 kcal/kg. Hozzáadott anyagok: Vitaminok és nyomelemek: D 3 – vitamin (3a671) (cholecalciferol) 190 NE/kg, E-vitamin (3a700) (RRR-alfa-tocopheryl-acetát) 10 NE/kg, cink (cinkszulfát monohidrát) 10 mg/kg, mangán (mangán (II) oxid) 2mg/kg, réz (réz(II) szulfát pentahidrát) 1,4 mg/kg, jód 0,5mg/kg. Tovább olvasok"}
{"breadcrumb": "Főoldal/Kutya/Eledelek/Nedves eledelek/Julius – K9 kutya konzerv adult pulyka&rizs 12x1240g", "product_name": "Julius – K9 kutya konzerv adult pulyka&rizs 12x1240gJulius – K9 kutya konzerv adult pulyka&rizs 12x1240g", "brand": "Julius K91,1kg – 4kgFelnőttszárnyasszószbankonzerv", "regular_price": "15 588", "selling_price": "12 468", "price_per_unit": "1 039 Ft", "product_url": "https://webshop.fressnapf.hu/termekek/julius-k9-kutya-konzerv-adult-pulykarizs-1240g/", "product_description": "Szaftos darabok ízletes mártásban, pulyka rizzsel. Teljes értékű eledel felnőtt kutyák részére, tartósítószerek nélkül. Összetétel: hús és állati eredetű származékok (pulyka 4%), gabona (4% rizs), zöldség származékok, ásványi anyagok, cukorfélék . Analitikai alkotórészek: Nyers fehérje 7,5%, Nyers olajok és zsírok 4,5%, Nyers hamu 2%, Nyers rostok 0,3%, Nedvességtartalom 82%, Energia 860 kcal/kg. Hozzáadott anyagok: Vitaminok és nyomelemek: Vitaminok és nyomelemek: D 3 – vitamin (3a671)(cholecalciferol) 190 NE/kg, E-vitamin (3a700) (RRR-alfa-tocopheryl-acetát) 10 NE/kg, cink (cinkszulfát monohidrát) 10 mg/kg, mangán (mangán (II) oxid) 2 mg/kg, réz(réz(II) szulfát pentahidrát) 1,4 mg/kg, jód 0,5mg Tovább olvasok"}
{"breadcrumb": "Főoldal/Kutya/Eledelek/Száraz eledelek/Julius K9 hipoallergén száraz kutyaeledel adult bárány&rizs 12kg", "product_name": "Julius K9 hipoallergén száraz kutyaeledel adult bárány&rizs 12kgJulius K9 hipoallergén száraz kutyaeledel adult bárány&rizs 12kg", "brand": "Julius K9Felnőttjuh&bárány&kecskehipoallergén", "regular_price": "16 399", "selling_price": "13 119", "price_per_unit": "1 kg=1093 Ft", "product_url": "https://webshop.fressnapf.hu/termekek/julius-k9-hipoallergen-szaraz-kutyaeledel-adult-baranyrizs-12kg/", "product_description": "JULIUS K-9 Hypoallergen Adult Lamb & Rice – Teljes értékű, bárányhúsból valamint halhúsból készült száraztáp bármely felnőtt kutya részére. A bárányhús és a halhús hipoallergén húsforrás, amely alkalmas a csirke allergiás kutyák etetésére. A JULIUS K-9 Hypoallergen Adult Lamb & Rice receptúrájában a bárányhús mellett halhúsból készült, így alkalmas a csirke allergiás kutyák etetésére. A bárány és a halhús is tartalmaz esszenciális aminosavakat, vitaminokat és ásványi anyagokat, amelyek támogatják a kutyák izomzatának és szőrzetének megfelelő táplálását. A JULIUS K-9 Hypoallergen Adult Lamb & Rice magas rosttartalma biztosítja a kutyák emésztőrendszerének támogatását. A JULIUS K-9 Hypoallergenic kutyatápcsaládot úgy fejlesztettek ki, hogy a kutyák természetes anyagcseréjét és ízlését vették figyelembe: könnyen emészthető és jól hasznosul, valamint a hozzáadott glukozamin támogatja a kutyák mozgásszervrendszerét. Természetes összetevőkből készült Gyümölcs és zöldség forrású rosttartalom Hozzáadott ízületvédővel Természetes forrású omega-3 tartalommal Teljesen szárnyasmentes recept Összetevők: Hús, és állati eredetű alapanyagok (húsliszt: bárány 25.00%, hal 5.00%) marhafaggyú 8.50%, kukorica, búza, korpa, rizs, alma, sárgarépa, Glukozamin-kondroitin, F.O.S., yucca schidigera kivonat Analitikai összetevők: Nyersfehérje 25.00%, Zsírok és olajok 14.00%, Nyershamu 9.50%, Nyersrost 3.40%, Nedvességtartalom 10.00% Vitaminok és ásványi anyagok: Lysine: 1,10%, Methionine: 0,40%, Threonine: 0,85%, Triptophan: 0,30%, Arginine: 1,50%, Isoleucine: 0,77%, Leucine: 2,00%, Valine: 1,00%, Ca: 1,63%, P: 1,06%, Na: 0,43 %, Zn: 88,15 mg/kg, Cu: 15,55mg/kg, Fe: 311,10mg/kg, Mn: 31,11mg/kg, I: 1,04 mg/kg, Se: 0,09 mg/kg, vitamin A: 12962 NE/kg, vitamin C: 10,37 mg/kg, vitamin D-3: 1249 NE/kg, vitamin E: 72,59 mg/kg, vitamin K-3: 2,07 mg/kg, vitamin B-1: 4,15 mg/kg, vitamin B-2: 6,22 mg/kg, Pantothenic Acid (vitaminB-5): 10,00 mg/kg, vitamin B-6: 5,00 mg/kg, vitamin B-12: 0,03 mg/kg, Biotin: 0,26 mg/kg, Niacin B3: 25,92 mg/kg, Folsav: 1,00mg/kg Tovább olvasok"}
{"breadcrumb": "Főoldal/Kutya/Eledelek/Száraz eledelek/Julius K9 hipoallergén száraz kutyaeledel adult bárány&rizs 3kg", "product_name": "Julius K9 hipoallergén száraz kutyaeledel adult bárány&rizs 3kgJulius K9 hipoallergén száraz kutyaeledel adult bárány&rizs 3kg", "brand": "Julius K91,1kg – 4kgFelnőttjuh&bárány&kecskehipoallergén", "regular_price": "4 499", "selling_price": "3 599", "price_per_unit": "1 kg=1200 Ft", "product_url": "https://webshop.fressnapf.hu/termekek/julius-k9-hipoallergen-szaraz-kutyaeledel-adult-baranyrizs-3kg/", "product_description": "JULIUS K-9 Hypoallergen Adult Lamb & Rice – Teljes értékű, bárányhúsból valamint halhúsból készült száraztáp bármely felnőtt kutya részére. A bárányhús és a halhús hipoallergén húsforrás, amely alkalmas a csirke allergiás kutyák etetésére. A JULIUS K-9 Hypoallergen Adult Lamb & Rice receptúrájában a bárányhús mellett halhúsból készült, így alkalmas a csirke allergiás kutyák etetésére. A bárány és a halhús is tartalmaz esszenciális aminosavakat, vitaminokat és ásványi anyagokat, amelyek támogatják a kutyák izomzatának és szőrzetének megfelelő táplálását. A JULIUS K-9 Hypoallergen Adult Lamb & Rice magas rosttartalma biztosítja a kutyák emésztőrendszerének támogatását. A JULIUS K-9 Hypoallergenic kutyatápcsaládot úgy fejlesztettek ki, hogy a kutyák természetes anyagcseréjét és ízlését vették figyelembe: könnyen emészthető és jól hasznosul, valamint a hozzáadott glukozamin támogatja a kutyák mozgásszervrendszerét. Természetes összetevőkből készült Gyümölcs és zöldség forrású rosttartalom Hozzáadott ízületvédővel Természetes forrású omega-3 tartalommal Teljesen szárnyasmentes recept Összetevők: Hús, és állati eredetű alapanyagok (húsliszt: bárány 25.00%, hal 5.00%) marhafaggyú 8.50%, kukorica, búza, korpa, rizs, alma, sárgarépa, Glukozamin-kondroitin, F.O.S., yucca schidigera kivonat Analitikai összetevők: Nyersfehérje 25.00%, Zsírok és olajok 14.00%, Nyershamu 9.50%, Nyersrost 3.40%, Nedvességtartalom 10.00% Vitaminok és ásványi anyagok: Lysine: 1,10%, Methionine: 0,40%, Threonine: 0,85%, Triptophan: 0,30%, Arginine: 1,50%, Isoleucine: 0,77%, Leucine: 2,00%, Valine: 1,00%, Ca: 1,63%, P: 1,06%, Na: 0,43 %, Zn: 88,15 mg/kg, Cu: 15,55mg/kg, Fe: 311,10mg/kg, Mn: 31,11mg/kg, I: 1,04 mg/kg, Se: 0,09 mg/kg, vitamin A: 12962 NE/kg, vitamin C: 10,37 mg/kg, vitamin D-3: 1249 NE/kg, vitamin E: 72,59 mg/kg, vitamin K-3: 2,07 mg/kg, vitamin B-1: 4,15 mg/kg, vitamin B-2: 6,22 mg/kg, Pantothenic Acid (vitaminB-5): 10,00 mg/kg, vitamin B-6: 5,00 mg/kg, vitamin B-12: 0,03 mg/kg, Biotin: 0,26 mg/kg, Niacin B3: 25,92 mg/kg, Folsav: 1,00mg/kg Tovább olvasok"}
{"breadcrumb": "Főoldal/Kutya/Eledelek/Száraz eledelek/Julius K9 hipoallergén száraz kutyaeledel adult hal&rizs 12kg", "product_name": "Julius K9 hipoallergén száraz kutyaeledel adult hal&rizs 12kgJulius K9 hipoallergén száraz kutyaeledel adult hal&rizs 12kg", "brand": "Julius K9Felnőtthal&tenger gyümölcseihipoallergén", "regular_price": "16 999", "selling_price": "13 599", "price_per_unit": "1 kg=1133 Ft", "product_url": "https://webshop.fressnapf.hu/termekek/julius-k9-hipoallergen-szaraz-kutyaeledel-adult-halrizs-12kg/", "product_description": "JULIUS K-9 Hypoallergen Adult Fish & Rice – Teljes értékű, monoprotein, kizárólag halhúsból készített száraztáp – bármely felnőtt kutya részére. A halhús hipoallergén húsforrás, amely alkalmas a csirke allergiás kutyák etetésére. A JULIUS K-9 Hypoallergen Adult Fish & Rice receptúrájában halhúsból készült, így alkalmas a csirke allergiás kutyák etetésére. A halhús esszenciális aminosavakat is tartalmaz, valamint vitaminokat és ásványi anyagokat is, amelyek támogatják a kutyák izomzatának és szőrzetének megfelelő táplálását. A JULIUS K-9 Hypoallergen Adult Fish & Rice magas rosttartalma biztosítja a kutyák emésztőrendszerének támogatását. Természetes összetevőkből készült Gyümölcs és zöldség forrású rosttartalom Hozzáadott ízületvédővel Természetes forrású omega-3 tartalommal Teljesen szárnyasmentes recept Összetétel: Hús, és állati eredetű alapanyagok (húsliszt: hal 26.00%; marhafaggyú 9.50%), kukorica, korpa, búza, rizs, alma, sárgarépa, Glukozamin-kondroitin, F.O.S., yucca schidigera kivonat Analitikai összetétel: Nyersfehérje 26.00%, Zsírok és olajok 14.00%, Nyershamu 5.50%, Nyersrost 2.60%, Nedvességtartalom 10.00% Vitaminok és ásványi anyagok: Lysine: 1,50%, Methionine: 0,63%, Threonine: 0,98%, Triptophan: 0,24%, Arginine: 1,28%, Isoleucine: 0,93%, Leucine: 2,00%, Valine: 1,00%, Ca: 1,48%, P: 0,95%, Na: 0,14 %, Zn: 88,15 mg/kg, I: 1,04 mg/kg, Se: 0,09 mg/kg, vitamin A: 12962 NE/kg, vitamin C: 10,37 mg/kg, vitamin D-3: 1249 NE/kg, vitamin E: 72,59 mg/kg, vitamin K-3: 2,07 mg/kg, vitamin B-1: 4,15 mg/kg, vitamin B-2: 6,22 mg/kg, Pantothenic Acid (vitaminB-5): 10,00 mg/kg, vitamin B-6: 5,00 mg/kg, vitamin B-12: 0,03 mg/kg, Biotin: 0,26 mg/kg, Niacin B3: 25,92 mg/kg Tovább olvasok"}
{"breadcrumb": "Főoldal/Kutya/Eledelek/Száraz eledelek/Julius K9 hipoallergén száraz kutyaeledel adult hal&rizs 3kg", "product_name": "Julius K9 hipoallergén száraz kutyaeledel adult hal&rizs 3kgJulius K9 hipoallergén száraz kutyaeledel adult hal&rizs 3kg", "brand": "Julius K91,1kg – 4kgFelnőtthal&tenger gyümölcseihipoallergén", "regular_price": "4 499", "selling_price": "3 599", "price_per_unit": "1 kg=1200 Ft", "product_url": "https://webshop.fressnapf.hu/termekek/julius-k9-hipoallergen-szaraz-kutyaeledel-adult-halrizs-3kg/", "product_description": "JULIUS K-9 Hypoallergen Adult Fish & Rice – Teljes értékű, monoprotein, kizárólag halhúsból készített száraztáp – bármely felnőtt kutya részére. A halhús hipoallergén húsforrás, amely alkalmas a csirke allergiás kutyák etetésére. A JULIUS K-9 Hypoallergen Adult Fish & Rice receptúrájában halhúsból készült, így alkalmas a csirke allergiás kutyák etetésére. A halhús esszenciális aminosavakat is tartalmaz, valamint vitaminokat és ásványi anyagokat is, amelyek támogatják a kutyák izomzatának és szőrzetének megfelelő táplálását. A JULIUS K-9 Hypoallergen Adult Fish & Rice magas rosttartalma biztosítja a kutyák emésztőrendszerének támogatását. Természetes összetevőkből készült Gyümölcs és zöldség forrású rosttartalom Hozzáadott ízületvédővel Természetes forrású omega-3 tartalommal Teljesen szárnyasmentes recept Összetétel: Hús, és állati eredetű alapanyagok (húsliszt: hal 26.00%; marhafaggyú 9.50%), kukorica, korpa, búza, rizs, alma, sárgarépa, Glukozamin-kondroitin, F.O.S., yucca schidigera kivonat Analitikai összetétel: Nyersfehérje 26.00%, Zsírok és olajok 14.00%, Nyershamu 5.50%, Nyersrost 2.60%, Nedvességtartalom 10.00% Vitaminok és ásványi anyagok: Lysine: 1,50%, Methionine: 0,63%, Threonine: 0,98%, Triptophan: 0,24%, Arginine: 1,28%, Isoleucine: 0,93%, Leucine: 2,00%, Valine: 1,00%, Ca: 1,48%, P: 0,95%, Na: 0,14 %, Zn: 88,15 mg/kg, I: 1,04 mg/kg, Se: 0,09 mg/kg, vitamin A: 12962 NE/kg, vitamin C: 10,37 mg/kg, vitamin D-3: 1249 NE/kg, vitamin E: 72,59 mg/kg, vitamin K-3: 2,07 mg/kg, vitamin B-1: 4,15 mg/kg, vitamin B-2: 6,22 mg/kg, Pantothenic Acid (vitaminB-5): 10,00 mg/kg, vitamin B-6: 5,00 mg/kg, vitamin B-12: 0,03 mg/kg, Biotin: 0,26 mg/kg, Niacin B3: 25,92 mg/kg Tovább olvasok"}
{"breadcrumb": "Főoldal/Kutya/Eledelek/Száraz eledelek/Julius K9 hipoallergén száraz kutyaeledel junior bárány&rizs 12kg", "product_name": "Julius K9 hipoallergén száraz kutyaeledel junior bárány&rizs 12kgJulius K9 hipoallergén száraz kutyaeledel junior bárány&rizs 12kg", "brand": "Julius K9Kölyökjuh&bárány&kecskehipoallergén", "regular_price": "15 999", "selling_price": "12 799", "price_per_unit": "1 kg=1067 Ft", "product_url": "https://webshop.fressnapf.hu/termekek/julius-k9-hipoallergen-szaraz-kutyaeledel-junior-baranyrizs-12kg/", "product_description": "JULIUS K-9 Hypoallergen Puppy & Junior Lamb & Rice – Teljes értékű, bárányhúsból valamint halhúsból készült szárazeledel, kölyök, fiatal, növekedésben lévő, vemhes és kölyköket nevelő kutyák részére. A bárányhús és a halhús hipoallergén húsforrás, amely alkalmas a csirke allergiás kutyák etetésére. A JULIUS K-9 Hypoallergen Puppy & Junior Lamb & Rice receptúrájában a bárányhús mellett halhúsból készült, így alkalmas a csirke allergiás kutyák etetésére. A bárány és a halhús is tartalmaz esszenciális aminosavakat, vitaminokat és ásványi anyagokat, amelyek támogatják a kutyák izomzatának és szőrzetének megfelelő táplálását. A JULIUS K-9 Hypoallergen Puppy & Junior Lamb & Rice magas rosttartalma biztosítja a kutyák emésztőrendszerének támogatását. A JULIUS K-9 Hypoallergenic kutyatápcsaládot úgy fejlesztettek ki, hogy a kutyák természetes anyagcseréjét és ízlését vették figyelembe: könnyen emészthető és jól hasznosul, valamint a hozzáadott glukozamin támogatja a kutyák mozgásszervrendszerét. Természetes összetevőkből készült Gyümölcs és zöldség forrású rosttartalom Hozzáadott ízületvédővel Természetes forrású omega-3 tartalommal Teljesen szárnyasmentes recept Összetevők: Hús, és állati eredetű alapanyagok (húsliszt: bárány 24.00%, hal 5.00%) marhafaggyú 8.00%, kukorica, búza, korpa, rizs, alma, sárgarépa, Glukozamin-kondroitin, F.O.S., yucca schidigera kivonat Analitikai összetevők: Nyersfehérje 26.00%, Zsírok és olajok 14.00%, Nyershamu 9.20%, Nyersrost 3.60%, Nedvességtartalom 10.00% Vitaminok és ásványi anyagok: Lysine: 1,10%, Methionine: 0,40%, Threonine: 0,86%, Triptophan: 0,31%, Arginine: 1,50%, Isoleucine: 0,77%, Leucine: 2,00%, Valine: 1,00%, Ca: 1,60%, P: 1,05%, Na: 0,42 %, Zn: 88,15 mg/kg, Cu: 15,55mg/kg, Fe: 311,10mg/kg, Mn: 31,11mg/kg, I: 1,04 mg/kg, Se: 0,09 mg/kg, vitamin A: 12962 NE/kg, vitamin C: 10,37 mg/kg, vitamin D-3: 1249 NE/kg, vitamin E: 72,59 mg/kg, vitamin K-3: 2,07 mg/kg, vitamin B-1: 4,15 mg/kg, vitamin B-2: 6,22 mg/kg, Pantothenic Acid (vitaminB-5): 10,00 mg/kg, vitamin B-6: 5,00 mg/kg, vitamin B-12: 0,03 mg/kg, Biotin: 0,26 mg/kg, Niacin B3: 25,92 mg/kg, Folsav: 1,00mg/kg Tovább olvasok"}
{"breadcrumb": "Főoldal/Kutya/Eledelek/Száraz eledelek/Julius K9 hipoallergén száraz kutyaeledel junior bárány&rizs 3kg", "product_name": "Julius K9 hipoallergén száraz kutyaeledel junior bárány&rizs 3kgJulius K9 hipoallergén száraz kutyaeledel junior bárány&rizs 3kg", "brand": "Julius K91,1kg – 4kgKölyökjuh&bárány&kecskehipoallergén", "regular_price": "4 499", "selling_price": "3 599", "price_per_unit": "1 kg=1200 Ft", "product_url": "https://webshop.fressnapf.hu/termekek/julius-k9-hipoallergen-szaraz-kutyaeledel-junior-baranyrizs-3kg/", "product_description": "JULIUS K-9 Hypoallergen Puppy & Junior Lamb & Rice – Teljes értékű, bárányhúsból valamint halhúsból készült szárazeledel, kölyök, fiatal, növekedésben lévő, vemhes és kölyköket nevelő kutyák részére. A bárányhús és a halhús hipoallergén húsforrás, amely alkalmas a csirke allergiás kutyák etetésére. A JULIUS K-9 Hypoallergen Puppy & Junior Lamb & Rice receptúrájában a bárányhús mellett halhúsból készült, így alkalmas a csirke allergiás kutyák etetésére. A bárány és a halhús is tartalmaz esszenciális aminosavakat, vitaminokat és ásványi anyagokat, amelyek támogatják a kutyák izomzatának és szőrzetének megfelelő táplálását. A JULIUS K-9 Hypoallergen Puppy & Junior Lamb & Rice magas rosttartalma biztosítja a kutyák emésztőrendszerének támogatását. A JULIUS K-9 Hypoallergenic kutyatápcsaládot úgy fejlesztettek ki, hogy a kutyák természetes anyagcseréjét és ízlését vették figyelembe: könnyen emészthető és jól hasznosul, valamint a hozzáadott glukozamin támogatja a kutyák mozgásszervrendszerét. Természetes összetevőkből készült Gyümölcs és zöldség forrású rosttartalom Hozzáadott ízületvédővel Természetes forrású omega-3 tartalommal Teljesen szárnyasmentes recept Összetevők: Hús, és állati eredetű alapanyagok (húsliszt: bárány 24.00%, hal 5.00%) marhafaggyú 8.00%, kukorica, búza, korpa, rizs, alma, sárgarépa, Glukozamin-kondroitin, F.O.S., yucca schidigera kivonat Analitikai összetevők: Nyersfehérje 26.00%, Zsírok és olajok 14.00%, Nyershamu 9.20%, Nyersrost 3.60%, Nedvességtartalom 10.00% Vitaminok és ásványi anyagok: Lysine: 1,10%, Methionine: 0,40%, Threonine: 0,86%, Triptophan: 0,31%, Arginine: 1,50%, Isoleucine: 0,77%, Leucine: 2,00%, Valine: 1,00%, Ca: 1,60%, P: 1,05%, Na: 0,42 %, Zn: 88,15 mg/kg, Cu: 15,55mg/kg, Fe: 311,10mg/kg, Mn: 31,11mg/kg, I: 1,04 mg/kg, Se: 0,09 mg/kg, vitamin A: 12962 NE/kg, vitamin C: 10,37 mg/kg, vitamin D-3: 1249 NE/kg, vitamin E: 72,59 mg/kg, vitamin K-3: 2,07 mg/kg, vitamin B-1: 4,15 mg/kg, vitamin B-2: 6,22 mg/kg, Pantothenic Acid (vitaminB-5): 10,00 mg/kg, vitamin B-6: 5,00 mg/kg, vitamin B-12: 0,03 mg/kg, Biotin: 0,26 mg/kg, Niacin B3: 25,92 mg/kg, Folsav: 1,00mg/kg Tovább olvasok"}
{"breadcrumb": "Főoldal/Kutya/Eledelek/Száraz eledelek/Julius K9 hipoallergén száraz kutyaeledel senior bárány&rizs 12kg", "product_name": "Julius K9 hipoallergén száraz kutyaeledel senior bárány&rizs 12kgJulius K9 hipoallergén száraz kutyaeledel senior bárány&rizs 12kg", "brand": "Julius K9Idősjuh&bárány&kecskehipoallergén", "regular_price": "14 999", "selling_price": "11 999", "price_per_unit": "1 kg=1000 Ft", "product_url": "https://webshop.fressnapf.hu/termekek/julius-k9-hipoallergen-szaraz-kutyaeledel-senior-baranyrizs-12kg/", "product_description": "JULIUS K-9 Hypoallergen Senior Lamb & Rice – Teljes értékű, bárányhúsból valamint halhúsból készült szárazeledel bármely idős kutya részére. A bárányhús és a halhús hipoallergén húsforrás, mely alkalmas a csirke allergiás kutyák etetésére. A JULIUS K-9 Hypoallergen Senior Lamb & Rice receptúrájában a bárányhús mellett halhúsból készült, így alkalmas a csirke allergiás kutyák etetésére. A bárány és a halhús is tartalmaz esszenciális aminosavakat, vitaminokat és ásványi anyagokat, amelyek támogatják a kutyák izomzatának és szőrzetének megfelelő táplálását. A JULIUS K-9 Hypoallergen Senior Lamb & Rice magas rosttartalma biztosítja a kutyák emésztőrendszerének támogatását. A JULIUS K-9 Hypoallergenic kutyatápcsaládot úgy fejlesztettek ki, hogy a kutyák természetes anyagcseréjét és ízlését vették figyelembe: könnyen emészthető és jól hasznosul, valamint a hozzáadott glukozamin támogatja a kutyák mozgásszervrendszerét. Természetes összetevőkből készült Gyümölcs és zöldség forrású rosttartalom Hozzáadott ízületvédővel Természetes forrású omega-3 tartalommal Teljesen szárnyasmentes recept Összetevők: Hús, és állati eredetű alapanyagok (húsliszt: bárány 17.00%, hal 5.00%), marhafaggyú 3.00%, kukorica, búza, korpa, rizs, alma, sárgarépa, Glukozamin-kondroitin, F.O.S., yucca schidigera kivonat Analitikai összetevők: Nyersfehérje 22.00%, Zsírok és olajok 9.00%, Nyershamu 8.00%, Nyersrost 4.00%, Nedvességtartalom 10.00% Vitaminok és ásványi anyagok: Lysine: 0,98%, Methionine: 0,37%, Threonine: 0,75%, Triptophan: 0,27%, Arginine: 1,30%, Isoleucine: 0,67%, Leucine: 2,00%, Valine: 1,00%, Ca: 1,34%, P: 0,94%, Na: 0,31 %, Zn: 88,15 mg/kg, Cu: 15,55mg/kg, Fe: 311,10mg/kg, Mn: 31,11mg/kg, I: 1,04 mg/kg, Se: 0,09 mg/kg, vitamin A: 12962 NE/kg, vitamin C: 10,37 mg/kg, vitamin D-3: 1249 NE/kg, vitamin E: 72,59 mg/kg, vitamin K-3: 2,07 mg/kg, vitamin B-1: 4,15 mg/kg, vitamin B-2: 6,22 mg/kg, Pantothenic Acid (vitaminB-5): 10,00 mg/kg, vitamin B-6: 5,00 mg/kg, vitamin B-12: 0,03 mg/kg, Biotin: 0,26 mg/kg, Niacin B3: 25,92 mg/kg, Folsav: 1,00mg/kg Tovább olvasok"}
{"breadcrumb": "Főoldal/Kutya/Eledelek/Száraz eledelek/Julius K9 hipoallergén száraz kutyaeledel senior bárány&rizs 3kg", "product_name": "Julius K9 hipoallergén száraz kutyaeledel senior bárány&rizs 3kgJulius K9 hipoallergén száraz kutyaeledel senior bárány&rizs 3kg", "brand": "Julius K91,1kg – 4kgIdősjuh&bárány&kecskehipoallergén", "regular_price": "4 499", "selling_price": "3 599", "price_per_unit": "1 kg=1200 Ft", "product_url": "https://webshop.fressnapf.hu/termekek/julius-k9-hipoallergen-szaraz-kutyaeledel-senior-baranyrizs-3kg/", "product_description": "JULIUS K-9 Hypoallergen Senior Lamb & Rice – Teljes értékű, bárányhúsból valamint halhúsból készült szárazeledel bármely idős kutya részére. A bárányhús és a halhús hipoallergén húsforrás, mely alkalmas a csirke allergiás kutyák etetésére. A JULIUS K-9 Hypoallergen Senior Lamb & Rice receptúrájában a bárányhús mellett halhúsból készült, így alkalmas a csirke allergiás kutyák etetésére. A bárány és a halhús is tartalmaz esszenciális aminosavakat, vitaminokat és ásványi anyagokat, amelyek támogatják a kutyák izomzatának és szőrzetének megfelelő táplálását. A JULIUS K-9 Hypoallergen Senior Lamb & Rice magas rosttartalma biztosítja a kutyák emésztőrendszerének támogatását. A JULIUS K-9 Hypoallergenic kutyatápcsaládot úgy fejlesztettek ki, hogy a kutyák természetes anyagcseréjét és ízlését vették figyelembe: könnyen emészthető és jól hasznosul, valamint a hozzáadott glukozamin támogatja a kutyák mozgásszervrendszerét. Természetes összetevőkből készült Gyümölcs és zöldség forrású rosttartalom Hozzáadott ízületvédővel Természetes forrású omega-3 tartalommal Teljesen szárnyasmentes recept Összetevők: Hús, és állati eredetű alapanyagok (húsliszt: bárány 17.00%, hal 5.00%), marhafaggyú 3.00%, kukorica, búza, korpa, rizs, alma, sárgarépa, Glukozamin-kondroitin, F.O.S., yucca schidigera kivonat Analitikai összetevők: Nyersfehérje 22.00%, Zsírok és olajok 9.00%, Nyershamu 8.00%, Nyersrost 4.00%, Nedvességtartalom 10.00% Vitaminok és ásványi anyagok: Lysine: 0,98%, Methionine: 0,37%, Threonine: 0,75%, Triptophan: 0,27%, Arginine: 1,30%, Isoleucine: 0,67%, Leucine: 2,00%, Valine: 1,00%, Ca: 1,34%, P: 0,94%, Na: 0,31 %, Zn: 88,15 mg/kg, Cu: 15,55mg/kg, Fe: 311,10mg/kg, Mn: 31,11mg/kg, I: 1,04 mg/kg, Se: 0,09 mg/kg, vitamin A: 12962 NE/kg, vitamin C: 10,37 mg/kg, vitamin D-3: 1249 NE/kg, vitamin E: 72,59 mg/kg, vitamin K-3: 2,07 mg/kg, vitamin B-1: 4,15 mg/kg, vitamin B-2: 6,22 mg/kg, Pantothenic Acid (vitaminB-5): 10,00 mg/kg, vitamin B-6: 5,00 mg/kg, vitamin B-12: 0,03 mg/kg, Biotin: 0,26 mg/kg, Niacin B3: 25,92 mg/kg, Folsav: 1,00mg/kg Tovább olvasok"}
{"breadcrumb": "Főoldal/Kutya/Eledelek/Nedves eledelek/Julius K9 kutya konzerv adult szárnyas&spirulina 6x800g", "product_name": "Julius K9 kutya konzerv adult szárnyas&spirulina 6x800gJulius K9 kutya konzerv adult szárnyas&spirulina 6x800g", "brand": "Julius K9601g – 800gFelnőttszárnyaspástétomgabonamenteskonzerv", "regular_price": "8 994", "selling_price": "7 194", "price_per_unit": "1 199 Ft", "product_url": "https://webshop.fressnapf.hu/termekek/julius-k9-kutya-konzerv-adult-szarnyasspirulina-800g/", "product_description": "Teljes értékű eledel kutyák számára. Julius-K9 Paté, Adult prémium kutyakonzerv szaftos, ízletes darabos pástétom, szárnyashússal, cukkinival és spirulina algával. A gabonamentes pástétom 65% hús és állati eredetű származékot tartalmaz. Összetevők: Hús és hússzármazékok 65% (20% szárnyas), zöldség (5% cukkini), ásványok 1%, zsírok és olajok (2% napraforgó olaj), alga (0,1% spirulina) Analitikai összetétel: Nyers fehérje 10,5 %, nyers zsírok és olajok 6,8%, Nyers hamu 2,5%, Nyers rost 0,5 %, Nedves 78% Tovább olvasok"}
{"breadcrumb": "Főoldal/Kutya/Eledelek/Nedves eledelek/Julius K9 kutya tálka adult bárány&répa 12x150g", "product_name": "Julius K9 kutya tálka adult bárány&répa 12x150gJulius K9 kutya tálka adult bárány&répa 12x150g", "brand": "Julius K9101g – 200gFelnőttjuh&bárány&kecskepástétomtálka", "regular_price": "6 348", "selling_price": "5 076", "price_per_unit": "423 Ft", "product_url": "https://webshop.fressnapf.hu/termekek/julius-k9-kutya-talka-adult-baranysutotok-12x150g/", "product_description": "Julius-K9 Dog Terrine felnőtt kutyák részére Teljes értékű eledel felnőtt kutyák számára. Összetétel: Hús és hússzármazékok 65% ( 20% bárány), zöldség (4% répa) , ásványok 1%, zsírok, olajok (2% napraforgó olaj). Analitikai összetevők: Nyers fehérje: 10,30%, Nyerszsírok, olajok: 6,50%, Nyers hamu: 3,00%, Nyers rost: 0,30%, Nedvesség: 78,00%. Tovább olvasok"}
{"breadcrumb": "Főoldal/Kutya/Eledelek/Nedves eledelek/Julius K9 kutya tálka adult marha&édesburgonya 12x150g", "product_name": "Julius K9 kutya tálka adult marha&édesburgonya 12x150gJulius K9 kutya tálka adult marha&édesburgonya 12x150g", "brand": "Julius K9101g – 200gFelnőttmarha&borjúpástétomtálka", "regular_price": "6 348", "selling_price": "5 076", "price_per_unit": "423 Ft", "product_url": "https://webshop.fressnapf.hu/termekek/julius-k9-kutya-talka-adult-marhaburgonya-12x150g/", "product_description": "Julius-K9 Dog Terrine Adult felnőtt kutyák részére Teljes értékű eledel felnőtt kutyák számára. Összetétel: Hús és hús-származékok (20% marha) , zöldség (4% édesburgonya) , ásványok 1%, zsírok, olajok (2% napraforgó olaj) Tovább olvasok"}
{"breadcrumb": "Főoldal/Kutya/Eledelek/Nedves eledelek/Julius K9 kutya tasak adult bárány 12x125g", "product_name": "Julius K9 kutya tasak adult bárány 12x125gJulius K9 kutya tasak adult bárány 12x125g", "brand": "Julius K9101g – 200gFelnőttjuh&bárány&kecskeszószbantasak", "regular_price": "6 348", "selling_price": "5 076", "price_per_unit": "423 Ft", "product_url": "https://webshop.fressnapf.hu/termekek/julius-k9-kutya-tasak-adult-barany-12x125g/", "product_description": "Julius-K9 Dog Adult Lamb – nedveseledel (bárány) felnőtt kutyák részére – Teljes értékű eledel felnőtt kutyák számára – Húsos menü báránnyal, aszpikos bevonattal Összetevők: hús és állati eredetű származékok 70% (25% bárányhús), ásványi anyagok 1%, zsírok és olajok (0,2% napraforgóolaj). Analitikai összetevők: nyersfehérje 10,3%, zsírok és olajok 6,5%, nyershamu 3%, nyersrost 0,3%, nedvesség 78%. Táplálkozási adalékanyagok: Vit. D3 200IE, Vit. E 20mg, Vit. B1 10mg, Vit. B2 6mg, Vit. B6 2mg, Niacinamid 15mg, D-kalcium-pantotenát 9mg, folsav 0.35mg, biotin 300, kolin-klorid 1200mg, cink 25mg, mangán 1.4mg, jód 0.75. Tovább olvasok"}
{"breadcrumb": "Főoldal/Kutya/Eledelek/Nedves eledelek/Julius K9 kutya tasak adult marha 12x125g", "product_name": "Julius K9 kutya tasak adult marha 12x125gJulius K9 kutya tasak adult marha 12x125g", "brand": "Julius K9101g – 200gFelnőttmarha&borjúszószbantasak", "regular_price": "6 348", "selling_price": "5 076", "price_per_unit": "423 Ft", "product_url": "https://webshop.fressnapf.hu/termekek/julius-k9-kutya-tasak-adult-marha-12x125g/", "product_description": "Julius-K9 Dog Adult Beef – nedveseledel (marha) felnőtt kutyák részére (125g) – Teljes értékű eledel felnőtt kutyák számára – Húsos menü marhával, aszpikos bevonattal Összetevők: Hús és hússzármazékok 70% ( 25% marha), zsírok, olajok (0,2% napraforgó olaj), ásványok (1%) Adalékanyagok: Vitamin D3 200NE, Vitamin E 20mg, Vitamin B1 10mg, Vitamin B2 6mg, Vitamin B6 2mg, Vitamin B12 75µg, Niacinamid 15mg, KalciumD-panthotenát 9mg, Folsav 0,35mg, Biotin 300µg, Kolin klorid 1200mg, Zink, mint Zink-monohidrát 25mg, Mangán, mint Mangán szulfát monohidrát 1,4mg, Jód, mint vízmentes Kalcium jodát 0,75mg, Analitikai összetevők: Fehérje: 10,30%, Zsírok, olajok: 6,50%, Nyers hamu 2,20%, Nyers rost: 0,40%, Nedvesség: 78% Tovább olvasok"}
{"breadcrumb": "Főoldal/Kutya/Eledelek/Nedves eledelek/Julius K9 kutya tasak MP nyúl&borjú 12x100g", "product_name": "Julius K9 kutya tasak MP nyúl&borjú 12x100gJulius K9 kutya tasak MP nyúl&borjú 12x100g", "brand": "Julius K9multipackvegyesszószbantasak", "regular_price": "2 499", "selling_price": "1 999", "price_per_unit": "1 kg=1666 Ft", "product_url": "https://webshop.fressnapf.hu/termekek/julius-k9-kutya-tasak-mp-nyulborju-12x100g/", "product_description": "Julius – K9 Adult Menu Veal & Rabbit – nedves eledel (borjú,nyúl) válogatás szószban kutyák részére Összetétel: Hús és állati származékok (ebből borjú 4%), növényi eredetű származékok, ásványi anyagok, különféle cukrok. Összetétel: Hús és állati származékok (ebből nyúl 4%), növényi eredetű származékok, ásványi anyagok, különféle cukrok. Analitikai összetevők: Fehérje 7,5%, Zsír 5%, Nyershamu 2,40%, Nyersrost 0,50%, Nedvesség 83,00%. Adalékok kg-onként, Tápanyag-adalékanyagok: E-vitamin (all-rac-alfa-tokoferil-acetát) 100 mg, Cink (cink-oxid) 25 mg, Jód (vízmentes kalcium-jodát) 0,5 mg, Réz (réz(II)-szulfát-pentahidrát) 2 mg, D3-vitamin (kolekalciferol) 300 NE,A-vitamin 1000 NE Tovább olvasok"}
{"breadcrumb": "Főoldal/Kutya/Eledelek/Táplálékkiegészítők&vitaminok/KÉK LUKÁCS csepp kutyáknak 30ml", "product_name": "KÉK LUKÁCS csepp kutyáknak 30mlKÉK LUKÁCS csepp kutyáknak 30ml", "brand": "Kék Lukács0ml – 100mlFelnőttfolyadékvitamin", "regular_price": "4999", "selling_price": "", "price_per_unit": "1 db=4999 Ft", "product_url": "https://webshop.fressnapf.hu/termekek/kek-lukacs-csepp-kutyaknak-30ml/", "product_description": "A Kék Lukács cseppek nyomelemeket, ásványi anyagokat, valamint szerves savat tartalmazó folyékony kiegészítő takarmány. Felhasználása előnyös lehet a szervezet ellenálló képességének fenntartásában, anyagcserezavarok, szőrhullás, fakó szőrzet, étvágytalanság, hiányos táplálkozás (pl. speciális diéta), gyengeség esetén, valamint nyomelemek pótlásában, a kondíció erősítésében. – Közreműködik az immunrendszer megfelelő működésében. – Részt vesz az állatok általános állapotának és közérzetének kiegyensúlyozásában, kiváló roborálószer. – Felhasználása előnyös műtéti előkészítés, valamint műtét utáni felépülés időszakában. – Táplálja a szőrzetet, használatával gyorsítható a bőr és a nyálkahártya regenerációja. – Minden olyan esetben, amikor a nyomelempótlás elengedhetetlenül fontos (pl.: hasmenés, hányás, vemhesség, szoptatás, kiállításra való felkészítés), akkor a termék használata kifejezetten ajánlott. Összetétel (1 ml oldat tartalmaz): Bór (Bórsav formájában) 0,32 mg; Kobalt (Kobalt (II)-klorid-hexahidrát formájában) 0,08 mg; Vanádium (Ammónium-metavanadát formájában) 0,0033 mg; Króm (Króm (III)-klorid-hexahidrát formájában) 0,023 mg; Réz (Réz (II)-klorid-dihidrát formájában) 0,27 mg; Vas (Vas (II)-szulfát-heptahidrát formájában) 2 mg; Jód (Kálium-jodid formájában) 0,015 mg; Mangán (Mangán (II)-klorid-tetrahidrát formájában) 0,67 mg; Magnézium (Magnézium (II)-klorid-hexahidrát formájában) 15,9 mg; Szelén (Nátrium-szelenát formájában) 0,017 mg; Cink (Cink (II)-szulfát-heptahidrát formájában) 1,66 mg. Segédanyagok: Almasav, Ioncserélt víz Adagolás és az alkalmazás módja: A terméket 2 hónapig ajánlott adni a kutyának, ami 1 hónapos szünet után megismételhető. Szájon át történő alkalmazásra. Kék Lukács cseppek kutyák részére: 1 csepp testtömeg-kilogrammonként. A terméket a kutya annyi mennyiségű ivóvizébe vagy táplálékába adagoljuk, amelyet az állat biztosan elfogyaszt. A cseppentő segítségével közvetlenül az állat szájába is adagolhatjuk. Tovább olvasok"}
{"breadcrumb": "Főoldal/Kutya/Eledelek/Táplálékkiegészítők&vitaminok/LEIKY Dentanol fogpor 100g", "product_name": "LEIKY Dentanol fogpor 100gLEIKY Dentanol fogpor 100g", "brand": "Leiky0g – 100gFelnőttporfogápolás", "regular_price": "8999", "selling_price": "", "price_per_unit": "1 kg=89990 Ft", "product_url": "https://webshop.fressnapf.hu/termekek/leiky-dentanol-fogpor-100g/", "product_description": "A Leiky 100%-osan természetes anyagokból álló terméke felveszi a harcot a kutyák, macskák fogkövével, ínygyulladásával, kellemetlen szájszagával. Figyelem! Természetes összetevőkből készült termék, így színe, illata gyártásonként eltérhet! Adagolása (kiskedvenc súlyához képest): 5 kg-ig késhegynyi, 5-15 kg 1/4 teáskanál, 15-30 kg 1/2 teáskanál, 30 kg felett 1 teáskanál naponta. Gyakoriság: 3 hétig minden nap, utána heti 3x Így add neki: keverd az eledelébe vagy vízébe. Mennyi időre elegendő: kb. 1 év 10 kg-os kutyának A Leiky 100%-ban természetes fogkő, fogínygyulladás és szájszag elleni por a kellemetlen szájszagot és az íny gyulladását már pár nap alatt enyhíti vagy meg is szünteti, a plakképződés pedig pár hét alatt meggátolható. Mindeközben a száj egészségéhez szükséges aminosavak, ásványianyagok jutnak a szervezetbe. Összetevők: barna alga(Ascophyllum nodosum), vörösáfonya, petrezselyem, kovaföld(szilícium-dioxid), OPC szőlőmagliszt Analitikai összetétel: 7,3% nyersfehérje, 2,4% nyerszsír, 21,5% nyershamu, 11% nyersrost, 0.4 mg/g jód Kutyádnak és cicádnak egyaránt ajánljuk, ha: enyhén-közepesen fogköves és meg szeretnéd előzni a rendelői fogkőlevételt ínygyulladása van fogkőlevétel után vagytok leheletét szeretnéd frissíteni fogait szeretnéd erősíteni Tovább olvasok"}
{"breadcrumb": "Főoldal/Kutya/Eledelek/Táplálékkiegészítők&vitaminok/Magu CBD olaj 6% <30kg 600mg", "product_name": "Magu CBD olaj 6% <30kg 600mgMagu CBD olaj 6% <30kg 600mg", "brand": "MaguFelnőtt", "regular_price": "12999", "selling_price": "", "price_per_unit": "1 db=12999 Ft", "product_url": "https://webshop.fressnapf.hu/termekek/magu-cbd-olaj-6-30kg-600mg/", "product_description": "A kannabidiol (CBD) a kender NEM pszichoaktív alkotója, mely az emberi és állati szervezetben is képes kifejteni jótékony hatásait, mivel minden emlős szervezetében azonos endokannabinoid rendszer (ECS) van. Az ECS a központi idegrendszer része, mely szerepet játszik az élettani folyamatok harmonizálásában, stimulálásában. Függőséget bizonyítottan egyáltalán nem okoz! A CBD olaj alkalmas kutyák, macskák és egyéb emlős állatok (pl.: tengerimalac, hörcsög, nyúl, ló) vitalitásának, mobilitásának megőrzésére, a belső feszültség oldására, egészséges szőrzet kialakítására, megőrzésére. A CBD olajnak számos jótékony hatása ismert kutyák esetén is, melyet kutatások is bizonyítottak. Állatorvosok szintén pozitív esetekről számolnak be. Bio CBD olaj az alábbiakban segíthet kutyádnak: Idegesség, félelem mérséklése Étvágytalanság csökkentése Emésztési problémák javítása Öregedés jeleinek csökkentése Epilepsziás rohamok csökkentése Görcsök mérséklése Csont- és ízületgyulladások csökkentése Fájdalom csillapítása (különösen mozgásszervrendszeri) Fertőzések visszaszorítása Bőrproblémák mérséklése Figyelem! A kutyáknak szánt CBD olaj takarmány-kiegészítő, mely nem minősül gyógyszernek, illetve nem helyettesíti a szükséges állatorvosi kezelést! Ausztriában gyártják, szigorú minőségi követelményeknek megfelelően bizonyítottan is a világ egyik legtisztább készítménye, melyet a bio tanúsítványok is igazolnak a hidegen sajtolt bio kenderolajon és bio kender extraktumon kívül nem tartalmaz más, felesleges összetevőket nem tartalmaz rovarirtó, gyom- és gombaölő szereket emberi fogyasztásra is alkalmas tisztaságú, nincsenek benne melléktermékek Így add be kutyádnak a CBD olajat: Olajként A leggyorsabb módja, hogy hatást érjünk el, ha közvetlenül szájba cseppentjük. Így körülbelül 5-20 perc alatt szívódik fel. Eleségre téve Tehető eleségre (annyira, amit rögtön el is fogyaszt). Így kicsit lassabban, 0,5-2 óra alatt szívódik fel. Krémként Kenőcsökbe, balzsamokba tehető, hogy helyileg fejtse ki hatását. Különösen ízületi gyulladások, húzódások, sérülések kezeléséhet ajánlott. Összetétel: 83% hidegen sajtolt bio kendermagolaj, 17% bio kender extraktum, 4% (400 mg) cannabidiol tartalommal. CBD + CBDA + CBG + CBGA + THC (0,13%) hatóanyagokat tartalmaz! Nem pszichoaktív! Adalékanyagok: nem tartalmaz semmilyen hozzáadott szintetikus adalékanyagot, ami megterhelhetné kedvenced szervezetét! Analitikai összetevők: nyerszsír 96%, nyersfehérje 0,5%, nyersrost: 0,1%, nyershamu 0,1% Napi adag javaslat kutyáknak a Magu Bio CBD olajból: 1 csepp/ 3 kg, 1-2 x naponta CBD olaj adása nem javasolt, amennyiben: Növésben lévő kölyöknek szeretnéd adni! Vemhes kisállat esetén konzultálj állatorvosoddal Tovább olvasok"}
{"breadcrumb": "Főoldal/Kutya/Eledelek/Táplálékkiegészítők&vitaminok/MINERA csepp immunerősítő kutya 30ml", "product_name": "MINERA csepp immunerősítő kutya 30mlMINERA csepp immunerősítő kutya 30ml", "brand": "Minera0ml – 100mlFelnőttimmunerősítő", "regular_price": "4699", "selling_price": "", "price_per_unit": "1 db=4699 Ft", "product_url": "https://webshop.fressnapf.hu/termekek/minera-csepp-immunerosito-kutya-30ml/", "product_description": "A Béres- és a Minera cseppek ásványi anyagokat és nyomelemeket tartalmazó, gyógyszerként törzskönyvezett gyógyhatású készítmények. Immunerősítő, roboráló, egészségvédő. HATÓANYAGOK ÉS EGYÉB ÖSSZETEVŐK MEGNEVEZÉSE: 1 ml (19 csepp) oldat tartalmaz: Bór (bórsav formájában): 0,267 mg, Molibdén (ammónium-molibdát-tetrahidrát formájában):0,0667 mg , Vanádium (ammónium vanadát formájában):0,00333 mg, Króm (króm-klorid-hexahidrát formájában): 0,0233 mg, Réz (réz-klorid-dihidrát formájában): 0,267 mg, Vas (vas-szulfát heptahidrát formájában): 2,00 mg, Jód (kálium jodát formájában): 0,0167 mg, Mangán (mangán-klorid-tetrahidrát formájában): 0,667 mg, Magnézium (magnézium-klorid-hexahidrát formájában): 16,7 mg, Szelén (nátrium-szelenát formájában): 0,0167 mg, Cink (cink-szulfát-hepahidrát formájában): 1,67 mg Segédanyagok: almasav, borostyánkősav, glicin, borkősav, mannit, tisztított víz FELHASZNÁLÁSI JAVASLAT, JAVALLATOK A készítmény nyomelemeket és ásványi anyagokat tartalmaz, alkalmazható megelőzés, vagy a gyógyszeres kezelés kiegészítése céljából. Kiegészítő kezelésként alkalmazható anyagcserezavarok, étvágytalanság, gyengeség esetén, az ellenálló képesség javítására, nyomelemek pótlására, kondícióerősítésre, fertőző betegségek esetén az immunrendszer erősítésére, a gyorsabb felépülés céljából. Műtéti előkészítésre, illetve a műtét utáni felépülés időszakában, daganatos megbetegedésekben a gyógyszeres terápia kiegészítésére, fakó szőrzet, szőrhullás esetén a szőrzet minőségének javítására, a bőr és nyálkahártya védelmére, a bőr regenerálására vedléskor. Kiállításra való felkészítés idején, vemhesség, szoptatás alkalmával, valamint minden olyan állapotban, amikor nyomelem pótlása indokolt. A készítményt betegségmegelőzés és roborálás céljából 2 hónapig kell adagolni, ami egy hónapos közbeiktatott szünet után megismételhető. Terápiás kiegészítő kezelések (pl. daganatos és fertőző betegségek) esetén a kezelőorvos utasítása szerint kell alkalmazni. ADAGOLÁS ÉS AZ ALKALMAZÁS MÓDJA Szájon át történő alkalmazásra. Adagolás: 1 csepp Minera Cseppek kutyáknak testtömeg-kilogrammonként. A készítmény a kutya annyi mennyiségű ivóvizébe vagy táplálékába adagoljuk, amelyet az állat biztosan elfogyaszt. A cseppentő segítségével közvetlenül az állat szájába is adagolhatjuk. Tejbe ne keverjük. Tovább olvasok"}
{"breadcrumb": "Főoldal/Kutya/Eledelek/Nedves eledelek/Miocane kutya tálka adult mini marha 22x150g", "product_name": "Miocane kutya tálka adult mini marha 22x150gMiocane kutya tálka adult mini marha 22x150g", "brand": "MORANDO101g – 200gFelnőttmarha&borjútálka", "regular_price": "8 994", "selling_price": "8 394", "price_per_unit": "659 Ft", "product_url": "https://webshop.fressnapf.hu/termekek/miocane-kutya-talka-adult-mini-marha-22x150g/", "product_description": "Gabonamentes és 100% állati fehérjét tartalmaz, amely ideális az érzékeny bőrű és emésztésű kis testű kutyák számára. Összetétel: Hús és melléktermékek 65 % (marhahús 100 %), ásványi anyagok. Analitikai összetevők: Nedvesség 80 %, nyersfehérje 10 %, nyerszsír 4 %, nyersrost 0,3 %, nyershamu 2 %. Táplálkozási adalékanyagok/kg: E-vitamin 7,5 mg, cink (cink-szulfát-monohidrát) 5,0 mg, réz (réz(II)-szulfát-pentahidrát) 0,2 mg, mangán (mangán-szulfát-monohidrát) 1,7 mg, jód (kálium-jodid) 0,7 mg. Érzékszervi adalékanyagok / kg: rozmaring kivonat 35,3 mg, grapefruit kivonat 16,5 mg, szegfűszeg kivonat 3,8 mg, kurkuma kivonat 0,8 mg. Tovább olvasok"}
{"breadcrumb": "Főoldal/Kutya/Eledelek/Nedves eledelek/Miocane kutya tálka adult mini sonka 22x150g", "product_name": "Miocane kutya tálka adult mini sonka 22x150gMiocane kutya tálka adult mini sonka 22x150g", "brand": "MORANDO101g – 200gFelnőttsertéstálka", "regular_price": "8 994", "selling_price": "8 394", "price_per_unit": "659 Ft", "product_url": "https://webshop.fressnapf.hu/termekek/miocane-kutya-talka-adult-mini-sonka-22x150g/", "product_description": "Gabonamentes és 100% állati fehérjét tartalmaz, amely ideális az érzékeny bőrű és emésztésű kis testű kutyák számára. ÖSSZETÉTEL: Hús és melléktermékek 65 % (sertéshús 100 %), ásványi anyagok. ANALITIKAI ÖSSZETEVŐK: Nedvesség 80 %, nyersfehérje 10 %, nyerszsír 4 %, nyersrost 0,3 %, nyershamu 2 %. Táplálkozási adalékanyagok/kg: E-vitamin 7,5 mg, cink (cink-szulfát-monohidrát) 5,0 mg, réz (réz(II)-szulfát-pentahidrát) 0,2 mg, mangán (mangán-szulfát-monohidrát) 1,7 mg, jód (kálium-jodid) 0,7 mg. Érzékszervi adalékanyagok/kg: rozmaring kivonat 35,3 mg, grapefruit kivonat 16,5 mg, szegfűszeg kivonat 3,8 mg, kurkuma kivonat 0,8 mg. Tovább olvasok"}
{"breadcrumb": "Főoldal/Kutya/Eledelek/Nedves eledelek/MOMENTS kutya konzerv csirke&lazac 6x220g", "product_name": "MOMENTS kutya konzerv csirke&lazac 6x220gMOMENTS kutya konzerv csirke&lazac 6x220g", "brand": "MOMENTS201g – 400gFelnőttszárnyasraguskonzerv", "regular_price": "8 994", "selling_price": "8 394", "price_per_unit": "1 299 Ft", "product_url": "https://webshop.fressnapf.hu/termekek/moments-kutya-konzerv-csirkelazac-6x220g/", "product_description": "Moments Csirke Lazaccal és Spenóttal. Teljes értékű eledel kifejlett kutyák számára. Összetétel: csirkefilé 59%, lazacfilé 10%, spenót 4%, napraforgóolaj 2%, ásványi anyagok 1%. Analitikai összetevők: fehérje 16,2%, zsírtartalom 4,3%, nyershamu 2%, nyersrost kalcium 0,18%, foszfor 0,14%. Nedvesség 77%. Adalékanyagok/kg: tápértékkel rendelkező adalékanyagok: réz (3b405) 1 mg, jód (3b202) 0,75mg, mangán (3b503) 1,4mg, cink (3b605) 25mg. Nyomokban egyéb összetevőket is tartalmazhat. Tovább olvasok"}
{"breadcrumb": "Főoldal/Kutya/Eledelek/Nedves eledelek/MOMENTS kutya konzerv csirke&tojás 6x220g", "product_name": "MOMENTS kutya konzerv csirke&tojás 6x220gMOMENTS kutya konzerv csirke&tojás 6x220g", "brand": "MOMENTS201g – 400gFelnőttszárnyasraguskonzerv", "regular_price": "5 094", "selling_price": "4 794", "price_per_unit": "1 299 Ft", "product_url": "https://webshop.fressnapf.hu/termekek/moments-kutya-konzerv-csirketojas-6x220g/", "product_description": "Moments Csirke és Tojás. Teljes értékű eledel kifejlett kutyák számára. Összetétel: csirkefilé 67%, tyúktojás 6%, napraforgóolaj 2%, ásványi anyagok 1%. Analitikai összetevők: fehérje 1 5,4%, zsírtartalom 3%, nyershamu 2%, nyersrost 0,2%, kalcium 0,1 foszfor 0,13%. Nedvesség 79%. Adalékanyagok/kg: tápértékkel rendelkező adalékanyagok: D3-vitamin 200 réz (3b405) lmg, jód (3b202) 0,75mg, mangán (3b503) 1,4mg, cink (3b605) 25mg. Nyomokban egyéb összetevőket is tartalmazhat. Tovább olvasok"}
{"breadcrumb": "Főoldal/Kutya/Eledelek/Nedves eledelek/MOMENTS kutya konzerv marha&édesburgonya 6x220g", "product_name": "MOMENTS kutya konzerv marha&édesburgonya 6x220gMOMENTS kutya konzerv marha&édesburgonya 6x220g", "brand": "MOMENTS201g – 400gFelnőttmarha&borjúraguskonzerv", "regular_price": "5 094", "selling_price": "4 794", "price_per_unit": "1 299 Ft", "product_url": "https://webshop.fressnapf.hu/termekek/moments-kutya-konzerv-marhaedesburgonya-6x220g/", "product_description": "Moments Marha és édesburgonya. Teljes értékű eledel kifejlett kutyák számára. Összetétel: csirkefilé 48%, marhahús 21%, édesburgonya 4%, napraforgóolaj 2%, ásványi anyagok 1%. Analitikai összetevők: fehérje 17,5%, zsírtartalom 3,1%, nyershamu 2%, nyersrost 0,2%, kalcium 0,18%, foszfor 0,13%. Nedvesség 77%. Adalékanyagok/kg: tápértékkel rendelkező adalékanyagok: D3- vitamin 200 NE, réz (3b405) lmg, jód (3b202) 0,75mg, mangán (3b503) 1,4mg, cink (3b605) 25mg. Nyomokban egyéb összetevőket is tartalmazhat. Tovább olvasok"}
{"breadcrumb": "Főoldal/Kutya/Eledelek/Nedves eledelek/MOMENTS kutya Pure konzerv csirkemell 6x220g", "product_name": "MOMENTS kutya Pure konzerv csirkemell 6x220gMOMENTS kutya Pure konzerv csirkemell 6x220g", "brand": "MOMENTSPure201g – 400gFelnőttszárnyassaját levében pároltkonzerv", "regular_price": "8 994", "selling_price": "8 394", "price_per_unit": "1 299 Ft", "product_url": "https://webshop.fressnapf.hu/termekek/moments-kutya-pure-konzerv-csirkemell-6x220g/", "product_description": "Moments Csirke. Teljes értékű eledel kifejlett kutyák számára. Összetétel: csirkefilé 73%, napraforgóolaj 2%, ásványi anyagok 1%. Analitikai összetevők: fehérje 15,5%, zsírtartalom 3%, nyershamu 2%, nyersrost 0,2%, kalcium 0, 1 7%, foszfor 0,13%. Nedvesség 79%. Adalékanyagok/kg: tápértékkel rendelkező adalékanyagok: D3-vitamin 200 réz (3b405) lmg, jód (3b202) 0,75mg, mangán (3b503) 1,4mg, cink (3b605) 25mg. Nyomokban egyéb összetevőket is tartalmazhat. Tovább olvasok"}
{"breadcrumb": "Főoldal/Kutya/Eledelek/Száraz eledelek/MONGE adult száraz kutyaeledel bárány&rizs 12kg", "product_name": "MONGE adult száraz kutyaeledel bárány&rizs 12kgMONGE adult száraz kutyaeledel bárány&rizs 12kg", "brand": "MONGEFelnőttjuh&bárány&kecske", "regular_price": "3 699", "selling_price": "3 499", "price_per_unit": "1 kg=2167 Ft", "product_url": "https://webshop.fressnapf.hu/termekek/monge-adult-szaraz-kutyaeledel-baranyrizs-12kg/", "product_description": "Teljes értékű száraztáp minden méretű és fajtájú felnőtt kutya számára. A bárányhús különösen jó minőségű fehérjékben gazdag hús, ami szinte az összes lényeges aminosavat tartalmazza. B-vitaminban és ásványi anyagokban dús. Könnyen emészthető hús, ami segíti az emésztőrendszer egészséges működését. A rizs könnyen emészthető gabona, ami segíti az emésztést, kíméli a beleket és a gyomrot. Ideális növényi szénhidrát forrás érzékeny gyomrú kutyák számára. A burgonya A-, B-, C-vitaminban dús szénhidrát- és fehérjeforrás. Kálium tartalma miatt jó hatása van a szívműködésre. Ásványi anyagokban és vitaminokban dús zöldség. Elősegíti a fejlett izomzat kialakítását. Kondroitin- szulfát és glükozamin támogatja az ízületek és porcok egészséges állapotának megtartását. Kalcium és a foszfor segít fenntartani a csontok egészségét. Sörélesztő segít stabilizálni az állatok bélflóráját. Pozitívan hat a bőrre és a szőrzetre. Antioxidánsokban gazdag, így segít dúsabbá és fényesebbé varázsolni az állatok bundáját. B-vitamin tartalmának köszönhetően az étvágyra is kedvezően hat. A tápban lévő répapép, fokhagyma, vitaminok és ásványi anyagok erősítik a kutyusok immunrendszerét. XOS(xyl oligossacarids), természetes prebiotikumok segítik elő a bél egészségét. Kiegyensúlyozott fehérjetartalom (25%) és zsírtartalom (16%) biztosítja a kellő energiát a mozgékony és boldog élethez. Összetevők: Bárány (friss 10%, dehidrált 28%), rizs, burgonyafehérje-koncentrátum, állati zsírok (csirkeolaj-zsírtartalom 99,5%, természetes antioxidánsokkal tartósítva), kukorica, répapép, sörélesztő (MOS és B12-vitamin forrása) , hidrolizált állati fehérjék, XOS (xiloligoszacharidok 3 g / kg), hidrolizált élesztő (MOS), yucca schidigera, spirulina, hidrolizált porc (kondroitin-szulfát forrása), hidrolizált rákfélék (glükózamin forrása), metil-szulfonil-metil-metil, gyökér-szulfonil-metán, metil-szulfonil-metán, metil-szulfonil-metán, szárított fokhagyma. Analitikai összetétel: Nyersfehérje 25,00%, nyersolajok és zsírok 16,00% nyers rost 2,20% Nyers hamu 7,50% Kalcium 1,60% Foszfor 1,20%, Omega-6 esszenciális zsírsavak 4,00 %, Omega 3 esszenciális zsírsavak 0,60%, Metabolisable Energy 4,100 Kcal / Kg Adalékanyagok/kg: A-vitamin 23,000 NE D3-vitamin 1,600 NE E-vitamin 200 mg., B1-vitamin 10 mg., B2-vitamin 13 mg., A B6 vitamin 6,00 mg., B12-vitamin 125 mg., 17 mg biotin ., niacin 26 mg., C-vitamin 180 mg., pantoténsav 15 mg., folsav 1,40 mg., kolin-klorid 2.500 mg., inozit 3,50 mg., E5 mangán-szulfát-monohidrát 35 mg, E6-oxid Cink 160 mg., E4 réz-szulfát-pentahidrát 13 mg., E1 vas-szulfát-monohidrát 110 mg., E8 Nátrium-szelenit 0,22 mg., E2 jodát Kalcium 1,80 mg., L-karnitin 320 mg., DL- technikailag tiszta metionin 6,40 g. Tovább olvasok"}
{"breadcrumb": "Főoldal/Kutya/Eledelek/Száraz eledelek/MONGE adult száraz kutyaeledel bárány&rizs 2,5kg", "product_name": "MONGE adult száraz kutyaeledel bárány&rizs 2,5kgMONGE adult száraz kutyaeledel bárány&rizs 2,5kg", "brand": "MONGE1,1kg – 4kgFelnőttjuh&bárány&kecske", "regular_price": "3 499", "selling_price": "2 999", "price_per_unit": "1 KG=2520 Ft", "product_url": "https://webshop.fressnapf.hu/termekek/monge-adult-szaraz-kutyaeledel-baranyrizs-25kg/", "product_description": "A Monge Natural Superpremium All breeds Lamb with Rice egy teljes értékű állateledel minden méretű kutya számára. Az első számú összetevő a bárányhús, a táp összetételét pedig a friss hús hozzáadásának köszönhetően a könnyű emészthetőség és az ízletesség jellemzi. A receptúrát új generációs XOS-sel (Xylo-oligoszacharidok), azaz a bélrendszer működését támogató prebiotikumokkal, valamint növényi összetevőkkel és kivonatokkal, például Echinacea gyökérrel, oregánóval, fokhagymával és articsóka kivonattal egészítették ki. Hozzáadott színezékek és mesterséges tartósítószerek nélkül. Összetétel: Bárányhús (szárított 28%, friss hús 10%), rizs (15%), burgonyafehérje (5%), állati zsiradék (99,5%-ban tisztított csirkeolaj), kukorica, szárított répapép, sörélesztő, hidrolizált állati fehérjék (máj), ásványi anyagok, élesztőfélék (mannán-oligoszacharidok MOS 1%), xilo-oligoszacharidok (XOS 0. 3%), yucca schidigera (0,3%), algadara (spirulina – Arthrospira platensis 0,3%), növények feldolgozásából származó termékek (Echinacea purpurea gyökere 0,2%, Origanum Vulgare 0,1%), szárított fokhagyma (0,2%), glükozamin (0,057%), kondroitin-szulfát (0,04%). Analitikai összetevők: Nyersfehérje: 25%, nyersrost: 2,2%, nyerszsír: 16%, nyershamu: 7,5%, kalcium: 1,6%, foszfor: 1,2%, n-3 zsírsavak: 0,6%, n-6 zsírsavak: 4% Adalékanyagok: A-vitamin (retinil-acetát) 30 770 NE, D3-vitamin 1 610 NE, E-vitamin (all-rac-alfa-tokoferil-acetát) 72 mg, szelén (nátrium-szelenit 0,4 mg) 0. 2 mg, mangán (mangán-szulfát-monohidrát 92 mg) 30 mg, cink (cink-oxid 174 mg) 140 mg, réz (réz(II)-szulfát-pentahidrát 47 mg) 12 mg, vas (vas(II)-szulfát-monohidrát 304 mg) 100 mg, jód (kalcium-jodát vízmentes 2,4 mg) 1,6 mg, L-karnitin: 100 mg, DL-metionin (technikailag tiszta) 1,500 mg. TECHNOLÓGIAI ADALÉKANYAGOK: Antioxidánsok: Tokoferol kivonatok növényi olajokból. ÉRZÉKSZERVI ADALÉKANYAGOK: Gesztenye kivonat (Castanea sativa) 20 mg/kg, Articsóka kivonat (Cynara scolymus L.) 300 mg/kg. Tovább olvasok"}
{"breadcrumb": "Főoldal/Kutya/Eledelek/Száraz eledelek/MONGE adult száraz kutyaeledel lazac&rizs 12kg", "product_name": "MONGE adult száraz kutyaeledel lazac&rizs 12kgMONGE adult száraz kutyaeledel lazac&rizs 12kg", "brand": "MONGEFelnőtthal&tenger gyümölcsei", "regular_price": "3 399", "selling_price": "2 999", "price_per_unit": "1 kg=2167 Ft", "product_url": "https://webshop.fressnapf.hu/termekek/monge-adult-szaraz-kutyaeledel-lazacrizs-12kg/", "product_description": "Teljes értékű száraztáp minden méretű és fajtájú felnőtt kutya számára. Egyetlen állati fehérjeforrással* összeállított termék, a lazac az első összetevő, és friss halat tartalmaz az optimális emészthetőség és ízletesség érdekében. A receptet a legújabb generációs xilo-oligoszacharidok (XOS) prebiotikumokkal dúsítják a bélrendszer jó közérzetének támogatására. A készítmény növényi összetevőket és kivonatokat is tartalmaz, mint például echinacea gyökér, oregánó, fokhagyma és articsóka kivonat, valamint glükózamin és kondroitin-szulfát az ízületek és csontok támogatására. Hozzáadott mesterséges színezékek és tartósítószerek nélkül. Összetétel: Hal (dehidratált lazac 26%, friss 10%), rizs (15%), szárított répapép, sörélesztő, halolaj (lazacolaj), hidrolizált állati fehérje (máj), ásványi anyagok, élesztő termékek (mannán oligoszacharidok MOS 1%) , xilo-oligoszacharid (XOS 0,3%), yucca schidigera (0,3%), hínárliszt (spirulina – Arthrospira platensis 0,3%), zöldségek átalakításából nyert termékek (Echinacea purpurea gyökere 0,2%, szárított Origanum Vulgare 0,3%). fokhagyma (0,2%), glükózamin (0,057%), kondroitin-szulfát (0,04%). Analitikai összetevők: Nyersfehérje: 25%, Nyersrost: 2,5%, Nyerszsír: 14%, Nyershamu: 6,5%, Kalcium: 1,2%, Foszfor: 0,9%, Omega-3 zsírsavak: 0, 9%, Omega-6 zsírsavak : 4%, Metabolizálható Energia 4,020 kcal/kg. Táplálkozási adalékanyagok / kg:  Tápanyag-kiegészítők/kg: A-vitamin (retinil-acetát) 30 770 NE/kg, D3-vitamin 1 610 NE/kg, E-vitamin (all-rac-alfa-tokoferil-acetát) 72 mg/kg, szelén (nátrium-szelenit 0,4 mg/kg) 0,2 mg/kg, mangán (mangán-szulfát-monohidrát 92 mg/kg) 30 mg/kg, cink (cink-oxid 174 mg/kg): 140 mg/kg, réz (réz(II)-szulfát-pentahidrát 47 mg/kg) 12 mg/ kg, Vas (vas-szulfát (II)-monohidrát 304 mg/kg) 100 mg/kg, Jód (vízmentes kalcium-jodát 2,4 mg/kg) 1,6 mg/kg; L-karnitin 100 mg/kg; Technikailag tiszta DL-Metionin: 1500 mg/kg, TECHNOLÓGIAI ADATSZEREK: Antioxidánsok: Növényi olajokból származó tokoferol kivonatok. Tovább olvasok"}
{"breadcrumb": "Főoldal/Kutya/Eledelek/Száraz eledelek/MONGE adult száraz kutyaeledel lazac&rizs 2,5kg", "product_name": "MONGE adult száraz kutyaeledel lazac&rizs 2,5kgMONGE adult száraz kutyaeledel lazac&rizs 2,5kg", "brand": "MONGEFelnőtthal&tenger gyümölcsei", "regular_price": "3 799", "selling_price": "3 299", "price_per_unit": "1 kg=3000 Ft", "product_url": "https://webshop.fressnapf.hu/termekek/monge-adult-szaraz-kutyaeledel-lazacrizs-25kg/", "product_description": "Teljes értékű száraztáp minden méretű és fajtájú felnőtt kutya számára. Egyetlen állati fehérjeforrással* összeállított termék, a lazac az első összetevő, és friss halat tartalmaz az optimális emészthetőség és ízletesség érdekében. A receptet a legújabb generációs xilo-oligoszacharidok (XOS) prebiotikumokkal dúsítják a bélrendszer jó közérzetének támogatására. A készítmény növényi összetevőket és kivonatokat is tartalmaz, mint például echinacea gyökér, oregánó, fokhagyma és articsóka kivonat, valamint glükózamin és kondroitin-szulfát az ízületek és csontok támogatására. Hozzáadott mesterséges színezékek és tartósítószerek nélkül. Összetétel: Hal (dehidratált lazac 26%, friss 10%), rizs (15%), szárított répapép, sörélesztő, halolaj (lazacolaj), hidrolizált állati fehérje (máj), ásványi anyagok, élesztő termékek (mannán oligoszacharidok MOS 1%) , xilo-oligoszacharid (XOS 0,3%), yucca schidigera (0,3%), hínárliszt (spirulina – Arthrospira platensis 0,3%), zöldségek átalakításából nyert termékek (Echinacea purpurea gyökere 0,2%, szárított Origanum Vulgare 0,3%). fokhagyma (0,2%), glükózamin (0,057%), kondroitin-szulfát (0,04%). Analitikai összetevők: Nyersfehérje: 25%, Nyersrost: 2,5%, Nyerszsír: 14%, Nyershamu: 6,5%, Kalcium: 1,2%, Foszfor: 0,9%, Omega-3 zsírsavak: 0, 9%, Omega-6 zsírsavak : 4%, Metabolizálható Energia 4,020 kcal/kg. Táplálkozási adalékanyagok / kg:  Tápanyag-kiegészítők/kg: A-vitamin (retinil-acetát) 30 770 NE/kg, D3-vitamin 1 610 NE/kg, E-vitamin (all-rac-alfa-tokoferil-acetát) 72 mg/kg, szelén (nátrium-szelenit 0,4 mg/kg) 0,2 mg/kg, mangán (mangán-szulfát-monohidrát 92 mg/kg) 30 mg/kg, cink (cink-oxid 174 mg/kg): 140 mg/kg, réz (réz(II)-szulfát-pentahidrát 47 mg/kg) 12 mg/ kg, Vas (vas-szulfát (II)-monohidrát 304 mg/kg) 100 mg/kg, Jód (vízmentes kalcium-jodát 2,4 mg/kg) 1,6 mg/kg; L-karnitin 100 mg/kg; Technikailag tiszta DL-Metionin: 1500 mg/kg, TECHNOLÓGIAI ADATSZEREK: Antioxidánsok: Növényi olajokból származó tokoferol kivonatok. Tovább olvasok"}
{"breadcrumb": "Főoldal/Kutya/Eledelek/Nedves eledelek/Monge Fresh kutya tálka adult bárány 32x100g", "product_name": "Monge Fresh kutya tálka adult bárány 32x100gMonge Fresh kutya tálka adult bárány 32x100g", "brand": "MONGEFresh0g – 100gFelnőttjuh&bárány&kecskekistestű 10kg-igtálka", "regular_price": "8 994", "selling_price": "8 394", "price_per_unit": "359 Ft", "product_url": "https://webshop.fressnapf.hu/termekek/monge-fresh-kutya-talka-adult-barany-100g/", "product_description": "Monge Fresh falatkák és pástétom kutyáknak bárányhússal. Teljes értékű eledel kutyáknak. -Nem tartalmaz mesterséges színezéket és tartósítószert -Olasz termék Összetétel: hús és hússzármazékok 80% (ebből bárányhús min. 10%), vitaminok, ásványi anyagok. Élelmiszer adalékanyagok: térfogatnövelők, és zselésítő anyagok. Analitikai összetevők: nyersfehérje 9,0%, nyers olajok és zsírok 7%, nyershamu (1,2%), nyersrost (0,5%), nedvességtartalom 82%. Tápértékkel rendelkező adalékanyagok: A vitamin: 3000U.I./kg, D3 vitamin 400U.I./kg, E-vitamin 15mg/kg. Napi ajánlott adag:  Ajánlott napi adag egy közepes méretű kutya részére napi 5-6 alutálka a termékből napi 2-3 adagra osztva. Tálalja szobahőmérsékleten, vagy melegítve. Felbontást követően max. 24 óráig hűtőszekrényben tartandó. Tovább olvasok"}
{"breadcrumb": "Főoldal/Kutya/Eledelek/Nedves eledelek/Monge Fresh kutya tálka adult kacsa 32x100g", "product_name": "Monge Fresh kutya tálka adult kacsa 32x100gMonge Fresh kutya tálka adult kacsa 32x100g", "brand": "MONGEFresh0g – 100gFelnőttszárnyaskistestű 10kg-igtálka", "regular_price": "8 994", "selling_price": "8 394", "price_per_unit": "359 Ft", "product_url": "https://webshop.fressnapf.hu/termekek/monge-fresh-kutya-talka-adult-kacsa-100g/", "product_description": "Monge Fresh falatkák és pástétom kutyáknak kacsahússal. Teljes értékű eledel kutyáknak. -Nem tartalmaz mesterséges színezéket és tartósítószert -Olasz termék Összetétel: hús és hússzármazékok 80% (ebből kacsahús min. 10%), vitaminok, ásványi anyagok. Élelmiszer adalékanyagok: térfogatnövelők, és zselésítő anyagok. Analitikai összetevők: nyersfehérje 9,0%, nyers olajok és zsírok 7%, nyershamu (1,2%), nyersrost (0,5%), nedvességtartalom 82%. Tápértékkel rendelkező adalékanyagok: A vitamin: 3000U.I./kg, D3 vitamin 400U.I./kg, E-vitamin 15mg/kg. Napi ajánlott adag:  Ajánlott napi adag egy közepes méretű kutya részére napi 5-6 alutálka a termékből napi 2-3 adagra osztva. Tálalja szobahőmérsékleten, vagy melegítve. Felbontást követően max. 24 óráig hűtőszekrényben tartandó. Tovább olvasok"}
{"breadcrumb": "Főoldal/Kutya/Eledelek/Nedves eledelek/Monge Fresh kutya tálka adult lazac 32x100g", "product_name": "Monge Fresh kutya tálka adult lazac 32x100gMonge Fresh kutya tálka adult lazac 32x100g", "brand": "MONGEFresh0g – 100gFelnőtthal&tenger gyümölcseikistestű 10kg-igtálka", "regular_price": "5 094", "selling_price": "4 794", "price_per_unit": "359 Ft", "product_url": "https://webshop.fressnapf.hu/termekek/monge-fresh-kutya-talka-adult-lazac-100g/", "product_description": "Monge Fresh falatkák és pástétom kutyáknak lazaccal. Teljes értékű eledel kutyáknak. -Nem tartalmaz mesterséges színezéket és tartósítószert -Olasz termék Összetétel: friss hús 50%, friss hal 30% (ebből lazac min. 10%), vitaminok, ásványi anyagok. Élelmiszer adalékanyagok: térfogatnövelők, és zselésítő anyagok. Analitikai összetevők: nyersfehérje 9,0%, nyers olajok és zsírok 7%, nyershamu (1,2%), nyersrost (0,5%), nedvességtartalom 82%. Tápértékkel rendelkező adalékanyagok: A vitamin: 3000U.I./kg, D3 vitamin 400U.I./kg, E-vitamin 15mg/kg. Napi ajánlott adag:  Ajánlott napi adag egy közepes méretű kutya részére napi 5-6 alutálka a termékből napi 2-3 adagra osztva. Tálalja szobahőmérsékleten, vagy melegítve. Felbontást követően max. 24 óráig hűtőszekrényben tartandó. Tovább olvasok"}
{"breadcrumb": "Főoldal/Kutya/Eledelek/Nedves eledelek/Monge Fresh kutya tálka adult marha 32x100g", "product_name": "Monge Fresh kutya tálka adult marha 32x100gMonge Fresh kutya tálka adult marha 32x100g", "brand": "MONGEFresh0g – 100gFelnőttmarha&borjúkistestű 10kg-igtálka", "regular_price": "8 994", "selling_price": "8 394", "price_per_unit": "359 Ft", "product_url": "https://webshop.fressnapf.hu/termekek/monge-fresh-kutya-talka-adult-marha-100g/", "product_description": "Monge Fresh falatkák és pástétom kutyáknak marhahússal. Teljes értékű eledel kutyáknak. -Nem tartalmaz mesterséges színezéket és tartósítószert -Olasz termék Összetétel: hús és hússzármazékok 80% (ebből marhahús min. 10%), vitaminok, ásványi anyagok. Élelmiszer adalékanyagok: térfogatnövelők, és zselésítő anyagok. Analitikai összetevők: nyersfehérje 9,0%, nyers olajok és zsírok 7%, nyershamu (1,2%), nyersrost (0,5%), nedvességtartalom 82%. Tápértékkel rendelkező adalékanyagok: A vitamin: 3000U.I./kg, D3 vitamin 400U.I./kg, E-vitamin 15mg/kg. Napi ajánlott adag:  Ajánlott napi adag egy közepes méretű kutya részére napi 5-6 alutálka a termékből napi 2-3 adagra osztva. Tálalja szobahőmérsékleten, vagy melegítve. Felbontást követően max. 24 óráig hűtőszekrényben tartandó. Tovább olvasok"}
{"breadcrumb": "Főoldal/Kutya/Eledelek/Nedves eledelek/Monge Fresh kutya tálka adult sertés 32x100g", "product_name": "Monge Fresh kutya tálka adult sertés 32x100gMonge Fresh kutya tálka adult sertés 32x100g", "brand": "MONGEFresh0g – 100gFelnőttmalackistestű 10kg-igtálka", "regular_price": "5 094", "selling_price": "4 794", "price_per_unit": "359 Ft", "product_url": "https://webshop.fressnapf.hu/termekek/monge-fresh-kutya-talka-adult-sertes-100g/", "product_description": "Monge Fresh falatkák és pástétom kutyáknak sertéshússal. Teljes értékű eledel kutyáknak. -Nem tartalmaz mesterséges színezéket és tartósítószert -Olasz termék Összetétel: hús és hússzármazékok 80% (ebből sertéshús min. 10%), vitaminok, ásványi anyagok. Élelmiszer adalékanyagok: térfogatnövelők, és zselésítő anyagok. Analitikai összetevők: nyersfehérje 9,0%, nyers olajok és zsírok 7%, nyershamu (1,2%), nyersrost (0,5%), nedvességtartalom 82%. Tápértékkel rendelkező adalékanyagok: A vitamin: 3000U.I./kg, D3 vitamin 400U.I./kg, E-vitamin 15mg/kg Napi ajánlott adag:  Ajánlott napi adag egy közepes méretű kutya részére napi 5-6 alutálka a termékből napi 2-3 adagra osztva. Tálalja szobahőmérsékleten, vagy melegítve. Felbontást követően max. 24 óráig hűtőszekrényben tartandó. Tovább olvasok"}
{"breadcrumb": "Főoldal/Kutya/Eledelek/Nedves eledelek/Monge Fresh kutya tálka adult tonhal 32x100g", "product_name": "Monge Fresh kutya tálka adult tonhal 32x100gMonge Fresh kutya tálka adult tonhal 32x100g", "brand": "MONGEFresh0g – 100gFelnőtthal&tenger gyümölcseikistestű 10kg-igtálka", "regular_price": "5 094", "selling_price": "4 794", "price_per_unit": "359 Ft", "product_url": "https://webshop.fressnapf.hu/termekek/monge-fresh-kutya-talka-adult-tonhal-100g/", "product_description": "Monge Fresh falatkák és pástétom kutyáknak tonhallal. Teljes értékű eledel kutyáknak. -Nem tartalmaz mesterséges színezéket és tartósítószert -Olasz termék Összetétel: friss hús 50%, friss hal 30% (ebből tonhal min. 10%), vitaminok, ásványi anyagok. Élelmiszer adalékanyagok: térfogatnövelők, és zselésítő anyagok. Analitikai összetevők: nyersfehérje 9,0%, nyers olajok és zsírok 7%, nyershamu (1,2%), nyersrost (0,5%), nedvességtartalom 82%. Tápértékkel rendelkező adalékanyagok: A vitamin: 3000U.I./kg, D3 vitamin 400U.I./kg, E-vitamin 15mg/kg. Napi ajánlott adag:  Ajánlott napi adag egy közepes méretű kutya részére napi 5-6 alutálka a termékből napi 2-3 adagra osztva. Tálalja szobahőmérsékleten, vagy melegítve. Felbontást követően max. 24 óráig hűtőszekrényben tartandó. Tovább olvasok"}
{"breadcrumb": "Főoldal/Kutya/Eledelek/Nedves eledelek/Monge Fruit kutya tálka adult bárány&alma 32x100g", "product_name": "Monge Fruit kutya tálka adult bárány&alma 32x100gMonge Fruit kutya tálka adult bárány&alma 32x100g", "brand": "MONGEFruits0g – 100gFelnőttjuh&bárány&kecskekistestű 10kg-igtálka", "regular_price": "5 094", "selling_price": "4 794", "price_per_unit": "429 Ft", "product_url": "https://webshop.fressnapf.hu/termekek/monge-fruit-kutya-talka-adult-baranyalma-100g/", "product_description": "Monge Fruit falatkák és pástétom kutyáknak bárányhússal és almával. Teljes értékű eledel kutyáknak. -Nem tartalmaz mesterséges színezéket és tartósítószert -Olasz termék Összetétel: friss hús 80% (ebből bárányhús min. 10%), alma 4%,  vitaminok, ásványi anyagok. Élelmiszer adalékanyagok: térfogatnövelők, és zselésítő anyagok. Analitikai összetevők: nyersfehérje 8,5%, nyers olajok és zsírok 7%, nyershamu (2,2%), nyersrost (0,5%), nedvességtartalom 80%. Tápértékkel rendelkező adalékanyagok: A vitamin: 3000U.I./kg, D3 vitamin 400U.I./kg, E-vitamin 15mg/kg. Napi ajánlott adag:  Ajánlott napi adag egy közepes méretű kutya részére napi 400gr a termékből napi 2-3 adagra osztva. Tálalja szobahőmérsékleten, vagy melegítve. Felbontást követően max. 24 óráig hűtőszekrényben tartandó. Tovább olvasok"}
{"breadcrumb": "Főoldal/Kutya/Eledelek/Nedves eledelek/Monge Fruit kutya tálka adult kacsa&narancs 32x100g", "product_name": "Monge Fruit kutya tálka adult kacsa&narancs 32x100gMonge Fruit kutya tálka adult kacsa&narancs 32x100g", "brand": "MONGEFruits0g – 100gFelnőttszárnyaskistestű 10kg-igtálka", "regular_price": "8 994", "selling_price": "8 394", "price_per_unit": "429 Ft", "product_url": "https://webshop.fressnapf.hu/termekek/monge-fruit-kutya-talka-adult-kacsanarancs-100g/", "product_description": "Monge Fruit falatkák és pástétom kutyáknak kacsahússal és naranccsal. Teljes értékű eledel kutyáknak. -Nem tartalmaz mesterséges színezéket és tartósítószert -Olasz termék Összetétel: friss hús 80% (ebből kacsahús min. 10%), narancs 4%,  vitaminok, ásványi anyagok. Élelmiszer adalékanyagok: térfogatnövelők, és zselésítő anyagok. Analitikai összetevők: nyersfehérje 8,5%, nyers olajok és zsírok 7%, nyershamu (2,2%), nyersrost (0,5%), nedvességtartalom 80%. Tápértékkel rendelkező adalékanyagok: A vitamin: 3000U.I./kg, D3 vitamin 400U.I./kg, E-vitamin 15mg/kg. Napi ajánlott adag:  Ajánlott napi adag egy közepes méretű kutya részére napi 400gr a termékből napi 2-3 adagra osztva. Tálalja szobahőmérsékleten, vagy melegítve. Felbontást követően max. 24 óráig hűtőszekrényben tartandó. Tovább olvasok"}
{"breadcrumb": "Főoldal/Kutya/Eledelek/Nedves eledelek/Monge Fruit kutya tálka adult lazac&körte 32x100g", "product_name": "Monge Fruit kutya tálka adult lazac&körte 32x100gMonge Fruit kutya tálka adult lazac&körte 32x100g", "brand": "MONGEFruits0g – 100gFelnőtthal&tenger gyümölcseikistestű 10kg-igtálka", "regular_price": "8 994", "selling_price": "8 394", "price_per_unit": "429 Ft", "product_url": "https://webshop.fressnapf.hu/termekek/monge-fruit-kutya-talka-adult-lazackorte-100g/", "product_description": "Monge Fruit falatkák és pástétom kutyáknak lazaccal és körtével. Teljes értékű eledel kutyáknak. -Nem tartalmaz mesterséges színezéket és tartósítószert -Olasz termék Összetétel: friss hús 50%, friss hal 30% (ebből lazac min. 10%), körte 4%,  vitaminok, ásványi anyagok. Élelmiszer adalékanyagok: térfogatnövelők, és zselésítő anyagok. Analitikai összetevők: nyersfehérje 8,5%, nyers olajok és zsírok 7%, nyershamu (2,2%), nyersrost (0,5%), nedvességtartalom 80%. Tápértékkel rendelkező adalékanyagok: A vitamin: 3000U.I./kg, D3 vitamin 400U.I./kg, E-vitamin 15mg/kg. Napi ajánlott adag:  Ajánlott napi adag egy közepes méretű kutya részére napi 400gr a termékből napi 2-3 adagra osztva. Tálalja szobahőmérsékleten, vagy melegítve. Felbontást követően max. 24 óráig hűtőszekrényben tartandó. Tovább olvasok"}
{"breadcrumb": "Főoldal/Kutya/Eledelek/Nedves eledelek/Monge Fruit kutya tálka adult sertés&ananász 32x100g", "product_name": "Monge Fruit kutya tálka adult sertés&ananász 32x100gMonge Fruit kutya tálka adult sertés&ananász 32x100g", "brand": "MONGEFruits0g – 100gFelnőttmalackistestű 10kg-igtálka", "regular_price": "8 994", "selling_price": "8 394", "price_per_unit": "429 Ft", "product_url": "https://webshop.fressnapf.hu/termekek/monge-fruit-kutya-talka-adult-sertesananasz-100g/", "product_description": "Monge Fruit falatkák és pástétom kutyáknak sertéssel és ananásszal. Teljes értékű eledel kutyáknak. -Nem tartalmaz mesterséges színezéket és tartósítószert -Olasz termék Összetétel: friss hús 80% (ebből sertéshús min. 10%), ananász 4%,  vitaminok, ásványi anyagok. Élelmiszer adalékanyagok: térfogatnövelők, és zselésítő anyagok. Analitikai összetevők: nyersfehérje 8,5%, nyers olajok és zsírok 7%, nyershamu (2,2%), nyersrost (0,5%), nedvességtartalom 80%. Tápértékkel rendelkező adalékanyagok: A vitamin: 3000U.I./kg, D3 vitamin 400U.I./kg, E-vitamin 15mg/kg. Napi ajánlott adag:  Ajánlott napi adag egy közepes méretű kutya részére napi 400gr a termékből napi 2-3 adagra osztva. Tálalja szobahőmérsékleten, vagy melegítve. Felbontást követően max. 24 óráig hűtőszekrényben tartandó. Tovább olvasok"}
{"breadcrumb": "Főoldal/Kutya/Eledelek/Jutalomfalatok&rágcsák/MONGE Gift Dental mini lazac&zsálya 120g", "product_name": "MONGE Gift Dental mini lazac&zsálya 120gMONGE Gift Dental mini lazac&zsálya 120g", "brand": "MONGEDental101g – 200gFelnőtthal&tenger gyümölcseigabonamentesfogápoláskistestű 10kg-ig", "regular_price": "1599", "selling_price": "", "price_per_unit": "1 kg=13325 Ft", "product_url": "https://webshop.fressnapf.hu/termekek/monge-gift-dental-mini-lazaczsalya-14x120g/", "product_description": "Kiegészítő eledel felnőtt kis termetű kutyák számára. Gabonafélék nélkül, egyetlen állati fehérjeforrással, lazaccal készült rágcsálnivaló. A készítmény C-vitaminnal dúsított az egészséges szájüreg érdekében, és csökkentett zsírtartalommal rendelkezik, hogy segítsen fenntartani az ideális testsúlyt. Az ánizs hozzájárulhat a megfelelő szájhigiénia fenntartásához. Nem tartalmaz mesterséges színezéket vagy hozzáadott cukrot. Összetétel: Dehidratált lazac (30%), burgonya, glicerin, tápióka, cellulózpor, növényi eredetű termékek (Salvia officinalis L. 0,1%). Analitikai összetevők: nyersfehérje: 22%, nyersrost: 2%, nyerszsír: 2%, nyershamu: 6,5%, nedvesség: 25%, metabolizálható energia 2428 kcal/kg. Adalékanyagok/kg: Tápértékkel rendelkező adalékanyagok: C-vitamin (nátrium-aszkorbil-foszfát) 427 mg/kg Tovább olvasok"}
{"breadcrumb": "Főoldal/Kutya/Eledelek/Jutalomfalatok&rágcsák/MONGE Gift Dental puppy maxi sertés 210g", "product_name": "MONGE Gift Dental puppy maxi sertés 210gMONGE Gift Dental puppy maxi sertés 210g", "brand": "MONGEDental201g – 400gKölyökmalacgabonamentesfogápolásközepes testű 11-25kg", "regular_price": "1799", "selling_price": "", "price_per_unit": "1 kg=8567 Ft", "product_url": "https://webshop.fressnapf.hu/termekek/monge-gift-dental-puppy-maxi-sertes-12x210g/", "product_description": "Kiegészítő eledel közepes és nagytestű kölyökkutyák számára. Gabonafélék nélkül, egyetlen állati fehérjeforrással, sertéshússal készült rágcsálnivaló. A készítmény C-vitaminnal dúsított az egészséges szájüreg érdekében, és csökkentett zsírtartalommal rendelkezik, hogy segítsen fenntartani az ideális testsúlyt. Az ánizs hozzájárulhat a megfelelő szájhigiénia fenntartásához. Nem tartalmaz mesterséges színezéket vagy hozzáadott cukrot. Összetétel: Dehidratált sertéshús (30%), burgonya, glicerin, tápióka, cellulózpor, növényi termékek (Harpagophytum procumbens 0,1%). Analitikai összetevők: nyersfehérje: 23%, nyersrost: 3%, nyerszsír: 2%, nyershamu: 3,5%, nedvesség: 25%, metabolizálható energia 2498 kcal/kg. Adalékanyagok/kg: Tápértékkel rendelkező adalékanyagok: C-vitamin (nátrium-aszkorbil-foszfát) 427 mg/kg Tovább olvasok"}
{"breadcrumb": "Főoldal/Kutya/Eledelek/Jutalomfalatok&rágcsák/MONGE Gift Dental puppy mini bárány 120g", "product_name": "MONGE Gift Dental puppy mini bárány 120gMONGE Gift Dental puppy mini bárány 120g", "brand": "MONGEDental101g – 200gKölyökjuh&bárány&kecskegabonamentesfogápoláskistestű 10kg-ig", "regular_price": "1299", "selling_price": "", "price_per_unit": "1 kg=10825 Ft", "product_url": "https://webshop.fressnapf.hu/termekek/monge-gift-dental-puppy-mini-barany-14x120g/", "product_description": "Kiegészítő eledel növésben lévő kis termetű kölyökkutyák számára. Gabonafélék nélkül, egyetlen állati fehérjeforrással, bárányhússal készült rágcsálnivaló. A készítmény C-vitaminnal dúsított az egészséges szájüreg érdekében, és csökkentett zsírtartalommal rendelkezik, hogy segítsen fenntartani az ideális testsúlyt a növekedés során. Az ánizs hozzájárulhat a megfelelő szájhigiénia fenntartásához. Nem tartalmaz mesterséges színezéket vagy hozzáadott cukrot. Összetétel: Dehidratált bárányhús (30%), burgonya, glicerin, tápióka, cellulózpor, növényi termékek (ánizs – Pimpinella anisum L. 0,1%). Analitikai összetevők: nyersfehérje: 17%, nyersrost: 2%, nyerszsír: 2%, nyershamu: 8%, nedvesség: 25%, metabolizálható energia 2375 kcal/kg. Adalékanyagok/kg: Tápértékkel rendelkező adalékanyagok: C-vitamin (nátrium-aszkorbil-foszfát) 427 mg/kg. Tovább olvasok"}
{"breadcrumb": "Főoldal/Kutya/Eledelek/Jutalomfalatok&rágcsák/MONGE Gift Fruits Bars kutya jutalomfalat mobility bárány&körte 100g", "product_name": "MONGE Gift Fruits Bars kutya jutalomfalat mobility bárány&körte 100gMONGE Gift Fruits Bars kutya jutalomfalat mobility bárány&körte 100g", "brand": "MONGEGift Fruits Bars0g – 100gFelnőttjuh&bárány&kecskerágócsíkokgabonamentes", "regular_price": "1699", "selling_price": "", "price_per_unit": "1 kg=16990 Ft", "product_url": "https://webshop.fressnapf.hu/termekek/monge-gift-fruits-bars-kutya-jutalomfalat-mobility-baranykorte-100g/", "product_description": "A Monge Gift Fruits Bars Mobility support bárányhús körtével egy kiegészítő és gabonamentes eledel felnőtt kutyák számára. Kifejezetten kutyája jólétéért összeállított, L-karnitinnel a normál testtömeg fenntartása érdekében. A receptúra egyetlen állati fehérjeforráson alapul, amely értékes forrása a jól emészthető és biológiailag értékes fehérjéknek. A napi vitalitásért vitaminokkal és az ízületi porcok számára tápanyagforrásként szolgáló glükozaminnal dúsított recept. A szuperélelmiszer gyümölcsök, mint például a körte, a mobilitást támogató antioxidánsok forrása, hozzáadása Olaszországban végzett kutatások eredménye, amelyek célja kutyáink életminőségének támogatása. Gabonamentes termék, mesterséges tartósítószerek és cukrok hozzáadása nélkül. ÖSSZETÉTEL: Szárított bárányhús (40%), burgonya, glicerin, burgonyakeményítő, szárított körte (1%, 8,3% friss körte), glükózamin (0,1%). ANALITIKAI ÖSSZETEVŐK: Nyersfehérje: 20%, Nyersrost: 1,7%, Nyerszsír: 4%, Nyershamu: 9%, Nedvesség: 30%, Metabolizált energia: 2276 kcal/kg. ADALÉKANYAGOK/kg: D3-vitamin 200 NE, E-vitamin 15 mg, Biotin 20 mcg, L-karnitin 100 mg. Tovább olvasok"}
{"breadcrumb": "Főoldal/Kutya/Eledelek/Jutalomfalatok&rágcsák/MONGE Gift Fruits Bars kutya jutalomfalat puppy sertés&kiwi 100g", "product_name": "MONGE Gift Fruits Bars kutya jutalomfalat puppy sertés&kiwi 100gMONGE Gift Fruits Bars kutya jutalomfalat puppy sertés&kiwi 100g", "brand": "MONGEGift Fruits Bars0g – 100gKölyöksertésrágócsíkokgabonamentes", "regular_price": "1699", "selling_price": "", "price_per_unit": "1 kg=16990 Ft", "product_url": "https://webshop.fressnapf.hu/termekek/monge-gift-fruits-bars-kutya-jutalomfalat-puppy-serteskiwi-100g/", "product_description": "A Monge Gift Fruits Bars Puppy sertéshús kiwivel egy kiegészítő, gabonamentes eledel növekvő kölyökkutyák számára. Kifejezetten a kölyökkutyák jóléte érdekében összeállított táp L-karnitinnel a normál testtömeg fejlődéséért. A táp egyetlen állati fehérjeforráson alapul, amely értékes forrása a jól emészthető és biológiailag értékes fehérjéknek. Vitaminokkal dúsított recept a napi vitalitásért és élesztővel az immunrendszer erősítése érdekében. A szuperélelmiszer gyümölcsök, mint például a kiwi, a növekedéshez hasznos ásványi anyagok forrása, beépítése Olaszországban végzett kutatások eredménye, amelyek célja kutyáink életminőségének támogatása. Gabonamentes termék, mesterséges tartósítószerek és cukrok hozzáadása nélkül. ÖSSZETÉTEL: Szárított sertéshús (35%), burgonya, glicerin, burgonyakeményítő, szárított kivi (1%, a friss kivi 8,3%-ának felel meg), élesztő termékek (1%). ANALITIKAI ÖSSZETEVŐK: Nyersfehérje: 25%, Nyersrost: 1,7%, Nyerszsír: 4,5%, Nyershamu: 3,5%, Nedvesség: 30%, Metabolizált energia: 2493 kcal/kg. ADALÉKANYAGOK/kg: D3-vitamin 200 NE, E-vitamin (all-rac-alpha-tocopheryl-acetate) 15 mg, Biotin 20 mcg, L-karnitin 100 mg. Tovább olvasok"}
{"breadcrumb": "Főoldal/Kutya/Eledelek/Jutalomfalatok&rágcsák/MONGE Gift Meat Bars kutya jutalomfalat immunity nyúl 40g", "product_name": "MONGE Gift Meat Bars kutya jutalomfalat immunity nyúl 40gMONGE Gift Meat Bars kutya jutalomfalat immunity nyúl 40g", "brand": "MONGEGift Meat Bars0g – 100gFelnőttnyúlrágócsíkokgabonamentes", "regular_price": "1299", "selling_price": "", "price_per_unit": "1 kg=32475 Ft", "product_url": "https://webshop.fressnapf.hu/termekek/monge-gift-meat-bars-kutya-jutalomfalat-immunity-nyul-40g/", "product_description": "Immunitás támogatás – Friss nyúlban gazdag, nukleotidokkal Kiegészítő állateledel felnőtt kutyák számára. Kifejezetten kutyája jólétére kifejlesztve a szervezet védekező rendszerét támogató béta-glükán rostoknak és a napi vitalitást biztosító vitaminoknak köszönhetően. Gabonafélék nélkül, friss húsból készült termék, amely a jól emészthető és biológiailag értékes fehérjék értékes forrása. A funkcionális összetevők, mint például az immunrendszert erősítő nukleotidok beépítése, Olaszországban végzett kutatások eredménye, amelyek célja kutyáink életminőségének támogatása. Nem tartalmaz hozzáadott mesterséges színezéket és cukrot. ÖSSZETÉTEL: Friss hús 88% (nyúl 14%), hidrolizált állati fehérjék (csirke és sertéshús), élesztőkészítmények (béta-glükánok). 0,85%, nukleotidok 0,12%), ásványi anyagok. ANALITIKAI ÖSSZETEVŐK: Nyersfehérje: 38%, nyersrost: 1%, nyerszsír: 25%, nyers hamu: 7%, nedvesség: 27%, metabolizált Energia: 3525 kcal/kg. KIEGÉSZÍTŐANYAGOK: Táplálékkiegészítők/kg: A-vitamin (retinil Acetát) 5000 NE, D3-vitamin 500 NE, E-vitamin (all-rac-alfatocopheril-acetát) 50 mg, taurin 1000 mg. Tovább olvasok"}
{"breadcrumb": "Főoldal/Kutya/Eledelek/Jutalomfalatok&rágcsák/MONGE Gift Meat Bars kutya jutalomfalat junior sertés&tej 40g", "product_name": "MONGE Gift Meat Bars kutya jutalomfalat junior sertés&tej 40gMONGE Gift Meat Bars kutya jutalomfalat junior sertés&tej 40g", "brand": "MONGEGift Fruits Bars0g – 100gKölyöksertésrágócsíkokgabonamentes", "regular_price": "1299", "selling_price": "", "price_per_unit": "1 kg=32475 Ft", "product_url": "https://webshop.fressnapf.hu/termekek/monge-gift-meat-bars-kutya-jutalomfalat-junior-sertestej-40g/", "product_description": "Kifejezetten a kölyökkutyák jólétére kifejlesztett táp, amely természetes ásványi anyagokat tartalmaz a növekedéshez és vitaminokat a napi vitalitáshoz. Gabonafélék nélkül és friss hússal, mint értékes, magas emészthetőségű és biológiai értékű fehérjeforrással összeállított termék. A funkcionális összetevők, mint például az immunrendszer erősítését szolgáló nukleotidok beépítése Olaszországban végzett kutatások eredménye, amelyek célja kutyáink életminőségének támogatása. Összetétel: Friss hús 85% (sertéshús 14%), tehéntejpor (4%), hidrolizált állati fehérje (csirke és sertés), élesztő termékek (1%, ebből nukleotidok 0,12%), ásványi anyagok. Analitikai összetevők: Nyersfehérje: 37%, nyersrost: 1%, nyerszsír: 26%, nyershamu: 7%, nedvesség: 27%, metabolizálható energia 3575 kcal/kg. Adalékanyagok: A-vitamin (retinil-acetát) 5000 NE/kg, D3-vitamin 500 NE/kg, E-vitamin (tuttorac- alfa-tokoferil-acetát) 50 mg/kg, taurin 1000 mg/kg. Tovább olvasok"}
{"breadcrumb": "Főoldal/Kutya/Eledelek/Jutalomfalatok&rágcsák/MONGE Gift Meat Bars kutya jutalomfalat mobility pisztráng&kurkuma 40g", "product_name": "MONGE Gift Meat Bars kutya jutalomfalat mobility pisztráng&kurkuma 40gMONGE Gift Meat Bars kutya jutalomfalat mobility pisztráng&kurkuma 40g", "brand": "MONGEGift Meat Bars0g – 100gFelnőtthal&tenger gyümölcseirágócsíkokgabonamentes", "regular_price": "1299", "selling_price": "", "price_per_unit": "1 kg=32475 Ft", "product_url": "https://webshop.fressnapf.hu/termekek/monge-gift-meat-bars-kutya-jutalomfalat-mobility-pisztrangkurkuma-40g/", "product_description": "Mozgékonyság támogatása – Friss pisztrángban és kurkumában gazdag Kiegészítő állateledel felnőtt kutyák számára. Kifejezetten kutyája jólétére kifejlesztett kurkumának köszönhetően, amely természetes antioxidáns a szabad gyökök semlegesítésére, és vitaminokkal a napi vitalitásért. Gabonafélék nélkül, friss hússal készült termék, amely a jól emészthető és biológiailag értékes fehérjék forrása. A funkcionális összetevők, mint például az ízületi mobilitást támogató tömjénfa beépítése Olaszországban végzett kutatások eredménye, amelyek célja kutyáink életminőségének támogatása. Nem tartalmaz hozzáadott mesterséges színezéket és cukrot. ÖSSZETÉTEL: friss hús (75%), friss pisztráng (14%), hidrolizált állati fehérjék (csirke és sertéshús), ásványi anyagok, kurkuma por – Curcuma longa 1%), gyógynövények feldolgozásából származó termékek (Boswellia serrata 0,2%). ANALITIKAI ÖSSZETEVŐK: Nyersfehérje: 37%, nyersrost: 1%, Nyerszsír: 26%, Nyershamu: 7%, Nedvesség: 27%, Metabolizált Energia: 3575 kcal/kg. KIEGÉSZÍTŐANYAGOK: Táplálóanyag-adalékanyagok/kg: A-vitamin (retinil Acetát) 5000 NE, D3-vitamin 500 NE, E-vitamin (all-rac-alfatocopheril-acetát) 50 mg, taurin 1000 mg. Tovább olvasok"}
{"breadcrumb": "Főoldal/Kutya/Eledelek/Jutalomfalatok&rágcsák/MONGE Gift Meat Bars kutya jutalomfalat sensitive bárány&gesztenye 40g", "product_name": "MONGE Gift Meat Bars kutya jutalomfalat sensitive bárány&gesztenye 40gMONGE Gift Meat Bars kutya jutalomfalat sensitive bárány&gesztenye 40g", "brand": "MONGEGift Meat Bars0g – 100gFelnőttsertésrágócsíkokgabonamentes", "regular_price": "1299", "selling_price": "", "price_per_unit": "1 kg=32475 Ft", "product_url": "https://webshop.fressnapf.hu/termekek/monge-gift-meat-bars-kutya-jutalomfalat-sensitive-baranygesztenye-40g/", "product_description": "Sensitive Digestion – Kiegészítő állateledel felnőtt kutyák számára. Kifejezetten kutyája jólétére kifejlesztett inulinnak köszönhetően a bélrendszer jólétének elősegítésére és vitaminokkal a napi vitalitásért. Gabonafélék nélkül, friss hússal készült termék, amely a jól emészthető és biológiailag értékes fehérjék forrása. Hozzáadott mesterséges színezékek és cukrok nélkül. ÖSSZETÉTEL: Friss hús 89% (bárány 14%), hidrolizált állati fehérjék (csirke és sertés), ásványi anyagok, inulin (1%), gesztenyepor (0,1%). ANALITIKAI ÖSSZETEVŐK: Nyersfehérje: 34%, nyersrost: 1%, nyerszsír: 28%, nyershamu: 7%, nedvesség: 27%, metabolizált energia: 3675 kcal/kg. KIEGÉSZÍTŐANYAGOK: Táplálóanyag-adalékanyagok/kg: A-vitamin (retinil-acetát) 5000 NE, D3-vitamin 500 NE, E-vitamin (all-rac-alfatocopheril-acetát) 50 mg, taurin 1000 mg. Tovább olvasok"}
{"breadcrumb": "Főoldal/Kutya/Eledelek/Jutalomfalatok&rágcsák/MONGE Gift Meat Bars kutya jutalomfalat skin lazac&aloe vera 40g", "product_name": "MONGE Gift Meat Bars kutya jutalomfalat skin lazac&aloe vera 40gMONGE Gift Meat Bars kutya jutalomfalat skin lazac&aloe vera 40g", "brand": "MONGEGift Meat Bars0g – 100gFelnőtthal&tenger gyümölcseirágócsíkokgabonamentes", "regular_price": "1299", "selling_price": "", "price_per_unit": "1 kg=32475 Ft", "product_url": "https://webshop.fressnapf.hu/termekek/monge-gift-meat-bars-kutya-jutalomfalat-skin-lazacaloe-vera-40g/", "product_description": "Kiegészítő állateledel felnőtt kutyák számára. Kifejezetten kutyája jólétéért kifejlesztett, a fényes és sűrű szőrzetet biztosító élesztőnek köszönhetően, valamint a napi vitalitást biztosító vitaminokkal. Gabonafélék nélkül, friss hússal készült termék, amely a jól emészthető és biológiai értékű fehérjék értékes forrása. A funkcionális összetevők, mint például a bőr védőrétegét erősítő aloe vera beépítése Olaszországban végzett kutatások eredménye, amelyek célja kutyáink életminőségének támogatása. Nem tartalmaz hozzáadott mesterséges színezéket és cukrot. ÖSSZETÉTEL: Friss hús (75%), friss lazac (14%), hidrolizált állati fehérjék (csirke és sertés), élesztő termékek (2%), ásványi anyagok, gyógynövények feldolgozásából származó termékek (Aloe vera L. 0,1%). ANALITIKAI ÖSSZETEVŐK: Nyersfehérje: 37%, nyersrost: 1%, nyerszsír: 26%, nyershamu: 7%, nedvesség: 27%, metabolizált energia: 3575 kcal/kg. KIEGÉSZÍTŐANYAGOK: Táplálóanyag-adalékanyagok/kg: A-vitamin (retinil-acetát) 5000 NE, D3-vitamin 500 NE, E-vitamin (all-rac-alfatocopheril-acetát) 50 mg, taurin 1000 mg. Tovább olvasok"}
{"breadcrumb": "Főoldal/Kutya/Eledelek/Jutalomfalatok&rágcsák/MONGE Gift Stick junior kutya jutalomfalat sertés&tej 45g", "product_name": "MONGE Gift Stick junior kutya jutalomfalat sertés&tej 45gMONGE Gift Stick junior kutya jutalomfalat sertés&tej 45g", "brand": "MONGEGift Sticks0g – 100gKölyöksertésrágócsíkokgabonamentes", "regular_price": "1399", "selling_price": "", "price_per_unit": "1 kg=31089 Ft", "product_url": "https://webshop.fressnapf.hu/termekek/monge-gift-stick-junior-kutya-jutalomfalat-sertestej-45g/", "product_description": "Kiegészítő eledel a növekvő kölyökkutyák számára. Kifejezetten a kölyökkutyák jólétére kifejlesztve, köszönhetően a tejnek, mint a növekedési ásványi anyagok természetes forrásának és a csökkentett zsírtartalomnak, amely segít fenntartani az ideális testsúlyt a növekedés során is. Gabonafélék nélkül és friss hússal, mint értékes, magas emészthetőségű és biológiai értékű fehérjeforrással összeállított termék. A készítmény vitaminokkal dúsított a napi vitalitás érdekében. A funkcionális összetevők, mint például az immunrendszer erősítését szolgáló nukleotidok beépítése Olaszországban végzett kutatások eredménye, amelyek célja kutyáink életminőségének támogatása Mesterséges színezékektől és hozzáadott cukortól mentes. Összetétel: Friss hal (64,6%), friss sertéshús (14%), hidrolizált halfehérje (lazac), tehéntejpor (4%), élesztőtermékek (3%, ebből nukleotidok 0,12%), cellulózpor, dehidratált hal (lazac és pisztráng), ásványi anyagok. Analitikai összetétel: Nyersfehérje: 39%, nyersrost: 3%, nyerszsír: 17,5%, nyershamu: 7,5%, nedvesség: 20%, metabolizálható energia 3308 kcal/kg. Adalékanyagok: A-vitamin (retinil-acetát) 5000 NE/kg, D3-vitamin 500 NE/kg, E-vitamin (all-Crac-alfa-tokoferil-acetát) 50 mg/kg, taurin 1000 mg/kg. Tovább olvasok"}
{"breadcrumb": "Főoldal/Kutya/Eledelek/Jutalomfalatok&rágcsák/MONGE Gift Stick mobility kutya jutalomfalat pisztráng&kurkuma 45g", "product_name": "MONGE Gift Stick mobility kutya jutalomfalat pisztráng&kurkuma 45gMONGE Gift Stick mobility kutya jutalomfalat pisztráng&kurkuma 45g", "brand": "MONGEGift Sticks0g – 100gFelnőtthal&tenger gyümölcseirágócsíkokgabonamentes", "regular_price": "1399", "selling_price": "", "price_per_unit": "1 kg=31089 Ft", "product_url": "https://webshop.fressnapf.hu/termekek/monge-gift-stick-mobility-kutya-jutalomfalat-pisztrangkurkuma-45g/", "product_description": "Kiegészítő állateledel felnőtt kutyák számára. Kifejezetten kutyája jólétéért fejlesztették ki a kurkumának köszönhetően, amely természetes antioxidáns a szabad gyökök semlegesítésére, valamint az alacsony zsírtartalomnak köszönhetően az ideális testsúly fenntartására. Gabonafélék nélkül, friss hússal készült termék, amely a jól emészthető és biológiai értékű fehérjék értékes forrása. A készítmény vitaminokkal gazdagított a napi vitalitás érdekében. A funkcionális összetevők, mint például az ízületi mobilitást támogató tömjénfa beépítése Olaszországban végzett kutatások eredménye, amelyek célja kutyáink életminőségének támogatása. Nem tartalmaz hozzáadott mesterséges színezéket és cukrot. ÖSSZETÉTEL: Friss hal 80% (pisztráng 14%), szárított hal (lazac és pisztráng), hidrolizált halfehérje (lazac), cellulózpor, élesztőkészítmények, ásványi anyagok, fűszerek és ízesítők feldolgozásából származó termékek (kurkuma por – Curcuma longa 1%), gyógynövények feldolgozásából származó termékek (Boswellia serrata 0,2%). ANALITIKAI ÖSSZETEVŐK: Nyersfehérje: 41%, nyersrost: 3%, nyerszsír: 16%, nyershamu: 9%, nedvesség: 20%, metabolizált energia: 3180 kcal/kg. KIEGÉSZÍTŐANYAGOK: A-vitamin (retinil-acetát) 5000 NE, D3-vitamin 500 NE, E-vitamin (all-rac-alfa-tokoferil-acetát) 50 mg, taurin 1000 mg. Tovább olvasok"}
{"breadcrumb": "Főoldal/Kutya/Eledelek/Jutalomfalatok&rágcsák/MONGE Gift Stick skin lazac&a.vera 45g", "product_name": "MONGE Gift Stick skin lazac&a.vera 45gMONGE Gift Stick skin lazac&a.vera 45g", "brand": "MONGEGift SticksFelnőtthal&tenger gyümölcsei", "regular_price": "1399", "selling_price": "", "price_per_unit": "1 kg=31089 Ft", "product_url": "https://webshop.fressnapf.hu/termekek/monge-gift-stick-skin-lazaca-vera-45g/", "product_description": "Kiegészítő eledel felnőtt kutyák számára. Kifejezetten kutyája jólétéért kifejlesztett, az élesztőnek köszönhetően a fényes és sűrű szőrzetért, az alacsony zsírtartalomnak köszönhetően pedig az ideális testsúly fenntartásáért. Gabonafélék nélkül, friss hússal összeállított termék, amely a jól emészthető és biológiai értékű fehérjék értékes forrása. A készítmény vitaminokkal gazdagított a napi vitalitás érdekében. Nem tartalmaz hozzáadott mesterséges színezéket és cukrot. Összetétel: Friss hal 81% (lazac 35%), szárított hal (lazac és pisztráng), hidrolizált halfehérje (lazac), cellulózpor, élesztő termékek (2%), ásványi anyagok, gyógynövények feldolgozásából származó termékek (Aloe vera L. 0,1%). Analitikai összetevők: Nyersfehérje: 41%, nyersrost: 3%, nyerszsír: 17,5%, nyershamu: 8%, nedvesség: 20%, metabolizált energia: 3290 kcal/ kg. Táplálékkiegészítők/kg: A-vitamin (retinil-acetát) 5000 NE, D3-vitamin 500 NE, E-vitamin (all-rac-alfa-tokoferil-acetát) 50 mg, taurin 1000 mg. Tovább olvasok"}
{"breadcrumb": "Főoldal/Kutya/Eledelek/Jutalomfalatok&rágcsák/MONGE Gift Stick training kutya jutalomfalat kacsa&spirulina 45g", "product_name": "MONGE Gift Stick training kutya jutalomfalat kacsa&spirulina 45gMONGE Gift Stick training kutya jutalomfalat kacsa&spirulina 45g", "brand": "MONGEGift Sticks0g – 100gFelnőttszárnyasrágócsíkokgabonamentes", "regular_price": "1399", "selling_price": "", "price_per_unit": "1 kg=31089 Ft", "product_url": "https://webshop.fressnapf.hu/termekek/monge-gift-stick-training-kutya-jutalomfalat-kacsaspirulina-45g/", "product_description": "Kiegészítő eledel felnőtt kutyák számára. Kifejezetten kutyája jólétéért fejlesztették ki a szívműködést támogató taurin és az ideális testsúly fenntartását elősegítő csökkentett zsírtartalom révén. Gabona nélkül és friss hússal készült termék, mint értékes fehérjeforrással, magas emészthetőséggel és biológiai értékkel. A készítmény vitaminokkal gazdagított a napi vitalitás érdekében. A funkcionális összetevők, mint például a sporttevékenység közbeni stressz korlátozására szolgáló spirulina beépítése Olaszországban végzett kutatások eredménye, amelyek célja kutyáink életminőségének támogatása. Mesterséges színezékektől és hozzáadott cukortól mentes. Összetevők: Friss hal (66%), friss kacsa (14%), dehidratált hal (lazac és pisztráng), hidrolizált halfehérje (lazac), cellulózpor, élesztőtermékek, ásványi anyagok, algaliszt (spirulina – Arthrospira platensis 1%). Összetétel: Nyersfehérje: 41%, nyersrost: 3%, nyerszsír: 17,5%, nyershamu: 8%, nedvesség: 20%, metabilizálható energia 3290 kcal/kg. Adalékanyagok: A-vitamin (retinil-acetát) 5000 NE/kg, D3-vitamin 500 NE/kg, E-vitamin (all-Crac-alfa-tokoferil-acetát) 50 mg/kg, taurin 1000 mg/kg. Tovább olvasok"}
{"breadcrumb": "Főoldal/Kutya/Eledelek/Nedves eledelek/Monge Grill kutya tasak adult bárány&zöldség 24x100g", "product_name": "Monge Grill kutya tasak adult bárány&zöldség 24x100gMonge Grill kutya tasak adult bárány&zöldség 24x100g", "brand": "MONGEGrill0g – 100gFelnőttjuh&bárány&kecskegabonamenteskistestű 10kg-igtasak", "regular_price": "5 094", "selling_price": "4 794", "price_per_unit": "319 Ft", "product_url": "https://webshop.fressnapf.hu/termekek/monge-grill-kutya-tasak-adult-baranyzoldseg-100g/", "product_description": "Monge Grill falatkák kutyáknak báránnyal és zöldséggel. Teljes értékű eledel kutyáknak. -Nem tartalmaz mesterséges színezéket és tartósítószert -Olasz termék Összetétel: hús és hússzármazékok 40%  (ebből bárányhús min.4,2%), zöldségek (zöldborsó min.4,2%), vitaminok, ásványi anyagok, MSM 80mg/kg, glükozamin 80mg/kg, kondrotin 40mg/kg. Élelmiszer adalékanyagok: térfogatnövelők, és zselésítő anyagok. Analitikai összetevők: nyersfehérje 8,0%, nyers olajok és zsírok 7,5%, nyershamu (2%), nyersrost (0,5%), nedvességtartalom 79,5%. Tápértékkel rendelkező adalékanyagok: A vitamin: 2000U.I./kg, D3 vitamin 200U.I./kg, E-vitamin 5mg/kg. Napi ajánlott adag:  Ajánlott napi adag egy közepes méretű kutya részére napi 3-4 tasak a termékből. Tálalja szobahőmérsékleten, vagy melegítve. Felbontást követően max. 24 óráig hűtőszekrényben tartandó. Tovább olvasok"}
{"breadcrumb": "Főoldal/Kutya/Eledelek/Nedves eledelek/Monge Grill kutya tasak adult lazac 24x100g", "product_name": "Monge Grill kutya tasak adult lazac 24x100gMonge Grill kutya tasak adult lazac 24x100g", "brand": "MONGEGrill0g – 100gFelnőtthal&tenger gyümölcseigabonamenteskistestű 10kg-igtasak", "regular_price": "5 094", "selling_price": "4 794", "price_per_unit": "319 Ft", "product_url": "https://webshop.fressnapf.hu/termekek/monge-grill-kutya-tasak-adult-lazac-100g/", "product_description": "Monge Grill falatkák kutyáknak lazaccal. Teljes értékű eledel kutyáknak. -Nem tartalmaz mesterséges színezéket és tartósítószert -Olasz termék Összetétel: hús és hússzármazékok 25%,  hal, és halszármazékok 15% (ebből lazac min.4,2%), vitaminok, ásványi anyagok, MSM 80mg/kg, glükozamin 80mg/kg, kondrotin 40mg/kg. Élelmiszer adalékanyagok: térfogatnövelők, és zselésítő anyagok. Analitikai összetevők: nyersfehérje 10,0%, nyers olajok és zsírok 6,2%, nyershamu (1,8%), nyersrost (0,5%), nedvességtartalom 78%. Tápértékkel rendelkező adalékanyagok: A vitamin: 2000U.I./kg, D3 vitamin 200U.I./kg, E-vitamin 5mg/kg. Napi ajánlott adag:  Ajánlott napi adag egy közepes méretű kutya részére napi 3-4 tasak a termékből. Tálalja szobahőmérsékleten, vagy melegítve. Felbontást követően max. 24 óráig hűtőszekrényben tartandó. Tovább olvasok"}
{"breadcrumb": "Főoldal/Kutya/Eledelek/Nedves eledelek/Monge Grill kutya tasak adult marha 24x100g", "product_name": "Monge Grill kutya tasak adult marha 24x100gMonge Grill kutya tasak adult marha 24x100g", "brand": "MONGEGrill0g – 100gFelnőttmarha&borjúgabonamenteskistestű 10kg-igtasak", "regular_price": "8 994", "selling_price": "8 394", "price_per_unit": "319 Ft", "product_url": "https://webshop.fressnapf.hu/termekek/monge-grill-kutya-tasak-adult-marha-100g/", "product_description": "Monge Grill falatkák kutyáknak marhahússal. Teljes értékű eledel kutyáknak. -Nem tartalmaz mesterséges színezéket és tartósítószert -Olasz termék Összetétel: hús és hússzármazékok 40%  (ebből marhahús min.4,2%), vitaminok, ásványi anyagok, MSM 80mg/kg, glükozamin 80mg/kg, kondrotin 40mg/kg. Élelmiszer adalékanyagok: térfogatnövelők, és zselésítő anyagok. Analitikai összetevők: nyersfehérje 8,0%, nyers olajok és zsírok 6,5%, nyershamu (2%), nyersrost (0,5%), nedvességtartalom 78%. Tápértékkel rendelkező adalékanyagok: A vitamin: 2000U.I./kg, D3 vitamin 200U.I./kg, E-vitamin 5mg/kg. Napi ajánlott adag:  Ajánlott napi adag egy közepes méretű kutya részére napi 3-4 tasak a termékből. Tálalja szobahőmérsékleten, vagy melegítve. Felbontást követően max. 24 óráig hűtőszekrényben tartandó. Tovább olvasok"}
{"breadcrumb": "Főoldal/Kutya/Eledelek/Nedves eledelek/Monge Grill kutya tasak adult senior kacsa 24x100g", "product_name": "Monge Grill kutya tasak adult senior kacsa 24x100gMonge Grill kutya tasak adult senior kacsa 24x100g", "brand": "MONGEGrill0g – 100gIdősszárnyasgabonamenteskistestű 10kg-igtasak", "regular_price": "5 094", "selling_price": "4 794", "price_per_unit": "319 Ft", "product_url": "https://webshop.fressnapf.hu/termekek/monge-grill-kutya-tasak-adult-senior-kacsa-100g/", "product_description": "Monge Grill falatkák idős kutyáknak kacsával. Teljes értékű eledel kutyáknak. -Nem tartalmaz mesterséges színezéket és tartósítószert -Olasz termék Összetétel: hús és hússzármazékok 45%  (ebből kacsahús 14%), vitaminok, ásványi anyagok, glükozamin 80mg/kg, kondrotin 40mg/kg. Élelmiszer adalékanyagok: térfogatnövelők, és zselésítő anyagok. Analitikai összetevők: nyersfehérje 8,5%, nyerszsír 6,5%, nyershamu (2,5%), nyersrost (0,5%), nedvességtartalom 80%. Tápértékkel rendelkező adalékanyagok: D3 vitamin 250U.I./kg, E-vitamin 8mg/kg. Napi ajánlott adag:  Ajánlott napi adag egy közepes méretű kutya részére napi 5-6 tasak a termékből napi 2 adagra osztva. Tálalja szobahőmérsékleten, vagy melegítve. Felbontást követően max. 24 óráig hűtőszekrényben tartandó. Tovább olvasok"}
{"breadcrumb": "Főoldal/Kutya/Eledelek/Nedves eledelek/Monge Grill kutya tasak adult sertés 24x100g", "product_name": "Monge Grill kutya tasak adult sertés 24x100gMonge Grill kutya tasak adult sertés 24x100g", "brand": "MONGEGrill0g – 100gFelnőttmalacgabonamenteskistestű 10kg-igtasak", "regular_price": "8 994", "selling_price": "8 394", "price_per_unit": "319 Ft", "product_url": "https://webshop.fressnapf.hu/termekek/monge-grill-kutya-tasak-adult-sertes-100g/", "product_description": "Monge Grill falatkák kutyáknak sertéshússal. Teljes értékű eledel kutyáknak. -Nem tartalmaz mesterséges színezéket és tartósítószert -Olasz termék Összetétel: hús és hússzármazékok 40%  (ebből sertéshús min.4,2%), vitaminok, ásványi anyagok, MSM 80mg/kg, glükozamin 80mg/kg, kondrotin 40mg/kg. Élelmiszer adalékanyagok: térfogatnövelők, és zselésítő anyagok. Analitikai összetevők: nyersfehérje 8,0%, nyers olajok és zsírok 7,5%, nyershamu (2%), nyersrost (0,5%), nedvességtartalom 79,5%. Tápértékkel rendelkező adalékanyagok: A vitamin: 2000U.I./kg, D3 vitamin 200U.I./kg, E-vitamin 5mg/kg. Napi ajánlott adag:  Ajánlott napi adag egy közepes méretű kutya részére napi 3-4 tasak a termékből. Tálalja szobahőmérsékleten, vagy melegítve. Felbontást követően max. 24 óráig hűtőszekrényben tartandó. Tovább olvasok"}
{"breadcrumb": "Főoldal/Kutya/Eledelek/Nedves eledelek/Monge Grill kutya tasak adult tőkehal 24x100g", "product_name": "Monge Grill kutya tasak adult tőkehal 24x100gMonge Grill kutya tasak adult tőkehal 24x100g", "brand": "MONGEGrill0g – 100gFelnőtthal&tenger gyümölcseigabonamenteskistestű 10kg-igtasak", "regular_price": "8 994", "selling_price": "8 394", "price_per_unit": "319 Ft", "product_url": "https://webshop.fressnapf.hu/termekek/monge-grill-kutya-tasak-adult-tokehal-100g/", "product_description": "Monge Grill falatkák kutyáknak tőkehallal. Teljes értékű eledel kutyáknak. -Nem tartalmaz mesterséges színezéket és tartósítószert -Olasz termék Összetétel: hús és hússzármazékok 25%,  hal, és halszármazékok 15% (ebből tőkehal min.4,2%), vitaminok, ásványi anyagok, MSM 80mg/kg, glükozamin 80mg/kg, kondrotin 40mg/kg. Élelmiszer adalékanyagok: térfogatnövelők, és zselésítő anyagok. Analitikai összetevők: nyersfehérje 9,6%, nyers olajok és zsírok 5,5%, nyershamu (1,7%), nyersrost (0,5%), nedvességtartalom 79%. Tápértékkel rendelkező adalékanyagok: A vitamin: 2000U.I./kg, D3 vitamin 200U.I./kg, E-vitamin 5mg/kg. Napi ajánlott adag:  Ajánlott napi adag egy közepes méretű kutya részére napi 3-4 tasak a termékből. Tálalja szobahőmérsékleten, vagy melegítve. Felbontást követően max. 24 óráig hűtőszekrényben tartandó. Tovább olvasok"}
{"breadcrumb": "Főoldal/Kutya/Eledelek/Száraz eledelek/MONGE Hipoallergén száraz kutyaeledel tonhal&lazac 12kg", "product_name": "MONGE Hipoallergén száraz kutyaeledel tonhal&lazac 12kgMONGE Hipoallergén száraz kutyaeledel tonhal&lazac 12kg", "brand": "MONGEhipoallergénFelnőtthal&tenger gyümölcseihipoallergén", "regular_price": "3 799", "selling_price": "3 299", "price_per_unit": "1 kg=2167 Ft", "product_url": "https://webshop.fressnapf.hu/termekek/monge-hipoallergen-szaraz-kutyaeledel-tonhallazac-12kg/", "product_description": "A Monge Natural Superpremium Hypo lazaccal és tonhallal egy teljes értékű diétás eledel felnőtt kutyák számára, amelyet úgy állítottak össze, hogy csökkentse az összetevőkkel és tápanyagokkal szembeni intoleranciát, válogatott szénhidrátforrással (rizs) Gazdag halban és xilo-oligoszacharidokkal (X.O.S.), a legújabb generációs prebiotikumokkal, amelyek elősegítik a bélrendszer jólétét. A készítmény esszenciális zsírsavakat tartalmaz a bőr és a szőrzet támogatására. Összetétel: Rizs (58%), lazac (dehidratált 10% és friss 8%), tonhal (dehidratált 10%), sörélesztő, növényi olaj (finomított kukoricaolaj), halolaj (tisztított lazacolaj 99,5%). szárított cukorrépapép, ásványi anyagok, Xylo-oligoszacharid (XOS 0,3%), yucca schidigera, élesztő termékek (mannán-oligoszacharid- MOS forrás), kondroitin-szulfát, glükózamin. Analitikai összetevők: Nyersfehérje: 24%, nyersrost: 2,0%, nyerszsír: 12%, nyershamu: 6,5%, kalcium: 1,4%, foszfor: 1,1%, Omega-6 esszenciális zsírsavak: 3,6%, Omega-3 esszenciális zsírsavak: 0,9% Táplálékkiegészítők: A-vitamin (retinil-acetát) 35 000 NE, D3-vitamin 1850 NE, E-vitamin (alfa-tokoferil-acetát) 80 mg, kolin-klorid: 3. 600 mg, mangán (mangán-szulfát-monohidrát 99 mg) 32 mg, cink (cink-oxid 187 mg) 150 mg, réz (réz(II)-szulfát-pentahidrát 50) 12 mg, vas (vas(II)-szulfát-monohidrát 326 mg) 107 mg, szelén (nátrium-szelenit 0,4 mg) 0,2 mg, jód (kalcium-jodát vízmentes 2,6 mg) 1,7 mg, L-karnitin: 100 mg. TECHNOLÓGIAI ADAGOK: Tokoferol kivonatok növényi olajokból. Tovább olvasok"}
{"breadcrumb": "Főoldal/Kutya/Eledelek/Száraz eledelek/MONGE Hipoallergén száraz kutyaeledel tonhal&lazac 2,5kg", "product_name": "MONGE Hipoallergén száraz kutyaeledel tonhal&lazac 2,5kgMONGE Hipoallergén száraz kutyaeledel tonhal&lazac 2,5kg", "brand": "MONGEhipoallergénFelnőtthal&tenger gyümölcseihipoallergén", "regular_price": "3 699", "selling_price": "3 299", "price_per_unit": "1 kg=3000 Ft", "product_url": "https://webshop.fressnapf.hu/termekek/monge-hipoallergen-szaraz-kutyaeledel-tonhallazac-25kg/", "product_description": "A Monge Natural Superpremium Hypo lazaccal és tonhallal egy teljes értékű diétás eledel felnőtt kutyák számára, amelyet úgy állítottak össze, hogy csökkentse az összetevőkkel és tápanyagokkal szembeni intoleranciát, válogatott szénhidrátforrással (rizs) Gazdag halban és xilo-oligoszacharidokkal (X.O.S.), a legújabb generációs prebiotikumokkal, amelyek elősegítik a bélrendszer jólétét. A készítmény esszenciális zsírsavakat tartalmaz a bőr és a szőrzet támogatására. Összetétel: Rizs (58%), lazac (dehidratált 10% és friss 8%), tonhal (dehidratált 10%), sörélesztő, növényi olaj (finomított kukoricaolaj), halolaj (tisztított lazacolaj 99,5%). szárított cukorrépapép, ásványi anyagok, Xylo-oligoszacharid (XOS 0,3%), yucca schidigera, élesztő termékek (mannán-oligoszacharid- MOS forrás), kondroitin-szulfát, glükózamin. Analitikai összetevők: Nyersfehérje: 24%, nyersrost: 2,0%, nyerszsír: 12%, nyershamu: 6,5%, kalcium: 1,4%, foszfor: 1,1%, Omega-6 esszenciális zsírsavak: 3,6%, Omega-3 esszenciális zsírsavak: 0,9% Táplálékkiegészítők: A-vitamin (retinil-acetát) 35 000 NE, D3-vitamin 1850 NE, E-vitamin (alfa-tokoferil-acetát) 80 mg, kolin-klorid: 3. 600 mg, mangán (mangán-szulfát-monohidrát 99 mg) 32 mg, cink (cink-oxid 187 mg) 150 mg, réz (réz(II)-szulfát-pentahidrát 50) 12 mg, vas (vas(II)-szulfát-monohidrát 326 mg) 107 mg, szelén (nátrium-szelenit 0,4 mg) 0,2 mg, jód (kalcium-jodát vízmentes 2,6 mg) 1,7 mg, L-karnitin: 100 mg. TECHNOLÓGIAI ADAGOK: Tokoferol kivonatok növényi olajokból. Tovább olvasok"}
{"breadcrumb": "Főoldal/Kutya/Eledelek/Száraz eledelek/MONGE mini adult száraz kutyaeledel bárány 2,5kg", "product_name": "MONGE mini adult száraz kutyaeledel bárány 2,5kgMONGE mini adult száraz kutyaeledel bárány 2,5kg", "brand": "MONGEMiniFelnőttjuh&bárány&kecskekistestű 10kg-ig", "regular_price": "3 499", "selling_price": "2 999", "price_per_unit": "1 kg=3000 Ft", "product_url": "https://webshop.fressnapf.hu/termekek/monge-mini-adult-szaraz-kutyaeledel-barany-25kg/", "product_description": "Teljes értékű száraztáp kistestű felnőtt kutyák számára. A bárányhús különösen jó minőségű fehérjékben gazdag hús, ami szinte az összes lényeges aminosavat tartalmazza. B-vitaminban és ásványi anyagokban dús. Könnyen emészthető hús, ami segíti az emésztőrendszer egészséges működését. A rizs könnyen emészthető gabona, ami segíti az emésztést, kíméli a beleket és a gyomrot. Ideális növényi szénhidrát forrás érzékeny gyomrú kutyák számára. A burgonya A-, B-, C-vitaminban dús szénhidrát- és fehérjeforrás. Kálium tartalma miatt jó hatása van a szívműködésre. Ásványi anyagokban és vitaminokban dús zöldség. Elősegíti a fejlett izomzat kialakítását. A tápban lévő répapép, fokhagyma, vitaminok és ásványi anyagok erősítik a kutyusok immunrendszerét. Természetes prebiotikumok segítik elő a bél egészségét. Kondroitin- szulfát és glükozamin támogatja az ízületek és porcok egészséges állapotának megtartását. Kalcium és a foszfor segít fenntartani a csontok egészségét. Sörélesztő segít stabilizálni az állatok bélflóráját. Pozitívan hat a bőrre és a szőrzetre. Antioxidánsokban gazdag, így segít dúsabbá és fényesebbé varázsolni az állatok bundáját. B-vitamin tartalmának köszönhetően az étvágyra is kedvezően hat. Összetétel: Bárány (friss 10%, dehidratált 30%), rizs, burgonyafehérje koncentrátum, kukorica, cukorrépapép, sörélesztő (MOS és B12-vitamin forrás), hidrolizált állati fehérjék, állati zsír (csirkeolaj zsírtartalma 99,5% antioxidánsok), hidrolizált porc (kondroitin szulfát forrás), hidrolizált rákfélék (glükózamin forrás), metilszulfonil-metán, XOS (xiloligoszacharidok 3 g / kg), hidrolizált élesztő (MOS), yucca schidigera, spirulina, echinacea gyökér, oregán porított szárított fokhagyma. Analitikai összetétel: Nyersfehérje 27,00%, nyersolajok és zsírok 14,00%, nyersrost 2,50%, nyers hamu 6,50%, kalcium 1,70%, foszfor 1,10%, omega 6 esszenciális zsírsavak 3,50%, omega 3 esszenciális zsírsavak 0,50%, metabolizálható energia 4,020 kcal / kg. Táplálékkiegészítők/kg: A-vitamin 24000 NE, D3-vitamin 1,700 NE, E-vitamin 190 mg, B1-vitamin 12 mg, B2-vitamin 15 mg, B6-vitamin 7 mg, B12-vitamin 150 mg, Biotin 20 mg, Niacin 30 mg, C-vitamin 200 mg, pantoténsav 18 mg, folinsav 1,70 mg, kolin-klorid 2,500 mg, inozitol 3,60 mg, E5 mangán-szulfát-monohidrát 32 mg, E6 cink-oxid 150 mg, E4 réz-szulfát 13 pentahidrát, E1 vas-szulfát-monohidrát 110 mg, E8 0,20 mg nátrium-szelenit, E2 kalcium-jodát 1,80 mg, 100 mg L-karnitin, 1,6 g technikailag tiszta DL-metionin. Technológiai adalékok: A tokoferolok és a rosmarinus officinalis kivonatainak természetes keveréke. Tovább olvasok"}
{"breadcrumb": "Főoldal/Kutya/Eledelek/Száraz eledelek/MONGE mini adult száraz kutyaeledel lazac 2,5kg", "product_name": "MONGE mini adult száraz kutyaeledel lazac 2,5kgMONGE mini adult száraz kutyaeledel lazac 2,5kg", "brand": "MONGEMiniFelnőtthal&tenger gyümölcseikistestű 10kg-ig", "regular_price": "9 999", "selling_price": "8 999", "price_per_unit": "1 kg=3000 Ft", "product_url": "https://webshop.fressnapf.hu/termekek/monge-mini-adult-szaraz-kutyaeledel-lazac-25kg/", "product_description": "Teljes értékű száraztáp kistestű felnőtt kutyák számára. A bárányhús különösen jó minőségű fehérjékben gazdag hús, ami szinte az összes lényeges aminosavat tartalmazza. B-vitaminban és ásványi anyagokban dús. Könnyen emészthető hús, ami segíti az emésztőrendszer egészséges működését. A rizs könnyen emészthető gabona, ami segíti az emésztést, kíméli a beleket és a gyomrot. Ideális növényi szénhidrát forrás érzékeny gyomrú kutyák számára. A burgonya A-, B-, C-vitaminban dús szénhidrát- és fehérjeforrás. Kálium tartalma miatt jó hatása van a szívműködésre. Ásványi anyagokban és vitaminokban dús zöldség. Elősegíti a fejlett izomzat kialakítását. A tápban lévő répapép, fokhagyma, vitaminok és ásványi anyagok erősítik a kutyusok immunrendszerét. Természetes prebiotikumok segítik elő a bél egészségét. Kondroitin- szulfát és glükozamin támogatja az ízületek és porcok egészséges állapotának megtartását. Kalcium és a foszfor segít fenntartani a csontok egészségét. Sörélesztő segít stabilizálni az állatok bélflóráját. Pozitívan hat a bőrre és a szőrzetre. Antioxidánsokban gazdag, így segít dúsabbá és fényesebbé varázsolni az állatok bundáját. B-vitamin tartalmának köszönhetően az étvágyra is kedvezően hat. Összetétel: Bárány (friss 10%, dehidratált 30%), rizs, burgonyafehérje koncentrátum, kukorica, cukorrépapép, sörélesztő (MOS és B12-vitamin forrás), hidrolizált állati fehérjék, állati zsír (csirkeolaj zsírtartalma 99,5% antioxidánsok), hidrolizált porc (kondroitin szulfát forrás), hidrolizált rákfélék (glükózamin forrás), metilszulfonil-metán, XOS (xiloligoszacharidok 3 g / kg), hidrolizált élesztő (MOS), yucca schidigera, spirulina, echinacea gyökér, oregán porított szárított fokhagyma. Analitikai összetétel: Nyersfehérje 27,00%, nyersolajok és zsírok 14,00%, nyersrost 2,50%, nyers hamu 6,50%, kalcium 1,70%, foszfor 1,10%, omega 6 esszenciális zsírsavak 3,50%, omega 3 esszenciális zsírsavak 0,50%, metabolizálható energia 4,020 kcal / kg. Táplálékkiegészítők/kg: A-vitamin 24000 NE, D3-vitamin 1,700 NE, E-vitamin 190 mg, B1-vitamin 12 mg, B2-vitamin 15 mg, B6-vitamin 7 mg, B12-vitamin 150 mg, Biotin 20 mg, Niacin 30 mg, C-vitamin 200 mg, pantoténsav 18 mg, folinsav 1,70 mg, kolin-klorid 2,500 mg, inozitol 3,60 mg, E5 mangán-szulfát-monohidrát 32 mg, E6 cink-oxid 150 mg, E4 réz-szulfát 13 pentahidrát, E1 vas-szulfát-monohidrát 110 mg, E8 0,20 mg nátrium-szelenit, E2 kalcium-jodát 1,80 mg, 100 mg L-karnitin, 1,6 g technikailag tiszta DL-metionin. Technológiai adalékok: A tokoferolok és a rosmarinus officinalis kivonatainak természetes keveréke. Tovább olvasok"}
{"breadcrumb": "Főoldal/Kutya/Eledelek/Száraz eledelek/MONGE mini puppy száraz kutyaeledel bárány 2,5kg", "product_name": "MONGE mini puppy száraz kutyaeledel bárány 2,5kgMONGE mini puppy száraz kutyaeledel bárány 2,5kg", "brand": "MONGEMiniKölyökjuh&bárány&kecskekistestű 10kg-ig", "regular_price": "3 799", "selling_price": "3 299", "price_per_unit": "1 kg=3000 Ft", "product_url": "https://webshop.fressnapf.hu/termekek/monge-mini-puppy-szaraz-kutyaeledel-barany-25kg/", "product_description": "Teljes értékű eledel kis méretű kölyök kutyák számára. Eredeti olasz receptúrában tökéletesen összeállított, kiváló minőségű tápanyagainak köszönhetően garantálja kutyája jólétét. A fő összetevő a bárányhús, XOS-szal (Xylooligoszacharidokkal) – természetes prebiotikumokkal, amelyek támogatják a bélműködést – dúsítva. Articsóka kivonatot, Echinaceát, oregánót és fokhagymát tartalmaz az immunrendszer serkentése és a máj védelme érdekében. A kondroitin, a glükozamin, a kalcium és a foszfor hozzájárul az ízületek és az izmok normál fejlődéséhez. Összetétel: Bárány (friss 10%, dehidratált 32%), rizs, kukorica, állati zsír (99,6% csirkeolajtartalom, természetes antioxidánsokkal tartósítva), cukorrépapép, sörélesztő (MOS és B12 forrás), kukoricaglutén, hidrolizált állat (lazacolaj), XOS (xiloligoszacharidok 3 g / kg), hidrolizált élesztő (MOS), hidrogénezett szénhidrát (fehérje) yucca schidigera, spirulina, hidrolizált porc (chondroitin szulfát forrás), hidrolizált rákfélék (glükózamin forrás), metil-szulfonil-metán, echinacea gyökér, oregán, porított szárított fokhagyma. Analitikai összetétel: Nyersfehérje 30,00%, Nyersolajok és zsírok 18,00%, Nyersrost 2,00%, Nyerspaprika 7,00%, Kalcium 1,50%, Foszfor 1,20%, Omega 6 esszenciális zsírsavak 7,00%, Omega 3 esszenciális zsírsavak 0,70% Táplálékkiegészítők/kg: A-vitamin 26 000 NE, D3-vitamin 1,820 NE, E-vitamin 200 mg, B1-vitamin 20 mg, B2-vitamin 25 mg, B6-vitamin 12 mg, B12-vitamin 240 mg, Biotin 32 mg, 50 mg niacin, C-vitamin 180 mg, pantoténsav 30 mg, folsav 2,80 mg, kolin-klorid 3,200 mg, inozitol 3,60 mg, E5 mangán-szulfát-monohidrát 32 mg, E6 cink-oxid 150 mg, E4 rézszulfát 13 mg pentahidrát, E1 vas-szulfát-monohidrát 110 mg, E8 0,20 mg nátrium-szelenit, E2 kalcium-jodát 1,80 mg, 150 mg L-karnitin, technikailag tiszta 7,60 g DL-metionin. Technológiai adalékok: A tokoferolok és a rosmarinus officinalis kivonatainak természetes keveréke. Organoleptikus adalékok: 20 mg természetes gesztenyeextraktum, 300 ml-es articsóka-kivonat. Tovább olvasok"}
{"breadcrumb": "Főoldal/Kutya/Eledelek/Száraz eledelek/MONGE puppy száraz kutyaeledel bárány&rizs 2,5kg", "product_name": "MONGE puppy száraz kutyaeledel bárány&rizs 2,5kgMONGE puppy száraz kutyaeledel bárány&rizs 2,5kg", "brand": "MONGE1,1kg – 4kgKölyökjuh&bárány&kecske", "regular_price": "9 999", "selling_price": "8 999", "price_per_unit": "1 KG=2520 Ft", "product_url": "https://webshop.fressnapf.hu/termekek/monge-puppy-szaraz-kutyaeledel-baranyrizs-25kg/", "product_description": "A Monge Natural Superpremium All breeds Puppy és Junior Lamb with Rice egy teljes értékű állateledel minden méretű kölyökkutya számára. Az első számú összetevő a bárányhús, a táp összetételét pedig a friss hús hozzáadásának köszönhetően a könnyű emészthetőség és az ízletesség jellemzi. A receptúrát új generációs XOS-szal (Xylo-oligoszacharidok) is kiegészítették, amelyek prebiotikumok a bélrendszer egészségének támogatására. A készítmény továbbá glükozamint és kondroitin-szulfátot tartalmaz az ízületek fejlődésének támogatására, valamint a kalcium/foszfor kiegyensúlyozott aránya a csontozat és az ízületek optimális fejlődéséhez a kölyökkutyák számára. Hozzáadott színezékek és mesterséges tartósítószerek nélkül. Összetétel: Bárány (szárított 30%, friss hús 10%), rizs (15%), kukorica, állati zsír (99,5%-on tisztított csirkeolaj), burgonyafehérje, szárított répapép, sörélesztő, hidrolizált állati fehérjék (máj), zab, szárított tojás, ásványi anyagok, élesztő termékek (mannano-oligoszacharidok MOS 1%), xilo-oligoszacharidok (XOS 0,3%), yucca schidigera (0,3%), algaliszt (spirulina – Arthrospira platensis 0,3%), növényi feldolgozásból származó termékek ( Echinacea purpurea gyökere 0,2%, Origanum Vulgare 0,1%, szárított fokhagyma (0,2%), glükózamin (0,057%), kondroitin-szulfát (0,04%) Analitikai összetevők: Nyersfehérje: 30%, Nyersrost: 2%, Nyerszsír: 18%, Nyershamu: 7%, Kalcium: 1,6%, Foszfor: 1,1%, Kalcium/foszfor=1,4, n-3 zsírsavak: 0,5%, n -6 zsírsav: 5,2%. Metabolizált energia: 4200 kcal/kg. Tovább olvasok"}
{"breadcrumb": "Főoldal/Kutya/Eledelek/Száraz eledelek/MONGE puppy száraz kutyaeledel lazac&rizs 2,5kg", "product_name": "MONGE puppy száraz kutyaeledel lazac&rizs 2,5kgMONGE puppy száraz kutyaeledel lazac&rizs 2,5kg", "brand": "MONGE1,1kg – 4kgKölyökhal&tenger gyümölcsei", "regular_price": "9 999", "selling_price": "8 999", "price_per_unit": "1 KG=2520 Ft", "product_url": "https://webshop.fressnapf.hu/termekek/monge-puppy-szaraz-kutyaeledel-lazacrizs-25kg/", "product_description": "Teljes értékű állateledel minden méretű kölyökkutya számára. Az első számú összetevő a lazac, és az XOS (xylo-oligoszacharidok), a prebiotikumok, amelyek megtartják a bélrendszer megfelelő funkcióját. Articsóka kivonatot, echinaceát, oregánt és fokhagymát tartalmaz, amelyek serkentik az immunrendszert és védi a májat. Kondroitint, glükózamint, kalciumot és foszfort tartalmaz, amelyek segítik az ízületek és izmok jobb működését. Összetétel: Hal (friss lazac 10%, dehidratált 26%), rizs, burgonyafehérje koncentrátum, kukorica, cukorrépapép, kukorica glutén, sörélesztő (MOS és B12-vitamin forrás), hidrolizált állati fehérjék, állati zsírok (csirkeolaj zsírtartalma 99,6% , természetes eredetű antioxidánsokkal tartósított), zselé (gazdag nemes rostokban), XOS (xiloligoszacharidok 3 g / kg), hidrolizált élesztő (MOS), yucca schidigera, spirulina, hidrolizált porc (chondroitin szulfát forrás), hidrolizált rákfélék glükózamin), metil-szulfonil-metán, echinacea-gyökér, oregán, porított szárított fokhagyma. Analitikai összetevők: Nyersfehérje 31,00%, nyersolajok és zsírok 18,00%, nyers rost 2,00%, nyers hamu 6,00%, kalcium 1,40%, foszfor 1,10%, omega 6 esszenciális zsírsavak 5,00%, omega 3 esszenciális zsírsavak 0,65%, metabolizálható energia 4 260 kcal / kg. Táplálékkiegészítők / kg: A-vitamin 26 000 NE, D3-vitamin 1,800 NE, E-vitamin 200 mg, B1-vitamin 22 mg, B2-vitamin 25 mg, B6-vitamin 12 mg, B12-vitamin 230 mg, Biotin 30 mg, Niacin 80 mg, C-vitamin 130 mg, pantoténsav 30 mg, folsav 2,90 mg, kolin-klorid 3,600 mg, 3,60 mg inozitol, 36 mg mangán-szulfát-monohidrát, 170 mg E6 cink-oxid, E4 rézszulfát 10 mg pentahidrát, E1 vas-szulfát-monohidrát 110 mg, E8 Nátrium-szelenit 0,20 mg, E2 kalcium-jodát 3,50 mg, 128 mg L-karnitin, DL-metionin technikailag tiszta 1,4 g. Technológiai adalékok: A tokoferolok és a rosmarinus officinalis kivonatainak természetes keveréke. Organoleptikus adalékok: 20 mg természetes gesztenyeextraktum, 300 g articsóka kivonat Tovább olvasok"}
{"breadcrumb": "Főoldal/Kutya/Eledelek/Száraz eledelek/MONGE puppy száraz kutyaeledel marha&rizs 2,5kg", "product_name": "MONGE puppy száraz kutyaeledel marha&rizs 2,5kgMONGE puppy száraz kutyaeledel marha&rizs 2,5kg", "brand": "MONGE1,1kg – 4kgKölyökmarha&borjú", "regular_price": "9 999", "selling_price": "8 999", "price_per_unit": "1 KG=2520 Ft", "product_url": "https://webshop.fressnapf.hu/termekek/monge-puppy-szaraz-kutyaeledel-marharizs-25kg/", "product_description": "A Monge Natural Superpremium All breeds Puppy és Junior Beef with Rice egy teljes értékű állateledel minden méretű kölyökkutya számára. Az első számú összetevő a marhahús, a táp összetételét pedig a friss hús hozzáadásának köszönhetően a könnyű emészthetőség és az ízletesség jellemzi. A receptúrát új generációs XOS-szal (Xylo-oligoszacharidok) is kiegészítették, amelyek prebiotikumok a bélrendszer egészségének támogatására. Articsóka kivonatot, echinaceát, oregánt és fokhagymát tartalmaz, amelyek serkentik az immunrendszert és védi a májat. A készítmény továbbá glükozamint és kondroitin-szulfátot tartalmaz az ízületek fejlődésének támogatására, valamint a kalcium/foszfor kiegyensúlyozott aránya a csontozat és az ízületek optimális fejlődéséhez a kölyökkutyák számára. Hozzáadott színezékek és mesterséges tartósítószerek nélkül. ÖSSZETÉTEL: Marhahús (szárított 30%, friss hús 10%), rizs (15%), kukorica, állati zsiradék (99,5%-ban tisztított csirkeolaj), burgonyafehérje, sörélesztő, burgonya, szárított répapép, hidrolizált állati fehérjék (máj), halolaj (lazacolaj), ásványi anyagok, élesztőtermékek (mannano-oligoszacharidok MOS 1%), xilo-oligoszacharidok (XOS 0. 3%), yucca schidigera (0,3%), algadara (spirulina – Arthrospira platensis 0,3%), növények feldolgozásából származó termékek (Echinacea purpurea gyökere 0,2%, Origanum Vulgare 0,1%), szárított fokhagyma (0,2%), glükozamin (0,057%), kondroitin-szulfát (0,04%). ANALITIKAI ÖSSZETEVŐK: Nyersfehérje: 31%, nyersrost: 2%, nyerszsír: 17%, nyershamu: 7%, kalcium: 1,6%, foszfor: 1,1%, kalcium/foszfor = 1,4, n-3 zsírsavak: 0,5%, n-6 zsírsavak: 4% Metabolizált energia: 4170 kcal/kg. KIEGÉSZÍTŐANYAGOK: Táplálékkiegészítők/kg: A-vitamin (retinil-acetát) 35 300 NE, D3-vitamin 1 850 NE, E-vitamin (all-rac-alfa-tokoferil-acetát) 82 mg, szelén (nátrium-szelenit 0,38 mg) 0. 17 mg, mangán (mangán-szulfát-monohidrát 80 mg) 26 mg, cink (cink-oxid 152 mg) 122 mg, réz (réz(II)-szulfát-pentahidrát 41 mg) 10,5 mg, vas (vas(II)-szulfát-monohidrát 266 mg) 87,5 mg, jód (kalcium-jodát vízmentes 2,1 mg) 1,4 mg, L-karnitin: 100 mg, DL-metionin (technikailag tiszta) 1,500 mg. TECHNOLÓGIAI ADALÉKANYAGOK: Antioxidánsok: Tokoferol kivonatok növényi olajokból. ÉRZÉKSZERVI ADALÉKANYAGOK: Gesztenye kivonat (Castanea sativa) 20 mg/kg, Articsóka kivonat (Cynara scolymus L.) 300 mg/kg. Tovább olvasok"}
{"breadcrumb": "Főoldal/Kutya/Eledelek/Gyógyhatású eledelek/MONGE száraz kutyaeledel bőrgyulladásra 2kg", "product_name": "MONGE száraz kutyaeledel bőrgyulladásra 2kgMONGE száraz kutyaeledel bőrgyulladásra 2kg", "brand": "MONGEVetSolutionFelnőtthal&tenger gyümölcseibőr&szőr ápoló", "regular_price": "7 194", "selling_price": "5 394", "price_per_unit": "1 kg=5000 Ft", "product_url": "https://webshop.fressnapf.hu/termekek/monge-szaraz-kutyaeledel-borgyulladasra-2kg/", "product_description": "A Monge VetSolution Dermatosis Canine egy teljes értékű diétás eledel kutyák számára, amelyet a bőrműködés támogatására fejlesztettek ki dermatózis és túlzott szőrhullás esetén. Dinnyelé-koncentrátumot tartalmaz a szabad gyökök semlegesítésére, Aloe Verát a bőr támogatására és Xylo-oligoszacharidokat (XOS) a bélmikrobióta megőrzésére. A készítmény nagy mennyiségű linolsavat (AL), az eikozapentaénsav (EPA) és a dekozahexaénsav (DHA) összegét tartalmazza. Összetétel: Hidrolizált lazacfehérje (23%), szárított borsó, tápióka, burgonya, állati zsír (kacsaolaj)*, borsórost, állati zsír (csirkeolaj)*, halolaj (lazacolaj)*, szentjánoskenyérpor, ásványi sók, sörélesztő, Xylo-oligoszacharidok (XOS 0,4%), Aloe vera (0,06%), friss gyümölcs- és zöldségfeldolgozás termékei és melléktermékei (dinnyelevek koncentrátuma – Cucumis melo cantalupensis – szuperoxid-dizmutáz forrás – 0,005%). * 99,6%-ban tisztítva és természetes antioxidánsokkal tartósítva. Analitikai összetevők: Nyersfehérje: 23% – Nyersrost: 7% – Nyerszsír: 17% – Nyershamu: 6,3% – Eikozapentaénsav és dekozahexaénsav összege: 0,84% – Linolsav: 4,35%. Táplálékkiegészítők: A-vitamin (retinil-acetát) 25 000 NE, D3-vitamin 1. 500 NE, szelén (nátrium-szelenit 0,22 mg) 0,1 mg, mangán (mangán-szulfát-monohidrát 64 mg) 20,8 mg, réz (réz(II)-szulfát-pentahidrát 32 mg) 8,2 mg, vas (vas(II)-szulfát-monohidrát 210 mg) 69 mg, jód (kalcium-jodát vízmentes 6 mg) 4 mg, L-karnitin: 200 mg. TECHNOLÓGIAI ADAGOK: Tokoferol kivonatok növényi olajokból. Tovább olvasok"}
{"breadcrumb": "Főoldal/Kutya/Eledelek/Gyógyhatású eledelek/MONGE száraz kutyaeledel gyomor&emésztőrendszeri problémákra 2kg", "product_name": "MONGE száraz kutyaeledel gyomor&emésztőrendszeri problémákra 2kgMONGE száraz kutyaeledel gyomor&emésztőrendszeri problémákra 2kg", "brand": "MONGEVetSolutionFelnőttszárnyasérzékeny emésztésű", "regular_price": "7 194", "selling_price": "5 394", "price_per_unit": "1 kg=5000 Ft", "product_url": "https://webshop.fressnapf.hu/termekek/monge-szaraz-kutyaeledel-gyomoremesztorendszeri-problemakra-2kg/", "product_description": "A Monge VetSolution Gastrointestinal Canine Adult egy teljes értékű diétás eledel kutyák számára, amelyet a bélrendszeri felszívódási zavarok csökkentésére fejlesztettek ki. Dinnyelé-koncentrátumot tartalmaz a szabad gyökök semlegesítésére, lógesztenyét a bélrendszer támogatására és Xylo-oligoszacharidokat (XOS) a bél mikrobióta megőrzésére. Jól emészthető takarmány megnövelt nátrium- és káliumtartalommal. Összetétel: Szárított csirkehús**, tápióka, burgonya, állati zsír (csirkeolaj)*, szárított tojás**, hidrolizált lazacfehérje, szárított borsó, halolaj (lazacolaj)*, szárított hal (szardella), szentjánoskenyérpor, borsórost, szárított kacsahús, sörélesztő, szárított cukorrépapép, xylooligoszacharidok (XOS 0,4%), ásványi sók, szárított ló gesztenye (0,01%), friss gyümölcs- és zöldségfeldolgozás termékei és melléktermékei (dinnyelevek koncentrátuma – Cucumis melo cantalupensis – szuperoxid-dizmutáz forrás – 0,005%), tejfehérje por. Analitikai összetevők: Nyersfehérje: 32% – Nyersrost: 2,3% – Nyerszsír: 18% – Nyershamu: 6,7% – Nátrium: 0,2% – Kálium: 1,1% – Kloridok: 0,5%. Táplálékkiegészítők: A-vitamin (retinil-acetát) 25 000 NE, D3-vitamin 1. 600 NE, szelén (nátrium-szelenit 0,27 mg) 0,12 mg, mangán (mangán-szulfát-monohidrát 77 mg) 25 mg, réz (réz(II)-szulfát-pentahidrát 39 mg) 10 mg, vas (vas(II)-szulfát-monohidrát 249 mg) 82 mg, jód (kalcium-jodát vízmentes 7,3 mg) 4,8 mg, L-karnitin: 200 mg, taurin 1000 mg. TECHNOLÓGIAI ADAGOK: Tokoferol kivonatok növényi olajokból. Tovább olvasok"}
{"breadcrumb": "Főoldal/Kutya/Eledelek/Gyógyhatású eledelek/MONGE vesekímélő száraz kutyaeledel 2kg", "product_name": "MONGE vesekímélő száraz kutyaeledel 2kgMONGE vesekímélő száraz kutyaeledel 2kg", "brand": "MONGEVetSolution1,1kg – 4kgFelnőttszárnyasvesekímélő", "regular_price": "9999", "selling_price": "", "price_per_unit": "1 kg=5000 Ft", "product_url": "https://webshop.fressnapf.hu/termekek/monge-vesekimelo-szaraz-kutyaeledel-2kg/", "product_description": "Teljes értékű eledel kutyák számára a veseműködés támogatására krónikus vagy átmeneti veseelégtelenség esetén. Dinnyelé-koncentrátumot tartalmaz a szabad gyökök semlegesítésére, zöld teát a vesék támogatására, xilo-oligoszacharidokat (XOS) a bélmikrobióta fenntartására, a készítményt alacsony foszfor- és alacsony fehérjetartalom jellemzi. Gabonamentes formula. Összetevők: Szárított csirkehús (23 %)**, tápióka, állati zsír (kacsaolaj)*, burgonya, szárított sárgarépa, állati zsír (csirkeolaj)*, szárított répapép, szárított ananász, szárított citrusfélék pépje, hal, szárított hal (szardella)**, halolaj (lazacolaj)*, szárított kacsahús**, ásványi anyagok, Paradicsomlé-maradékok, sörélesztő, borsórost, xilo-oligoszacharidok (XOS0,4 %), szárított zöld tealevelek (0,15 %), friss gyümölcsök és zöldségek feldolgozásából származó termékek és melléktermékek (dinnyelevek koncentrátuma – Cucumis melocantalupensis – szuperoxid-dizmutáz forrás – 0,005 %), tejfehérje por. Analitikai összetevők : Nyersfehérje: 19 % – Nyersrost: 3,7 % – Nyerszsír: 19 % – Nyershamu: 5,7 % – Kalcium: 0,6 % – Foszfor: 0,36 % – Kálium 0,8 % – Nátrium; 0,18 % – n-3 zsírsavak: 0,65 % – n-6 zsírsavak: 3,85 %. Táplálékkiegészítők (kg-onként) : A-vitamin (retinil-acetát) 25 000 NE; D3-vitamin 1. 600 NE; szelén (nátrium-szelenit 0,87 mg) 0,4 mg; mangán (mangán-szulfát-monohidrát 160 mg) 52 mg; cink (cink-oxid 249 mg) 200 mg; réz [réz(II)-szulfát-pentahidrát 70 mg] 18 mg; vas [vas(II)-szulfát-monohidrát 486 mg] 160 mg; jód (vízmentes kalcium-jodát 10,8 mg) 7 mg; L-karnitin: 260 mg. Technológiai adalékanyagok : Tokoferol kivonatok növényi olajokból. Tovább olvasok"}
{"breadcrumb": "Főoldal/Kutya/Eledelek/Gyógyhatású eledelek/MONGE Vet kutya konzerv emésztőrendszeri problémákra 12x400g", "product_name": "MONGE Vet kutya konzerv emésztőrendszeri problémákra 12x400gMONGE Vet kutya konzerv emésztőrendszeri problémákra 12x400g", "brand": "MONGEVetSolution201g – 400gFelnőtthal&tenger gyümölcseiérzékeny emésztésű", "regular_price": "7 194", "selling_price": "5 394", "price_per_unit": "999 Ft", "product_url": "https://webshop.fressnapf.hu/termekek/monge-vet-kutya-konzerv-emesztorendszeri-problemakra-12x400g/", "product_description": "A MONGE VETSOLUTION CANINE GASTROINTESTINAL egy teljes értékű diétás eledel kutyák számára, amelyet a rossz emésztés kiegyenlítésére és a bélrendszeri felszívódási zavarok csökkentésére fejlesztettek ki. Nukleotidokat tartalmaz az immunrendszer erősítésére, lógesztenyét a gyomor-bélrendszer támogatására, Xylo-oligoszacharidokat (XOS) a bél mikrobióta megőrzésére. Jól emészthető, ízletes, csökkentett zsírtartalmú eledel, magasabb nátrium- és káliumtartalommal. Összetétel: Tonhal, burgonyakeményítő, halolaj (lazacolaj 2%), élesztőkészítmények (1%, ebből szabad nukleotidok hidrolizátumai 44%), ásványi anyagok, xilo-oligoszacharid (XOS 0,4%), szárított lógesztenye (0,01%). Adalékanyagok: A-vitamin (retinil-acetát) 4 375 NE/kg, D3-vitamin 245 NE/kg, E-vitamin (all-alfa-tokoferil-acetát) 29 mg/kg, cink (cink-oxid 20 mg/kg) 16 mg/kg. Analitikai összetevők: Nyersfehérje: 7,5 %, nyersrost: 0,5 %, nyerszsír: 2,5 %, nyershamu: 1,8 %, nedvesség: 80 %, nátrium: 0,2 %, kálium: 0,2 %, metabolizálható energia: 833 kcal/kg. Tovább olvasok"}
{"breadcrumb": "Főoldal/Kutya/Eledelek/Gyógyhatású eledelek/MONGE Vet kutya konzerv hipoallergén bárány 12x400g", "product_name": "MONGE Vet kutya konzerv hipoallergén bárány 12x400gMONGE Vet kutya konzerv hipoallergén bárány 12x400g", "brand": "MONGEVetSolution201g – 400gFelnőttjuh&bárány&kecskehipoallergén", "regular_price": "11988", "selling_price": "", "price_per_unit": "999 Ft", "product_url": "https://webshop.fressnapf.hu/termekek/monge-vet-kutya-konzerv-hipoallergen-barany-12x400g/", "product_description": "Teljes értékű diétás eledel kutyák számára, amelyet az összetevőkkel és tápanyagokkal szembeni intoleranciák csökkentésére fejlesztettek ki. Nukleotidokat tartalmaz a bőr regenerálódásának elősegítésére, Aloe Verát a bőr támogatására, Xylo-oligoszacharidokat (XOS) a bél mikrobióta megőrzésére. A készítményt válogatott fehérjeforrás (bárány) és korlátozott számú és válogatott szénhidrátforrás (burgonyakeményítő) jellemzi. *Egyetlen állati fehérjeforrással formulázott termék. Összetétel: Bárányhús (65%), burgonyakeményítő, élesztőtermékek (1%, ebből szabad nukleotidok hidrolizátumai 44%), ásványi anyagok, xylooligoszacharidok (XOS 0,4%), aloe vera (0,01%). Analitikai összetevők: Nyersfehérje: 7%, nyersrost: 0,5%, nyerszsír: 6,5%, nyershamu: 2%, nedvesség: 80,5%, Omega-3 zsírsavak: 0,2%, Metabolizálható energia: 1005 kcal/kg. Adalékanyagok: A-vitamin (retinol-acetát) 4500 NE/kg, D3-vitamin 252 NE/kg, E-vitamin (all-rac-alfa-tokoferil-acetát) 30 mg/kg, cink (cink-oxid 20 mg/kg) 16 mg/ kg. Tovább olvasok"}
{"breadcrumb": "Főoldal/Kutya/Eledelek/Gyógyhatású eledelek/MONGE Vet kutya konzerv hipoallergén kacsa 12x400g", "product_name": "MONGE Vet kutya konzerv hipoallergén kacsa 12x400gMONGE Vet kutya konzerv hipoallergén kacsa 12x400g", "brand": "MONGEVetSolution201g – 400gFelnőttszárnyashipoallergén", "regular_price": "7 194", "selling_price": "5 394", "price_per_unit": "999 Ft", "product_url": "https://webshop.fressnapf.hu/termekek/monge-vet-kutya-konzerv-hipoallergen-kacsa-12x400g/", "product_description": "Teljes értékű diétás eledel kutyák számára, amelyet az összetevőkkel és tápanyagokkal szembeni intoleranciák csökkentésére fejlesztettek ki. Nukleotidokat tartalmaz a bőr regenerálódásának elősegítésére, Aloe Verát a bőr támogatására, Xylo-oligoszacharidokat (XOS) a bél mikrobióta megőrzésére ÖSSZETÉTEL:  Kacsa (65%), burgonyakeményítő, élesztő termékek (1%, hidrolizátumok, amelyek szabad nukleotidjai 44%), ásványi anyagok, xilo-oligoszacharid (XOS 0,4%), Aloe vera (0,01%). ANALITIKAI ÖSSZETEVŐK:  Nyersfehérje: 7%, Nyersrost: 0,5%, Nyerszsír: 6%, Nyershamu: 1,8%, Nedvesség: 80,5%, , Omega-3 zsírsavak: 0,2%, Metabolizálható energia: 988 kcal/kg. ADALÉKANYAGOK/kg: A-vitamin (retinil-acetát) 4500 NE/kg, D3-vitamin 252 NE/kg, E-vitamin (all-rac-alfa-tokoferil-acetát) 30 mg/kg, cink (cink-oxid 20 mg/kg) ) 16 mg/kg. Tovább olvasok"}
{"breadcrumb": "Főoldal/Kutya/Eledelek/Gyógyhatású eledelek/MONGE Vet kutya konzerv hipoallergén sertés 12x400g", "product_name": "MONGE Vet kutya konzerv hipoallergén sertés 12x400gMONGE Vet kutya konzerv hipoallergén sertés 12x400g", "brand": "MONGEVetSolution201g – 400gFelnőttsertéshipoallergén", "regular_price": "11988", "selling_price": "", "price_per_unit": "999 Ft", "product_url": "https://webshop.fressnapf.hu/termekek/monge-vet-kutya-konzerv-hipoallergen-sertes-12x400g/", "product_description": "Teljes értékű diétás eledel kutyák számára, amelyet az összetevőkkel és tápanyagokkal szembeni intoleranciák csökkentésére fejlesztettek ki. Nukleotidokat tartalmaz a bőr regenerálódásának elősegítésére, Aloe Verát a bőr támogatására, Xylo-oligoszacharidokat (XOS) a bél mikrobióta megőrzésére Összetétel: sertéshús (65%), burgonyakeményítő, élesztőtermékek (1%, ebből szabad nukleotidok hidrolizátumai 44%), ásványi anyagok, xilo-oligoszacharid (XOS 0,4%), aloe vera (0,01%). Analitikai összetevők: Nyersfehérje: 7,5 %, nyersrost: 0,5 %, nyerszsír: 8,5 %, nyershamu: 2 %, nedvesség: 80 %, Omega-3 zsírsavak: 0,2 %, energiaérték: 1124 kcal/kg. Adalékanyagok: A-vitamin (retinil-acetát) 4500 NE/kg, D3-vitamin 252 NE/kg, E-vitamin (all-alfa-tokoferil-acetát) 30 mg/kg, cink (cink-oxid 20 mg/kg) 16 mg/kg. Tovább olvasok"}
{"breadcrumb": "Főoldal/Kutya/Eledelek/Gyógyhatású eledelek/MONGE Vet kutya konzerv hipoallergén tonhal 12x400g", "product_name": "MONGE Vet kutya konzerv hipoallergén tonhal 12x400gMONGE Vet kutya konzerv hipoallergén tonhal 12x400g", "brand": "MONGEVetSolution201g – 400gFelnőtthal&tenger gyümölcseihipoallergén", "regular_price": "11988", "selling_price": "", "price_per_unit": "999 Ft", "product_url": "https://webshop.fressnapf.hu/termekek/monge-vet-kutya-konzerv-hipoallergen-tonhal-12x400g/", "product_description": "Teljes értékű diétás eledel kutyák számára, amelyet az összetevőkkel és tápanyagokkal szembeni intoleranciák csökkentésére fejlesztettek ki. Nukleotidokat tartalmaz a bőr regenerálódásának elősegítésére, Aloe Verát a bőr támogatására, Xylo-oligoszacharidokat (XOS) a bél mikrobióta megőrzésére Összetétel: Tonhal (65%), halolaj (lazacolaj)**, burgonyakeményítő, élesztőkészítmények (1%, ebből szabad nukleotidok hidrolizátumai 44%), ásványi anyagok, xilo-oligoszacharid (XOS 0,4%), aloe vera (0,01%). Analitikai összetevők: Nyersfehérje: 8,5%, nyersrost: 0,5%, nyerszsír: 3,5%, nyershamu: 1,8%, nedvesség: 80,5%, Omega-3 zsírsavak: 0,5%, Omega-6 esszenciális zsírsavak (linolsav): 0,6%, metabolizálható energia: 863 kcal/kg. Adalékanyagok: A-vitamin (retinil-acetát) 4 375 NE/kg, D3-vitamin 245 NE/kg, E-vitamin (all-alfa-tokoferil-acetát) 29 mg/kg, cink (cink-oxid 20 mg/kg) 16 mg/kg. Tovább olvasok"}
{"breadcrumb": "Főoldal/Kutya/Eledelek/Gyógyhatású eledelek/MONGE Vet kutya konzerv súlycsökkentő 12x400g", "product_name": "MONGE Vet kutya konzerv súlycsökkentő 12x400gMONGE Vet kutya konzerv súlycsökkentő 12x400g", "brand": "MONGEVetSolution201g – 400gFelnőtthal&tenger gyümölcseisúlycsökkentő diéta", "regular_price": "11988", "selling_price": "", "price_per_unit": "999 Ft", "product_url": "https://webshop.fressnapf.hu/termekek/monge-vet-kutya-konzerv-sulycsokkento-12x400g/", "product_description": "Teljes értékű diétás eledel kutyák számára, amelyet a túlsúly csökkentésére és a glükózellátás (cukorbetegség) szabályozására fejlesztettek ki. Nukleotidokat tartalmaz az immunrendszer erősítésére, útifűmagvakat a gyomorürülés késleltetésére és a jóllakottság kiváltására, valamint Xylo-oligoszacharidokat (XOS) a bél mikrobióta megőrzésére ÖSSZETÉTEL: tonhal, burgonyakeményítő, halolaj (lazacolaj 2%), élesztőtermékek (1%, ebből szabad nukleotidok hidrolizátumai 44%), ásványi anyagok, xilo-oligoszacharid (XOS 0 ,4%), útifűmagvak (0,2%). Szénhidrátforrás: burgonyakeményítő. ANALITIKAI ÖSSZETEVŐK: Nyersfehérje: 9,5%, nyersrost: 1,5%, nyerszsír: 2%, nyershamu: 1,8%, nedvesség: 80%, keményítő: 2,2% , Összes cukor: 0,1%, Metabolizálható energiaérték: 685 kcal/kg Adalékanyagok/kg: A-vitamin (retinil-acetát) 4 375 NE/kg, D3-vitamin 245 NE/kg, E-vitamin (all-rac-alfa-tokoferil-acetát) 29 mg/kg, cink (cink-oxid 20 mg/kg) 16 mg/kg. Tovább olvasok"}
{"breadcrumb": "Főoldal/Kutya/Eledelek/Gyógyhatású eledelek/MONGE Vet kutya tálka emésztőrendszeri problémákra 24x150g", "product_name": "MONGE Vet kutya tálka emésztőrendszeri problémákra 24x150gMONGE Vet kutya tálka emésztőrendszeri problémákra 24x150g", "brand": "MONGEVetSolution101g – 200gFelnőttmalacpástétomérzékeny emésztésűtálka", "regular_price": "7 194", "selling_price": "5 394", "price_per_unit": "499 Ft", "product_url": "https://webshop.fressnapf.hu/termekek/monge-vet-kutya-talka-emesztorendszeri-problemakra-150g/", "product_description": "A MONGE VETSOLUTION GASTROINTESTINAL kutya Low Fat* teljes értékű diétás állateledel kutyák számára, a bél felszívódási zavarainak csökkentésére és az emésztési zavarok kompenzálására. Nukleotidokat tartalmaz az immunrendszer támogatására, vadgesztenyét a bélrendszer támogatására, Xylo-oligoszacharidokat (XOS) a bél mikrobiológiai védelmére. Jól emészthető eledel, fokozott nátrium- és káliumtartalommal. Összetétel: sertésmáj (20%), szárított borsó, szárított tojás (4%), tápióka, ásványi anyagok, halolaj (99,5%-os tisztítású lazacolaj), burgonyafehérje, hidrolizált élesztő 1%(ebből 44%szabad nukleotid), plantago mag (0,5%), xilo-oligoszacharid (0,4%), borsószál, szárított vadgesztenye (0,01%). Jól emészthető összetevők: sertésmáj és tojás. Analitikai összetevők: Nyersfehérje: 6,5% – Nyersrost: 0,5% – Nyerszsír: 3,6% – Nyershamu: 0,9% – Nedvesség: 76% – Nátrium: 0,09% – Kálium: 0,2%. Metabolizálható energia: 1080 kcal/kg. Adalékanyagok/kg: Tápértékkel rendelkező adalékanyagok: D3-vitamin 450 NE, E-vitamin (all-rac-alfa-tokoferil-acetát) 50 mg, szelén (0,08 mg/kg nátrium-szelenit) 0,04 mg, mangán (mangán-szulfát-monohidrát 27,6 mg/kg) 9 mg, cink (cink -oxid 52 mg/kg) 42 mg, réz (réz (II) -szulfát -pentahidrát 13 mg/kg) 3 mg, vas (vas (II) -szulfát -monohidrát 42 mg/kg) 14 mg, jód (kalcium vízmentes jodát (2,7 mg/kg) 1,8 mg, L-cisztin: 600 mg, műszakilag tiszta DL-metionin: 300 mg, L-karnitin: 300 mg, taurin: 200 mg. Etetési útmutató: Használat előtt kérje ki állatorvos véleményét. Adjon 600 g-ot naponta egy 10 kg -os felnőtt kutyának. Ajánlott felhasználási idő: krónikus hasnyálmirigy elégtelenség esetén kezdetben legfeljebb 12 hét. Szobahőmérsékleten tálaljuk. Felbontás után hűtőszekrényben tárolandó és 24 órán belül felhasználandó. Tovább olvasok"}
{"breadcrumb": "Főoldal/Kutya/Eledelek/Gyógyhatású eledelek/MONGE Vet kutya tálka felépülést segítő 24x150g", "product_name": "MONGE Vet kutya tálka felépülést segítő 24x150gMONGE Vet kutya tálka felépülést segítő 24x150g", "brand": "MONGEVetSolution101g – 200gFelnőttvegyespástétomfelépülést segítőtálka", "regular_price": "11976", "selling_price": "", "price_per_unit": "499 Ft", "product_url": "https://webshop.fressnapf.hu/termekek/monge-vet-kutya-talka-felepulest-segito-150g/", "product_description": "A MONGE VETSOLUTION RECOVERY CANINE egy teljes értékű diétás állateledel kutyák számára, amely elősegíti az etetés helyreállítását, és a lábadozást. Nukleotidokat tartalmaz, amelyek támogatják az immunrendszert, bogáncsmagot a lábadozás felgyorsítására, Xilo-oligoszacharidokat (XOS) a bél mikrobiológiai védelmére. A készítményt nagy energiasűrűség, esszenciális tápanyagok magas koncentrációja és jól emészthető összetevők jellemzik. Összetétel: csirkemáj (20%), sertéshús, burgonyafehérje, szárított tojás (4%), tápióka, ásványi anyagok, halolaj (99,5%-ban tisztított lazacolaj), állati zsír (99,5%-ban tisztított sertészsír), hidrolizált élesztő 1%(ebből 44%szabad nukleotid), xilo-oligoszacharid (0,4%), bogáncsmag (0,03%). Jól emészthető összetevők (> 85%): csirkemáj és tojás. Analitikai összetevők: Nyersfehérje: 10,1% – Nyersrost: 0,3% – Nyerszsír: 7,1% – Nyershamu: 1,4% – Nedvesség: 76% – n -3 zsírsavak: 0,2% – n -6 zsírsavak: 1,3%. Metabolizálható energia: 1230 kcal/kg. Adalékanyagok/kg: Tápértékkel rendelkező adalékanyagok: D3-vitamin 450 NE, E-vitamin (all-rac-alfa-tokoferil-acetát) 50 mg, szelén (0,08 mg/kg nátrium-szelenit) 0,04 mg, mangán (mangán-szulfát-monohidrát 27,6 mg/kg) 9 mg, cink (cink -oxid 52 mg/kg) 42 mg, réz (réz (II) -szulfát -pentahidrát 13 mg/kg) 3 mg, vas (vas (II) -szulfát -monohidrát 42 mg/kg) 14 mg, jód (kalcium vízmentes jodát 2,7 mg/kg) 1,8 mg, L-cisztin: 600 mg, L-metionin technikailag tiszta: 300 mg, L-karnitin: 300 mg, taurin: 200 mg. Etetési útmutató: javasolt állatgyógyászati felügyelet mellett történő adagolása. Javasolt a termék használata a teljes felépülésig. Naponta 500 g -ot adjon egy 10 kg -os felnőtt kutyának, legalább 4 étkezésre osztva. Speciális textúra kifejezetten a lábadozási időszakra. Felbontás után hűtőszekrényben tartandó és 24 órán belül felhasználandó. Tovább olvasok"}
{"breadcrumb": "Főoldal/Kutya/Eledelek/Nedves eledelek/Morando Super Pet Food kutya tálka adult mini 8+ bárány 22x150g", "product_name": "Morando Super Pet Food kutya tálka adult mini 8+ bárány 22x150gMorando Super Pet Food kutya tálka adult mini 8+ bárány 22x150g", "brand": "MORANDOSPF101g – 200gFelnőttjuh&bárány&kecsketálka", "regular_price": "8 994", "selling_price": "8 394", "price_per_unit": "629 Ft", "product_url": "https://webshop.fressnapf.hu/termekek/morando-super-pet-food-kutya-talka-adult-mini-8-barany-22x150g/", "product_description": "A vitalitást fenntartó táplálékbevitelt egy ellenállhatatlan ízzel kombinálja, hogy csábítsa a kifinomult ízlésüket. ÖSSZETÉTEL: Hús és húskészítmények (bárány 26%), ásványi anyagok, növényi eredetű melléktermékek (máriatövismagliszt 100 mg/kg, dehidratált zöld tea 70 mg/kg, dehidratált ördögkarom 35 mg/kg). ANALITIKAI ÖSSZETEVŐK: Nedvesség 82%, nyersfehérje 9,5%, nyerszsír 4%, nyersrost 0,3%, nyershamu 1,5%. Táplálkozási adalékanyagok/kg: E-vitamin 23,7 mg, cink (cink-szulfát-monohidrát) 2,1 mg, réz (réz(II)-szulfát-pentahidrát) 2,0 mg, mangán (mangán-szulfát) 2,0 mg, mangán-monohidrát) 2,1 mg, jód (kálium-jodid) 0,4 mg. Tovább olvasok"}
{"breadcrumb": "Főoldal/Kutya/Eledelek/Nedves eledelek/Morando Super Pet Food kutya tálka adult mini lazac 22x150g", "product_name": "Morando Super Pet Food kutya tálka adult mini lazac 22x150gMorando Super Pet Food kutya tálka adult mini lazac 22x150g", "brand": "MORANDOSPF101g – 200gFelnőtthal&tenger gyümölcseitálka", "regular_price": "5 094", "selling_price": "4 794", "price_per_unit": "629 Ft", "product_url": "https://webshop.fressnapf.hu/termekek/morando-super-pet-food-kutya-talka-adult-mini-lazac-22x150g/", "product_description": "Morando SuperPetFood gabonamentes eledel kis termetű kutyák számára. Antioxidánsokban, vitaminokban, rostokban, ásványi anyagokban és esszenciális zsírsavakban gazdag. Összetétel: Hal és hal melléktermékek (lazac 26%), hús és hal melléktermékek, ásványi anyagok, növényi eredetű melléktermékek (dehidratált kurkuma 70 mg/kg), gyümölcsök (dehidratált áfonya 70 mg/kg, dehidratált goji bogyó 35 mg/kg). Analitikai összetevők: Nedvesség 82%, nyersfehérje 9,8%, nyerszsír 4,8%, nyersrost 0,3%, nyershamu 1,5%. Tovább olvasok"}
{"breadcrumb": "Főoldal/Kutya/Eledelek/Nedves eledelek/Morando Super Pet Food kutya tasak adult lazac 24x80g", "product_name": "Morando Super Pet Food kutya tasak adult lazac 24x80gMorando Super Pet Food kutya tasak adult lazac 24x80g", "brand": "MORANDOSPF0g – 100gFelnőtthal&tenger gyümölcseitasak", "regular_price": "8 994", "selling_price": "8 394", "price_per_unit": "399 Ft", "product_url": "https://webshop.fressnapf.hu/termekek/morando-super-pet-food-kutya-tasak-adult-lazac-24x80g/", "product_description": "Az igényes ízlést egy különösen étvágygerjesztő és könnyen emészthető étellel elégíti ki. ÖSSZETÉTEL: Hal és halszármazékok (lazac 26%), hús és halszármazékok, ásványi anyagok, növényi eredetű melléktermékek (dehidratált yucca 70 mg/kg, porított yucca 70 mg/kg) dehidratált aloe 35 mg/kg), gyümölcs (dehidratált gránátalma 70 mg/kg). ANALITIKAI ÖSSZETEVŐK: Nedvesség 82%, nyersfehérje 9,8%, nyerszsír 4,8%, nyersrost 0,3%, nyershamu 1,5%. Táplálkozási adalékanyagok/kg: D3-vitamin 177,5 NE, E-vitamin 17,7 mg, cink (cink-szulfát-monohidrát) 1,3 mg, mangán (mangán-szulfát) 1,3 mg monohidrát) 0,8 mg, jód (kálium-jodid) 0,2 mg Tovább olvasok"}
{"breadcrumb": "Főoldal/Kutya/Eledelek/Táplálékkiegészítők&vitaminok/Moveflex ízületvédő tabletta kutyák számára 60db", "product_name": "Moveflex ízületvédő tabletta kutyák számára 60dbMoveflex ízületvédő tabletta kutyák számára 60db", "brand": "MoveflexFelnőtttablettaízület védelem", "regular_price": "9999", "selling_price": "", "price_per_unit": "1 db=167 Ft", "product_url": "https://webshop.fressnapf.hu/termekek/moveflex-izuletvedo-tabletta-kutyak-szamara-60db/", "product_description": "A Moveflex egy komplett összetételű porcvédő tabletta, mely a fontos tápanyagok biztosítása révén hozzájárul a nagytestű kutyák intenzív növekedési fázisában, a megfelelő ízületi fejlődéshez, biztosítja az ízületi porcok tartós védelmét és segíti azok egészségét, regenerációját. Ízületvédő kiegészítő állateledel kutyák részére. – Visszaadja a mozgás szabadságát – Támogatja az ízületek fejlődését – Ízületi elváltozások ellen Összetétel: 1500 mg glükozamin-szulfát, 100 mg MSM, 50 mg hialuronsav Adagolás/alkalmazási útmutató: Napi mennyiség kutyáknak: 10 kg-ig: 1/4 tabletta 10 és 30 kg között: 1/2 tabletta 30 és 40 kg között: 3/4 tabletta 40 kg felett: 1 tabletta Napi mennyiség nagytestű macskáknak: 1/4 tabletta Alkalmazásának eredményessége akár 2 hét után megfigyelhető, a kívánt hatás elérése érdekében célszerű a tablettát legalább 3 hónapon át folyamatosan alkalmazni. Tovább olvasok"}
{"breadcrumb": "Főoldal/Kutya/Eledelek/Száraz eledelek/MultiFit Benissimo kutya szárazeledel adult 12kg", "product_name": "MultiFit Benissimo kutya szárazeledel adult 12kgMultiFit Benissimo kutya szárazeledel adult 12kg", "brand": "MultiFitBenissimo10,1 – 12kgFelnőttmarha&borjú", "regular_price": "12 999", "selling_price": "9 999", "price_per_unit": "1 kg=833 Ft", "product_url": "https://webshop.fressnapf.hu/termekek/multifit-k-szaraz-benissimo/", "product_description": "Teljes értékű állateledel kifejlett kutyáknak – hozzáadott mesterséges ízfokozók és szója nélkül. A MultiFit Benissimo kiegyensúlyozott teljes értékű állateledel, és pontosan a mindennapokban szükséges tápanyagokkal látja el kutyáját. A ropogós és extra puha krokettek kombinációja különösen ízletes. Ezen felül a friss hús értékes fehérjét biztosít. A fontos ásványi anyagok és az E-vitamin pedig elősegíti kutyája csontozatának és fogazatának erősödését. Összetétel: gabona (kukorica 9%), hús és állati eredetű melléktermékek (4% marhából a piros krokettekben, 4% friss marhahús a puha krokettekben), növényi eredetű melléktermékek, olajok és zsírok, zöldség (4% zöldborsó a zöld krokettekben, 4% karotta a narancsszínű krokettekben), ásványi anyagok (0,5%), cukrok, élesztők. Analitikai összetevők: fehérje 23%, zsírtartalom 10%, nyershamu 9%, nyersrost 3%. Adalékanyagok: Tápértékkel rendelkező adalékanyagok/kg: A-vitamin 11000 NE, D3-vitamin 1100 NE, E-vitamin 110mg, réz (réz-szulfát, pentahidrát) 22,5mg, vas (vas-karbonát) 27mg, jód (kalcium-jódát, száraz) 0,5mg, mangán (mangán(II)-oxid) 2mg, szelén (nátrium-szelenit) 0,03mg, cink (cink-oxid) 30mg. Antioxidánsok, tartósítószerek; színezékek. Tovább olvasok"}
{"breadcrumb": "Főoldal/Kutya/Eledelek/Jutalomfalatok&rágcsák/MultiFit Celebration kutya jutalomfalat puffasztott rizs 4x100g", "product_name": "MultiFit Celebration kutya jutalomfalat puffasztott rizs 4x100gMultiFit Celebration kutya jutalomfalat puffasztott rizs 4x100g", "brand": "MultiFitCelebration, Valentin-nap0g – 100gFelnőttszárnyasropogós falatok", "regular_price": "3796", "selling_price": "", "price_per_unit": "949 Ft", "product_url": "https://webshop.fressnapf.hu/termekek/multifit-celebration-kutya-jutalomfalat-puffasztott-rizs-100g/", "product_description": "MultiFit Celebration puffasztott rizs kutyáknak. Tökéletes kutyacsemege. Kiegészítő eledel kutyáknak – hozzáadott színezékek és aromaanyagok nélkül. Összetétel: hosszú szemű rizs 99%, csirkemáj-fehérje 0,7% (hidrolizált), élesztő, cukor, szilícium-dioxid. Analitikai összetevők: fehérje 8%, zsírtartalom 0,8%, nyershamu 1,3%, nyersrost 0,7%. Etetési javaslat: csemegeként, a fő eledel kiegészítésére. A fő eledel mennyisége szükség szerint csökkenthető. Nem alkalmas önálló eledelként. Nyomokban egyéb összetevőket is tartalmazhat. Tovább olvasok"}
{"breadcrumb": "Főoldal/Kutya/Eledelek/Jutalomfalatok&rágcsák/MultiFit Celebration kutya keksz csirke 100g", "product_name": "MultiFit Celebration kutya keksz csirke 100gMultiFit Celebration kutya keksz csirke 100g", "brand": "MultiFitCelebration, Valentin-nap0g – 100gFelnőttszárnyaskeksz", "regular_price": "949", "selling_price": "", "price_per_unit": "1 kg=9490 Ft", "product_url": "https://webshop.fressnapf.hu/termekek/multifit-celebration-kutya-keksz-csirke-100g/", "product_description": "MultiFit Celebration Kutyakeksz csirkével. A tökéletes csemege kutyája megünneplésére – minden nap vagy különleges alkalmakkor. Kiegészítő eledel kifejlett kutyáknak – hozzáadott tartósítószerek és mesterséges aromaanyagok nélkül. Összetétel: búzaliszt, csirkemell 24,5%, kukoricakeményítő, maltodextrin, pálmaolaj, amerikai mogyoróvaj, glicerin, csirkemáj 0,6%, nyers lecitinek, só. Analitikai összetevők: fehérje 11%, zsírtartalom 7%, nyershamu 2%, nyersrost 1%. Adalékanyagok/kg: érzékszervi tulajdonságokat javító alapanyagok: színezékek. Etetési javaslat: csemegeként, a fő eledel kiegészítésére. A fő eledel mennyisége szükség szerint csökkenthető. Nem alkalmas önálló eledelként. Tovább olvasok"}
{"breadcrumb": "Főoldal/Kutya/Eledelek/Jutalomfalatok&rágcsák/MultiFit DentalCare kutya jutalomfalat adult L 4x270g 28db", "product_name": "MultiFit DentalCare kutya jutalomfalat adult L 4x270g 28dbMultiFit DentalCare kutya jutalomfalat adult L 4x270g 28db", "brand": "MultiFitFelnőttmenta és gyógynövényekfogápolásfogápolásnagytestű 26kg-tól", "regular_price": "2999", "selling_price": "", "price_per_unit": "1 db=107 Ft", "product_url": "https://webshop.fressnapf.hu/termekek/multifit-mint-dentalcare-fogtisztito-rudak-l-28db-os-1080-g/", "product_description": "Praktikus havi adagoló dobozban Különböző méretek a különböző fajtákhoz Egészséges fogak, friss lehelet MultiFit Dental Snacks kutyája napi fogápolásához. Kutyája napi fogápolásával támogatja a fogak egészségét és a friss leheletet. Ezenkívül a fogkő és a fogászati betegségek megelőzhetők. Az előnyök áttekintése: speciális szerkezete révén a rágás során segíthet a lepedék csökkentésében, erősíti az ínyt és frissíti a leheletet a borsmentával és a petrezselyemmel. Fogápoló snack kutyáknak kb. 8 hónapos kortól (a fogváltás befejezése után) praktikus havi adagoló dobozban A Multifit Dental Sticks Multipack csomagok négyféle méretben kaphatók: S: Kis termetű fajták számára, 28 db pálcika M: közepes fajtákhoz, 28 db pálcika L: nagytestű fajták számára, 28 pálcika XL: nagyon nagytestű fajták számára, 20 db pálcika Kiegészítő eledel kutyák számára. Bővebb információk az webshop@fressnapf.hu címen kérhetők. Analitikai összetevők 16% fehérje, 2% zsírtartalom, 8% nyershamu, 1,5% nyersrost, 2,1% kalcium, 1,3% foszfor. Összetétel Gabonafélék, növényi eredetű melléktermékek (2% borsmenta, 2% petrezselyem), Hús és állati eredetű melléktermékek, növényi eredetű fehérjekivonatok, ásványi anyagok. Adalékanyag/kg Tartósítószerek, színezékek. Táplálási javaslat Táplálási javaslat: 1 stick/nap. Szükség szerint csökkenteni kell az eledel mennyiségét. Javasoljuk, hogy fogyasztás közben felügyelje az állatot! Mindig álljon rendelkezésre friss ivóvíz. Hűvös és száraz helyen tárolja. Tovább olvasok"}
{"breadcrumb": "Főoldal/Kutya/Eledelek/Jutalomfalatok&rágcsák/MultiFit DentalCare kutya jutalomfalat adult M 4x180g 28db", "product_name": "MultiFit DentalCare kutya jutalomfalat adult M 4x180g 28dbMultiFit DentalCare kutya jutalomfalat adult M 4x180g 28db", "brand": "MultiFitFelnőttmenta és gyógynövényekfogápolásfogápolásközepes testű 11-25kg", "regular_price": "2499", "selling_price": "", "price_per_unit": "1 db=89 Ft", "product_url": "https://webshop.fressnapf.hu/termekek/multifit-mint-dentalcare-fogtisztito-rudak-m-28db-os-720g/", "product_description": "Praktikus havi adagoló dobozban Különböző méretek a különböző fajtákhoz Egészséges fogak, friss lehelet MultiFit Dental Snacks kutyája napi fogápolásához. Kutyája napi fogápolásával támogatja a fogak egészségét és a friss leheletet. Ezenkívül a fogkő és a fogászati betegségek megelőzhetők. Az előnyök áttekintése: speciális szerkezete révén a rágás során segíthet a lepedék csökkentésében, erősíti az ínyt és frissíti a leheletet a borsmentával és a petrezselyemmel. Fogápoló snack kutyáknak kb. 8 hónapos kortól (a fogváltás befejezése után) praktikus havi adagoló dobozban A Multifit Dental Sticks Multipack csomagok négyféle méretben kaphatók: S: Kis termetű fajták számára, 28 db pálcika M: közepes fajtákhoz, 28 db pálcika L: nagytestű fajták számára, 28 pálcika XL: nagyon nagytestű fajták számára, 20 db pálcika Kiegészítő eledel kutyák számára. Bővebb információk az webshop@fressnapf.hu címen kérhetők. Analitikai összetevők 16% fehérje, 2% zsírtartalom, 8% nyershamu, 1,5% nyersrost, 20% nedvességtartalom, 2,1% kalcium, 1,3% foszfor. Összetétel Gabonafélék, növényi eredetű melléktermékek(2% borsmenta, 2% petrezselyem), Hús és állati eredetű melléktermékek, növényi eredetű fehérjekivonatok, ásványi anyagok. Adalékanyag/kg Tartósítószerek, színezékek. Táplálási javaslat Táplálási javaslat 1 stick/nap. Szükség szerint csökkenteni kell az eledel mennyiségét. Javasoljuk, hogy fogyasztás közben felügyelje az állatot! Mindig álljon rendelkezésre friss ivóvíz. Hűvös és száraz helyen tárolja. Tovább olvasok"}
{"breadcrumb": "Főoldal/Kutya/Eledelek/Jutalomfalatok&rágcsák/MultiFit DentalCare kutya jutalomfalat adult S 4x110g 28db", "product_name": "MultiFit DentalCare kutya jutalomfalat adult S 4x110g 28dbMultiFit DentalCare kutya jutalomfalat adult S 4x110g 28db", "brand": "MultiFitFelnőttmenta és gyógynövényekfogápolásfogápoláskistestű 10kg-ig", "regular_price": "2399", "selling_price": "", "price_per_unit": "1 db=86 Ft", "product_url": "https://webshop.fressnapf.hu/termekek/multifit-mint-dentalcare-fogtisztito-rudak-s-28db-os-440g/", "product_description": "Praktikus havi adagoló dobozban Különböző méretek a különböző fajtákhoz Egészséges fogak, friss lehelet MultiFit Dental Snacks kutyája napi fogápolásához. Kutyája napi fogápolásával támogatja a fogak egészségét és a friss leheletet. Ezenkívül a fogkő és a fogászati betegségek megelőzhetők. Az előnyök áttekintése: speciális szerkezete révén a rágás során segíthet a lepedék csökkentésében, erősíti az ínyt és frissíti a leheletet a borsmentával és a petrezselyemmel. Fogápoló snack kutyáknak kb. 8 hónapos kortól (a fogváltás befejezése után) praktikus havi adagoló dobozban A Multifit Dental Sticks Multipack csomagok négyféle méretben kaphatók: S: Kis termetű fajták számára, 28 db pálcika M: közepes fajtákhoz, 28 db pálcika L: nagytestű fajták számára, 28 pálcika XL: nagyon nagytestű fajták számára, 20 db pálcika Kiegészítő eledel kutyák számára. Bővebb információk az webshop@fressnapf.hu címen kérhetők. Analitikai összetevők 16% fehérje, 2% zsírtartalom, 8% nyershamu, 1,5% nyersrost, 20% nedvességtartalom, 2,1%kalcium, 1,3% foszfor. Összetétel Gabonafélék, növényi eredetű melléktermékek (2%borsmenta, 2% petrezselyem), Hús és állati eredetű melléktermékek, növényi eredetű fehérjekivonatok, ásványi anyagok. Adalékanyag/kg Tartósítószerek, színezékek. Táplálási javaslat Táplálási javaslat 1 stick/nap. Szükség szerint csökkenteni kell az eledel mennyiségét. Javasoljuk, hogy fogyasztás közben felügyelje az állatot! Mindig álljon rendelkezésre friss ivóvíz. Hűvös és száraz helyen tárolja. Tovább olvasok"}
{"breadcrumb": "Főoldal/Kutya/Eledelek/Jutalomfalatok&rágcsák/MultiFit DentalCare kutya jutalomfalat junior 4x60g 28db", "product_name": "MultiFit DentalCare kutya jutalomfalat junior 4x60g 28dbMultiFit DentalCare kutya jutalomfalat junior 4x60g 28db", "brand": "MultiFitKölyökmenta és gyógynövényekfogápolásfogápolás", "regular_price": "1699", "selling_price": "", "price_per_unit": "1 db=61 Ft", "product_url": "https://webshop.fressnapf.hu/termekek/multifit-mint-dentalcare-fogtisztito-rudak-junior-28db-os-252g/", "product_description": "28 pálcika praktikus havi adagoló dobozban Fogápolás kölyökkutyák számára a 8. héttől egészséges fogak, friss lehelet Fogápoló snack kölyökkutyáknak praktikus havi adagoló dobozban. A MultiFit MINT DentalCare Junior terméket már kölyökkorban adhatja és ösztönözheti kölyökkutyája rágási ösztönét. Ezenkívül a kiegyensúlyozott kalcium-foszfor arány és a megnövelt energiaérték támogatja a test, a csontok és a fogazat optimális felépítését. Fogápoló snack kölyökkutyáknak 8 hetes kortól a fogváltás befejezéséig (7-9. Hónap Ezután kérjük, váltson a MultiFit MINT DentalCare pálcikákból egy másik méretre a kutya aktuális súlyának megfelelően. A napi takarítás kifizetődő: egészséges fogak, friss lehelet megelőzi a fogkövet és a fogászati betegségeket most praktikus havi adagoló dobozban Már kölyökkortól (8 hetes kortól) Kiegészítő eledel kutyák számára, bővebb információk a következő címen kérhetők: webshop@fressnapf.hu. Analitikai összetevők 20% fehérje, 3% zsírtartalom, 5,5% nyershamu, 1,5% nyersrost, 20% nedvességtartalom, 1,6% kalcium, 1,1% foszfor. Összetétel gabonafélék, növényi eredetű melléktermékek (1% borsmenta, 1% petrezselyem), Hús és állati eredetű melléktermékek, növényi fehérje kivonatok, tej és tejtermékek (4% joghurtpor), ásványi anyagok. Adalékanyag/kg Tartósítószerek, színezékek. Táplálási javaslat A kutya mérete Táplálási javaslat/nap kis fajták 0,3-0,5 rágórúd közepes – nagytestű fajták 0,5-1 rágórúd nagyon nagytestű fajták 1 rágórúd Szükség szerint csökkenteni kell az eledel mennyiségét. Javasoljuk, hogy fogyasztás közben felügyelje az állatot! Mindig álljon rendelkezésre friss ivóvíz. Hűvös és száraz helyen tárolja. Tovább olvasok"}
{"breadcrumb": "Főoldal/Kutya/Eledelek/Jutalomfalatok&rágcsák/MultiFit DentalCare kutya jutalomfalat MP Sticks XL 20db", "product_name": "MultiFit DentalCare kutya jutalomfalat MP Sticks XL 20dbMultiFit DentalCare kutya jutalomfalat MP Sticks XL 20db", "brand": "MultiFitFelnőttmenta és gyógynövényekfogápolásfogápolásnagytestű 26kg-tól", "regular_price": "3999", "selling_price": "", "price_per_unit": "1 db=200 Ft", "product_url": "https://webshop.fressnapf.hu/termekek/multifit-dentalcare-kutya-jutalomfalat-mp-sticks-xl-20db/", "product_description": "Praktikus havi adagoló dobozban Különböző méretek a különböző fajtákhoz Egészséges fogak, friss lehelet MultiFit Dental Snacks kutyája napi fogápolásához. Kutyája napi fogápolásával támogatja a fogak egészségét és a friss leheletet. Ezenkívül a fogkő és a fogászati betegségek megelőzhetők. Az előnyök áttekintése: speciális szerkezete révén a rágás során segíthet a lepedék csökkentésében, erősíti az ínyt és frissíti a leheletet a borsmentával és a petrezselyemmel. Fogápoló snack kutyáknak kb. 8 hónapos kortól (a fogváltás befejezése után) praktikus havi adagoló dobozban A Multifit Dental Sticks Multipack csomagok négyféle méretben kaphatók: S: Kis termetű fajták számára, 28 db pálcika M: közepes fajtákhoz, 28 db pálcika L: nagytestű fajták számára, 28 pálcika XL: nagyon nagytestű fajták számára, 20 db pálcika Kiegészítő eledel kutyák számára. Bővebb információk az webshop@fressnapf.hu címen kérhetők. Analitikai összetevők 16% fehérje, 2% zsírtartalom, 8% nyershamu, 1,5% nyersrost, 2,1% kalcium, 1,3% foszfor. Összetétel növényi eredetű melléktermékek (2% borsmenta, 2% petrezselyem), Gabonafélék, hús és állati eredetű melléktermékek, növényi fehérjekivonatok, ásványi anyagok. Adalékanyag/kg Tartósítószerek, színezékek. Táplálási javaslat 1 rágórúd/nap Szükség szerint csökkenteni kell az eledel mennyiségét Javasoljuk, hogy fogyasztás közben felügyelje az állatot! Tovább olvasok"}
{"breadcrumb": "Főoldal/Kutya/Eledelek/Nedves eledelek/MultiFit Farmer kutya tasak adult mini csirke&kacsa 12x100g", "product_name": "MultiFit Farmer kutya tasak adult mini csirke&kacsa 12x100gMultiFit Farmer kutya tasak adult mini csirke&kacsa 12x100g", "brand": "MultiFit0g – 100gFelnőttszárnyaskistestű 10kg-igtasak", "regular_price": "8 994", "selling_price": "8 394", "price_per_unit": "349 Ft", "product_url": "https://webshop.fressnapf.hu/termekek/multifit-farmer-kutya-tasak-adult-mini-csirkekacsa-12x100g/", "product_description": "MultiFit Farmer Adult Csirke Baromfiszívvel, Sárgarépával és Paprikával. Hozzáadott cukor nélkül. Gabonamentes receptúra. Teljes értékű eledel kifejlett kutyák számára. Összetétel: 60% hús és állati származékok (többek között 26% csirke, 4% baromfiszív), zöldségek (4% sárgarépa, 4% paprika), ásványi anyagok, növényi eredetű származékok, olajok és zsírok (0,3% pórsáfránymagolaj). Analitikai összetevők: fehérje 10%, zsírtartalom 4,5%, nyershamu 2%, nyersrost 0,3%. Nedvesség 81%. Adalékanyagok/kg: tápértékkel rendelkező adalékanyagok: D3-vitamin 200 NE, mangán (3b503) 3mg, cink (3b605) 20mg. Nyomokban egyéb összetevőket is tartalmazhat. Tovább olvasok"}
{"breadcrumb": "Főoldal/Kutya/Eledelek/Nedves eledelek/MultiFit Farmlove kutya konzerv adult csirke&szív 6x800g", "product_name": "MultiFit Farmlove kutya konzerv adult csirke&szív 6x800gMultiFit Farmlove kutya konzerv adult csirke&szív 6x800g", "brand": "MultiFitFarmlove601g – 800gFelnőttcsirkeegészséges felnőtt tápláláskonzerv", "regular_price": "5 094", "selling_price": "4 794", "price_per_unit": "1 299 Ft", "product_url": "https://webshop.fressnapf.hu/termekek/multifit-farmlove-kutya-konzerv-adult-csirkesziv-6x800g/", "product_description": "Csirke Baromfiszívvel, Tökkel és Paprikával. Hús és állati eredetű származékok magas részaránya. Teljes értékű eledel kifejlett kutyáknak. Hozzáadott szója, cukor, színezékek és aromaanyagok nélkül. Összetétel: 60% hús és állati származékok (többek között 26% csirke, 4% baromfiszív), zöldségek (4% tök, 4% piros paprika), 1% ásványi anyagok, olajok és zsírok (0,3% pórsáfránymagolaj). Analitikai összetevők: fehérje 8,5%, zsírtartalom 5,5%, nyershamu 2,2%, nyersrost 0,3%, kalcium 0,32%, foszfor 0,24%. Nedvesség 80%. Adalékanyagok/kg: tápértékkel rendelkező adalékanyagok: A-vitamin 2000 NE, D3-vitamin 200 NE, réz (3b405) 1,5mg, jód (3b202) 0,75mg, cink (3b603) 20mg. Nyomokban egyéb összetevőket is tartalmazhat. Tovább olvasok"}
{"breadcrumb": "Főoldal/Kutya/Eledelek/Száraz eledelek/MultiFit Farmlove száraz kutyaeledel adult bárány&rizs 12kg", "product_name": "MultiFit Farmlove száraz kutyaeledel adult bárány&rizs 12kgMultiFit Farmlove száraz kutyaeledel adult bárány&rizs 12kg", "brand": "MultiFitFarmlove10,1 – 12kgFelnőttjuh&bárány&kecskeegészséges felnőtt táplálás", "regular_price": "9 999", "selling_price": "8 999", "price_per_unit": "1 kg=1333 Ft", "product_url": "https://webshop.fressnapf.hu/termekek/multifit-farmlove-szaraz-kutyaeledel-adult-baranyrizs-12kg/", "product_description": "A MultiFit Farmlove Adult báránnyal, édesköménnyel és rizzsel egy teljes értékű eledel kifejlett kutyák számára. A krokettek friss bárányt, szuperélelmiszert – édesköményt, valamint esszenciális zsírsavakat tartalmaznak. Minden receptúrát a friss fehérjék magas aránya jellemez, valamint omega-3 és 6 zsírsavakat tartalmaz. A felhasznált zöldségfélék valódi szuperélelmiszerek, amelyek őshonos növénynemzetségekhez tartoznak. A receptúrák nem tartalmaznak adalékanyagokat, például cukrot, glutént, szóját, színezékeket és tartósítószert. Összetétel: gabonafélék (többek között 10% rizs, 27% köles), hús és állati származékok (többek között 10% friss bárány), növényi eredetű származékok, baromfizsír, magvak (1% lenmag), zöldségek (többek között 0,45% édeskömény, szárított*), hal és hal melléktermékek, élesztők, ásványi anyagok, alma (szárított), gyógynövények. *0,45% édeskömény, szárított, 4% édesköménynek felel meg. Nyomokban egyéb összetevőket is tartalmazhat. Analitikai összetevők (%): fehérje 20, zsírtartalom 10, nyershamu 6,3, nyersrost 2,5, kalcium 1,4, foszfor 0,9, Omega-3 zsírsavak 0,38, Omega-6 zsírsavak 2 Adalékanyagok/kg: Tápértékkel rendelkező adalékanyagok: A-vitamin 12000 NE, D3-vitamin 1200 NE, E-vitamin 70mg, réz(3b405) 10mg, jód(3b202) 2mg, szelén(3b801) 0,2mg, cink(3b603) 70mg Technológiai adalékanyagok: antioxidánsok Tovább olvasok"}
{"breadcrumb": "Főoldal/Kutya/Eledelek/Száraz eledelek/MultiFit Farmlove száraz kutyaeledel adult bárány&rizs 2,5kg", "product_name": "MultiFit Farmlove száraz kutyaeledel adult bárány&rizs 2,5kgMultiFit Farmlove száraz kutyaeledel adult bárány&rizs 2,5kg", "brand": "MultiFitFarmlove1,1kg – 4kgFelnőttjuh&bárány&kecskeegészséges felnőtt táplálás", "regular_price": "11 499", "selling_price": "9 999", "price_per_unit": "1 kg=1480 Ft", "product_url": "https://webshop.fressnapf.hu/termekek/multifit-farmlove-szaraz-kutyaeledel-adult-baranyrizs-25kg/", "product_description": "A MultiFit Farmlove Adult báránnyal, édesköménnyel és rizzsel egy teljes értékű eledel kifejlett kutyák számára. A krokettek friss bárányt, szuperélelmiszert – édesköményt, valamint esszenciális zsírsavakat tartalmaznak. Minden receptúrát a friss fehérjék magas aránya jellemez, valamint omega-3 és 6 zsírsavakat tartalmaz. A felhasznált zöldségfélék valódi szuperélelmiszerek, amelyek őshonos növénynemzetségekhez tartoznak. A receptúrák nem tartalmaznak adalékanyagokat, például cukrot, glutént, szóját, színezékeket és tartósítószert. Összetétel: gabonafélék (többek között 10% rizs, 27% köles), hús és állati származékok (többek között 10% friss bárány), növényi eredetű származékok, baromfizsír, magvak (1% lenmag), zöldségek (többek között 0,45% édeskömény, szárított*), hal és hal melléktermékek, élesztők, ásványi anyagok, alma (szárított), gyógynövények. *0,45% édeskömény, szárított, 4% édesköménynek felel meg. Nyomokban egyéb összetevőket is tartalmazhat. Analitikai összetevők (%): fehérje 20, zsírtartalom 10, nyershamu 6,3, nyersrost 2,5, kalcium 1,4, foszfor 0,9, Omega-3 zsírsavak 0,38, Omega-6 zsírsavak 2 Adalékanyagok/kg: Tápértékkel rendelkező adalékanyagok: A-vitamin 12000 NE, D3-vitamin 1200 NE, E-vitamin 70mg, réz(3b405) 10mg, jód(3b202) 2mg, szelén(3b801) 0,2mg, cink(3b603) 70mg Technológiai adalékanyagok: antioxidánsok Tovább olvasok"}
{"breadcrumb": "Főoldal/Kutya/Eledelek/Száraz eledelek/MultiFit Farmlove száraz kutyaeledel adult marha&spenót 12kg", "product_name": "MultiFit Farmlove száraz kutyaeledel adult marha&spenót 12kgMultiFit Farmlove száraz kutyaeledel adult marha&spenót 12kg", "brand": "MultiFitFarmlove10,1 – 12kgFelnőttmarha&borjúegészséges felnőtt táplálás", "regular_price": "11 499", "selling_price": "9 999", "price_per_unit": "1 kg=1333 Ft", "product_url": "https://webshop.fressnapf.hu/termekek/multifit-farmlove-szaraz-kutyaeledel-adult-marhaspenot-12kg/", "product_description": "A MultiFit Farmlove Adult marhával és spenóttal egy teljes értékű eledel kifejlett kutyák számára. A krokettek friss marhát, szuperélelmiszert – spenótot, valamint esszenciális zsírsavakat tartalmaznak. Minden receptúrát a friss fehérjék magas aránya jellemez, valamint omega-3 és 6 zsírsavakat tartalmaz. A felhasznált zöldségfélék valódi szuperélelmiszerek, amelyek őshonos növénynemzetségekhez tartoznak. A receptúrák nem tartalmaznak adalékanyagokat, például cukrot, glutént, szóját, színezékeket és tartósítószert. Összetétel: gabonafélék (többek között 27% köles), hús és állati származékok (többek között 10% friss marha), növényi eredetű származékok (többek között 0,2% cikóriapor), baromfizsír, magvak (1% lenmag), zöldségek (többek között 0,45% spenót, szárított*), hal és hal melléktermékek, élesztők, ásványi anyagok, alma (szárított). *0,45% spenót, szárított, 4% spenótnak felel meg. Nyomokban egyéb összetevőket is tartalmazhat. Analitikai összetevők (%): fehérje 20, zsírtartalom 10, nyershamu 6,2, nyersrost 2,5, kalcium 1,4, foszfor 0,9, Omega-3 zsírsavak 0,35, Omega-6 zsírsavak 2,3 Adalékanyagok/kg: Tápértékkel rendelkező adalékanyagok: A-vitamin 12000 NE, D3-vitamin 1200 NE, E-vitamin 70mg, réz(3b405) 10mg, jód(3b202) 2mg, szelén(3b801) 0,2mg, cink(3b603) 70mg Technológiai adalékanyagok: antioxidánsok Tovább olvasok"}
{"breadcrumb": "Főoldal/Kutya/Eledelek/Száraz eledelek/MultiFit Farmlove száraz kutyaeledel adult marha&spenót 2,5kg", "product_name": "MultiFit Farmlove száraz kutyaeledel adult marha&spenót 2,5kgMultiFit Farmlove száraz kutyaeledel adult marha&spenót 2,5kg", "brand": "MultiFitFarmlove1,1kg – 4kgFelnőttmarha&borjúegészséges felnőtt táplálás", "regular_price": "3 799", "selling_price": "3 299", "price_per_unit": "1 kg=1480 Ft", "product_url": "https://webshop.fressnapf.hu/termekek/multifit-farmlove-szaraz-kutyaeledel-adult-marhaspenot-25kg/", "product_description": "A MultiFit Farmlove Adult marhával és spenóttal egy teljes értékű eledel kifejlett kutyák számára. A krokettek friss marhát, szuperélelmiszert – spenótot, valamint esszenciális zsírsavakat tartalmaznak. Minden receptúrát a friss fehérjék magas aránya jellemez, valamint omega-3 és 6 zsírsavakat tartalmaz. A felhasznált zöldségfélék valódi szuperélelmiszerek, amelyek őshonos növénynemzetségekhez tartoznak. A receptúrák nem tartalmaznak adalékanyagokat, például cukrot, glutént, szóját, színezékeket és tartósítószert. Összetétel: gabonafélék (többek között 27% köles), hús és állati származékok (többek között 10% friss marha), növényi eredetű származékok (többek között 0,2% cikóriapor), baromfizsír, magvak (1% lenmag), zöldségek (többek között 0,45% spenót, szárított*), hal és hal melléktermékek, élesztők, ásványi anyagok, alma (szárított). *0,45% spenót, szárított, 4% spenótnak felel meg. Nyomokban egyéb összetevőket is tartalmazhat. Analitikai összetevők (%): fehérje 20, zsírtartalom 10, nyershamu 6,2, nyersrost 2,5, kalcium 1,4, foszfor 0,9, Omega-3 zsírsavak 0,35, Omega-6 zsírsavak 2,3 Adalékanyagok/kg: Tápértékkel rendelkező adalékanyagok: A-vitamin 12000 NE, D3-vitamin 1200 NE, E-vitamin 70mg, réz(3b405) 10mg, jód(3b202) 2mg, szelén(3b801) 0,2mg, cink(3b603) 70mg Technológiai adalékanyagok: antioxidánsok Tovább olvasok"}
{"breadcrumb": "Főoldal/Kutya/Eledelek/Száraz eledelek/MultiFit Farmlove száraz kutyaeledel junior szárnyas&spenót 12kg", "product_name": "MultiFit Farmlove száraz kutyaeledel junior szárnyas&spenót 12kgMultiFit Farmlove száraz kutyaeledel junior szárnyas&spenót 12kg", "brand": "MultiFitFarmlove10,1 – 12kgKölyökszárnyas", "regular_price": "9 999", "selling_price": "8 999", "price_per_unit": "1 kg=1333 Ft", "product_url": "https://webshop.fressnapf.hu/termekek/multifit-farmlove-szaraz-kutyaeledel-junior-szarnyasspenot-12kg/", "product_description": "A MultiFit Farmlove Junior baromfival, spenóttal és pasztinákkal egy teljes értékű eledel fiatal kutyák számára 12 hónapos korig. A kis krokettek friss baromfit, szuperélelmiszert – spenótot és pasztinákot, valamint esszenciális zsírsavakat tartalmaznak. Minden receptúrát a friss fehérjék magas aránya jellemez, valamint omega-3 és 6 zsírsavakat tartalmaz. A felhasznált zöldségfélék valódi szuperélelmiszerek, amelyek őshonos növénynemzetségekhez tartoznak. A receptúrák nem tartalmaznak adalékanyagokat, például cukrot, glutént, szóját, színezékeket és tartósítószert. Összetétel: gabonafélék (többek között 26,5% köles), hús és állati származékok (többek között 10% friss baromfi), növényi eredetű származékok (többek között 0,2% cikóriapor), baromfizsír 6%,lazacolaj 1,3%, magvak (1% lenmag), zöldségek (többek között 0,45% spenót, szárított*,0,05% pasztinák, szárított**), hal és hal melléktermékek, élesztők, ásványi anyagok, alma (szárított). *0,45% spenót, szárított, 4% spenótnak felel meg. **0,05% pasztinák, szárított, 0,5% pasztináknak felel meg. Nyomokban egyéb összetevőket is tartalmazhat. Analitikai összetevők (%): fehérje 28, zsírtartalom 15,5, nyershamu 6,2, nyersrost 2,2, kalcium 1,3, foszfor 0,9, Omega-3 zsírsavak 0,65, Omega-6 zsírsavak 3,1 Adalékanyagok/kg: Tápértékkel rendelkező adalékanyagok: A-vitamin 15000 NE, D3-vitamin 1200 NE, E-vitamin 150mg, réz(3b405) 10mg, jód(3b202) 2mg, szelén(3b801) 0,2mg, cink(3b603) 135mg Technológiai adalékanyagok: antioxidánsok Tovább olvasok"}
{"breadcrumb": "Főoldal/Kutya/Eledelek/Száraz eledelek/MultiFit Farmlove száraz kutyaeledel junior szárnyas&spenót 2,5kg", "product_name": "MultiFit Farmlove száraz kutyaeledel junior szárnyas&spenót 2,5kgMultiFit Farmlove száraz kutyaeledel junior szárnyas&spenót 2,5kg", "brand": "MultiFitFarmlove1,1kg – 4kgKölyökszárnyas", "regular_price": "3 799", "selling_price": "3 299", "price_per_unit": "1 kg=1480 Ft", "product_url": "https://webshop.fressnapf.hu/termekek/multifit-farmlove-szaraz-kutyaeledel-junior-szarnyasspenot-25kg/", "product_description": "A MultiFit Farmlove Junior baromfival, spenóttal és pasztinákkal egy teljes értékű eledel fiatal kutyák számára 12 hónapos korig. A kis krokettek friss baromfit, szuperélelmiszert – spenótot és pasztinákot, valamint esszenciális zsírsavakat tartalmaznak. Minden receptúrát a friss fehérjék magas aránya jellemez, valamint omega-3 és 6 zsírsavakat tartalmaz. A felhasznált zöldségfélék valódi szuperélelmiszerek, amelyek őshonos növénynemzetségekhez tartoznak. A receptúrák nem tartalmaznak adalékanyagokat, például cukrot, glutént, szóját, színezékeket és tartósítószert. Összetétel: gabonafélék (többek között 26,5% köles), hús és állati származékok (többek között 10% friss baromfi), növényi eredetű származékok (többek között 0,2% cikóriapor), baromfizsír 6%,lazacolaj 1,3%, magvak (1% lenmag), zöldségek (többek között 0,45% spenót, szárított*,0,05% pasztinák, szárított**), hal és hal melléktermékek, élesztők, ásványi anyagok, alma (szárított). *0,45% spenót, szárított, 4% spenótnak felel meg. **0,05% pasztinák, szárított, 0,5% pasztináknak felel meg. Nyomokban egyéb összetevőket is tartalmazhat. Analitikai összetevők (%): fehérje 28, zsírtartalom 15,5, nyershamu 6,2, nyersrost 2,2, kalcium 1,3, foszfor 0,9, Omega-3 zsírsavak 0,65, Omega-6 zsírsavak 3,1 Adalékanyagok/kg: Tápértékkel rendelkező adalékanyagok: A-vitamin 15000 NE, D3-vitamin 1200 NE, E-vitamin 150mg, réz(3b405) 10mg, jód(3b202) 2mg, szelén(3b801) 0,2mg, cink(3b603) 135mg Technológiai adalékanyagok: antioxidánsok Tovább olvasok"}
{"breadcrumb": "Főoldal/Kutya/Eledelek/Száraz eledelek/MultiFit Farmlove száraz kutyaeledel maxi adult marha 12kg", "product_name": "MultiFit Farmlove száraz kutyaeledel maxi adult marha 12kgMultiFit Farmlove száraz kutyaeledel maxi adult marha 12kg", "brand": "MultiFitFarmlove10,1 – 12kgFelnőttmarha&borjúegészséges felnőtt táplálás", "regular_price": "3 799", "selling_price": "3 299", "price_per_unit": "1 kg=1333 Ft", "product_url": "https://webshop.fressnapf.hu/termekek/multifit-farmlove-szaraz-kutyaeledel-maxi-adult-marha-12kg/", "product_description": "A MultiFit Farmlove Maxi Adult marhával és spenóttal egy teljes értékű eledel kifejlett, 26 kg-nál nagyobb kutyák számára. A kifejezetten nagy krokettek friss marhát, szuperélelmiszert – spenótot, valamint esszenciális zsírsavakat tartalmaznak. Minden receptúrát a friss fehérjék magas aránya jellemez, valamint omega-3 és 6 zsírsavakat tartalmaz. A felhasznált zöldségfélék valódi szuperélelmiszerek, amelyek őshonos növénynemzetségekhez tartoznak. A receptúrák nem tartalmaznak adalékanyagokat, például cukrot, glutént, szóját, színezékeket és tartósítószert. Összetétel: gabonafélék (többek között 27% köles), hús és állati származékok (többek között 10% friss marha), növényi eredetű származékok, baromfizsír, magvak (1% lenmag), zöldségek (többek között 0,45% spenót, szárított*), hal és hal melléktermékek, élesztők, ásványi anyagok, alma (szárított), gyógynövények, kondroitin-szulfát, glükózamin. *0,45% spenót, szárított, 4% spenótnak felel meg. Nyomokban egyéb összetevőket is tartalmazhat. Analitikai összetevők (%): fehérje 20, zsírtartalom 10, nyershamu 6,3, nyersrost 2,5, kalcium 1,4, foszfor 0,9, Omega-3 zsírsavak 0,35, Omega-6 zsírsavak 2,3 Adalékanyagok/kg: Tápértékkel rendelkező adalékanyagok: A-vitamin 12000 NE, D3-vitamin 1200 NE, E-vitamin 70mg, réz(3b405) 10mg, jód(3b202) 2mg, szelén(3b801) 0,2mg, cink(3b603) 70mg Technológiai adalékanyagok: antioxidánsok Tovább olvasok"}
{"breadcrumb": "Főoldal/Kutya/Eledelek/Száraz eledelek/MultiFit Farmlove száraz kutyaeledel mini adult szárnyas 2,5kg", "product_name": "MultiFit Farmlove száraz kutyaeledel mini adult szárnyas 2,5kgMultiFit Farmlove száraz kutyaeledel mini adult szárnyas 2,5kg", "brand": "MultiFitFarmlove1,1kg – 4kgFelnőttszárnyasegészséges felnőtt táplálás", "regular_price": "9 999", "selling_price": "8 999", "price_per_unit": "1 kg=1480 Ft", "product_url": "https://webshop.fressnapf.hu/termekek/multifit-farmlove-szaraz-kutyaeledel-mini-adult-szarnyas-25kg/", "product_description": "A MultiFit Farmlove Mini Adult baromfival és sárgarépával egy teljes értékű eledel felnőtt, 10 kg-nál kisebb kutyák számára. A kifejezetten kis krokettek friss baromfit, szuperélelmiszert – sárgarépát, valamint esszenciális zsírsavakat tartalmaznak. Minden receptúrát a friss fehérjék magas aránya jellemez, valamint omega-3 és 6 zsírsavakat tartalmaz. A felhasznált zöldségfélék valódi szuperélelmiszerek, amelyek őshonos növénynemzetségekhez tartoznak. A receptúrák nem tartalmaznak adalékanyagokat, például cukrot, glutént, szóját, színezékeket és tartósítószert. Összetétel: gabonafélék (többek között 28% köles), hús és állati származékok (többek között 10% friss baromfi), növényi eredetű származékok (többek között 0,2% cikóriapor), baromfizsír, magvak (1% lenmag), zöldségek (többek között 0,44% sárgarépa, szárított*), hal és hal melléktermékek, élesztők, ásványi anyagok, alma (szárított). *0,44% sárgarépa, szárított, 4% sárgarépának felel meg. Nyomokban egyéb összetevőket is tartalmazhat. Analitikai összetevők (%): fehérje 21, zsírtartalom 11, nyershamu 6,2, nyersrost 2,5, kalcium 1,3, foszfor 0,9, Omega-3 zsírsavak 0,37, Omega-6 zsírsavak 2,2 Adalékanyagok/kg: Tápértékkel rendelkező adalékanyagok: A-vitamin 12000 NE, D3-vitamin 1200 NE, E-vitamin 70mg, réz(3b405) 10mg, jód(3b202) 2mg, szelén(3b801) 0,2mg, cink(3b603) 70mg Technológiai adalékanyagok: antioxidánsok Tovább olvasok"}
{"breadcrumb": "Főoldal/Kutya/Eledelek/Száraz eledelek/MultiFit Farmlove száraz kutyaeledel senior bárány&cékla 12kg", "product_name": "MultiFit Farmlove száraz kutyaeledel senior bárány&cékla 12kgMultiFit Farmlove száraz kutyaeledel senior bárány&cékla 12kg", "brand": "MultiFitFarmlove10,1 – 12kgIdősjuh&bárány&kecskeidőskori egészséges táplálás", "regular_price": "9 999", "selling_price": "8 999", "price_per_unit": "1 kg=1333 Ft", "product_url": "https://webshop.fressnapf.hu/termekek/multifit-farmlove-szaraz-kutyaeledel-senior-baranycekla-12kg/", "product_description": "A MultiFit Farmlove Senior báránnyal, és céklával egy teljes értékű eledel 7 évesnél idősebb kutyák számára. A krokettek friss bárányt, szuperélelmiszert – céklát, valamint esszenciális zsírsavakat tartalmaznak. Minden receptúrát a friss fehérjék magas aránya jellemez, valamint omega-3 és 6 zsírsavakat tartalmaz. A felhasznált zöldségfélék valódi szuperélelmiszerek, amelyek őshonos növénynemzetségekhez tartoznak. A receptúrák nem tartalmaznak adalékanyagokat, például cukrot, glutént, szóját, színezékeket és tartósítószert. Összetétel: gabonafélék (többek között 28% köles), hús és állati származékok (többek között 10% friss bárány), növényi eredetű származékok (többek között 0,2% cikóriapor), baromfizsír, magvak (1% lenmag), zöldségek (többek között 0,49% cékla, szárított*), hal és hal melléktermékek, élesztők, ásványi anyagok, alma (szárított). *0,49% cékla, szárított, 4% céklának felel meg. Nyomokban egyéb összetevőket is tartalmazhat. Analitikai összetevők (%): fehérje 22, zsírtartalom 9, nyershamu 5,5, nyersrost 5, kalcium 1,1, foszfor 0,8, Omega-3 zsírsavak 0,35, Omega-6 zsírsavak 1,9 Adalékanyagok/kg: Tápértékkel rendelkező adalékanyagok: A-vitamin 12000 NE, D3-vitamin 1200 NE, E-vitamin 450mg, réz(3b405) 10mg, jód(3b202) 2mg, szelén(3b801) 0,2mg, cink(3b603) 70mg Technológiai adalékanyagok: antioxidánsok Tovább olvasok"}
{"breadcrumb": "Főoldal/Kutya/Eledelek/Száraz eledelek/MultiFit Farmlove száraz kutyaeledel senior bárány&cékla 2,5kg", "product_name": "MultiFit Farmlove száraz kutyaeledel senior bárány&cékla 2,5kgMultiFit Farmlove száraz kutyaeledel senior bárány&cékla 2,5kg", "brand": "MultiFitFarmlove1,1kg – 4kgIdősjuh&bárány&kecskeidőskori egészséges táplálás", "regular_price": "9 999", "selling_price": "8 999", "price_per_unit": "1 kg=1480 Ft", "product_url": "https://webshop.fressnapf.hu/termekek/multifit-farmlove-szaraz-kutyaeledel-senior-baranycekla-25kg/", "product_description": "A MultiFit Farmlove Senior báránnyal, és céklával egy teljes értékű eledel 7 évesnél idősebb kutyák számára. A krokettek friss bárányt, szuperélelmiszert – céklát, valamint esszenciális zsírsavakat tartalmaznak. Minden receptúrát a friss fehérjék magas aránya jellemez, valamint omega-3 és 6 zsírsavakat tartalmaz. A felhasznált zöldségfélék valódi szuperélelmiszerek, amelyek őshonos növénynemzetségekhez tartoznak. A receptúrák nem tartalmaznak adalékanyagokat, például cukrot, glutént, szóját, színezékeket és tartósítószert. Összetétel: gabonafélék (többek között 28% köles), hús és állati származékok (többek között 10% friss bárány), növényi eredetű származékok (többek között 0,2% cikóriapor), baromfizsír, magvak (1% lenmag), zöldségek (többek között 0,49% cékla, szárított*), hal és hal melléktermékek, élesztők, ásványi anyagok, alma (szárított). *0,49% cékla, szárított, 4% céklának felel meg. Nyomokban egyéb összetevőket is tartalmazhat. Analitikai összetevők (%): fehérje 22, zsírtartalom 9, nyershamu 5,5, nyersrost 5, kalcium 1,1, foszfor 0,8, Omega-3 zsírsavak 0,35, Omega-6 zsírsavak 1,9 Adalékanyagok/kg: Tápértékkel rendelkező adalékanyagok: A-vitamin 12000 NE, D3-vitamin 1200 NE, E-vitamin 450mg, réz(3b405) 10mg, jód(3b202) 2mg, szelén(3b801) 0,2mg, cink(3b603) 70mg Technológiai adalékanyagok: antioxidánsok Tovább olvasok"}
{"breadcrumb": "Főoldal/Kutya/Eledelek/Jutalomfalatok&rágcsák/MultiFit kutya jutalomfalat paszta szalonna 75g", "product_name": "MultiFit kutya jutalomfalat paszta szalonna 75gMultiFit kutya jutalomfalat paszta szalonna 75g", "brand": "MultiFitPasteFelnőttmalacpaszták&krémek", "regular_price": "799", "selling_price": "", "price_per_unit": "1 kg=10653 Ft", "product_url": "https://webshop.fressnapf.hu/termekek/9xmultifit-paszta-szalonna-75g/", "product_description": "MultiFit bacon ízesítésű krém. Kiegészítő eledel kifejlett kutyák számára. Hozzáadott cukor és tartósítószerek nélkül. Összetétel: sertéshús 39%, repceolaj, burgonyakeményítő, citrusrostok. Analitikai összetevők: fehérje 4,8%, zsírtartalom 24,7%, nyershamu 1,6%, nyersrost 2,7%, nedvesség 63,4%. Adalékanyagok/ kg: aromaanyagok füstaroma 2b0001 400mg. Etetési javaslat: Az 1-10kg-os kutyáknak legfeljebb napi 9-40g krém adható (10g a tömege kb. 15cm krémnek). A 10kg-nál súlyosabb kutyáknak legfeljebb napi 40g adható (kb. fél tubus). Közvetlenül adagolható a tubusból. Nem alkalmas önálló eledelként. Tovább olvasok"}
{"breadcrumb": "Főoldal/Kutya/Eledelek/Nedves eledelek/MultiFit kutya konzerv adult marha&sárgarépa 6x400g", "product_name": "MultiFit kutya konzerv adult marha&sárgarépa 6x400gMultiFit kutya konzerv adult marha&sárgarépa 6x400g", "brand": "MultiFitClassic201g – 400gFelnőttmarha&borjúkonzerv", "regular_price": "3 294", "selling_price": "2 994", "price_per_unit": "499 Ft", "product_url": "https://webshop.fressnapf.hu/termekek/multifit-kutya-konzerv-adult-marhasargarepa-400g/", "product_description": "MultiFit Ragout Adult. Marhával és Sárgarépával. Gluténmentes receptúra. Hozzáadott cukor, színezékek, mesterséges aromaanyagok és szója nélkül. Teljes értékű eledel kifejlett kutyák számára. Összetétel: 42% hús és állati származékok (többek között 5% marha), rizsliszt, 4% sárgarépa, ásványi anyagok, rizs, olajok és zsírok, 0,5% szárított cukorrépaszelet. Analitikai összetevők: fehérje 8%, zsírtartalom 4,5%, nyershamu 2,3%, nyersrost 0,3%, kalcium 0,34%, foszfor 0,24%. Nedvesség 80%. Adalékanyagok/kg: tápértékkel rendelkező adalékanyagok: A-vitamin 2000 NE, D3-vitamin 200 NE, E-vitamin 25mg, réz (3b405) 1,5mg, jód (3b202) 0,75mg, cink (3b603) 20mg. Nyomokban egyéb összetevőket is tartalmazhat Tovább olvasok"}
{"breadcrumb": "Főoldal/Kutya/Eledelek/Nedves eledelek/MultiFit kutya konzerv adult nyúl&sárgarépa 6x400g", "product_name": "MultiFit kutya konzerv adult nyúl&sárgarépa 6x400gMultiFit kutya konzerv adult nyúl&sárgarépa 6x400g", "brand": "MultiFitClassic201g – 400gFelnőttnyúlkonzerv", "regular_price": "3 294", "selling_price": "2 994", "price_per_unit": "499 Ft", "product_url": "https://webshop.fressnapf.hu/termekek/multifit-kutya-konzerv-adult-nyulsargarepa-400g/", "product_description": "MultiFit Ragout Adult. Nyúllal és Sárgarépával. Gluténmentes receptúra. Hozzáadott cukor, színezékek, mesterséges aromaanyagok és szója nélkül. Teljes értékű eledel kifejlett kutyák számára. Összetétel: 42% hús és állati származékok (többek között 5% nyúl), rizsliszt, 4% sárgarépa, ásványi anyagok, olajok és zsírok, 0,5% szárított cukorrépaszelet. Analitikai összetevők: fehérje 8%, zsírtartalom 4,5%, nyershamu 2,4%, nyersrost 0,3%, kalcium 0,35%, foszfor 0,24%. Nedvesség 80%. Adalékanyagok/kg: tápértékkel rendelkező adalékanyagok: A-vitamin 2000 NE, D3-vitamin 200 NE, E-vitamin 25mg, réz (3b405) 1,5mg, jód (3b202) 0,75mg, cink (3b603) 20mg. Nyomokban egyéb összetevőket is tartalmazhat. Tovább olvasok"}
{"breadcrumb": "Főoldal/Kutya/Eledelek/Nedves eledelek/MultiFit kutya konzerv paté junior szárnyas 6x800g", "product_name": "MultiFit kutya konzerv paté junior szárnyas 6x800gMultiFit kutya konzerv paté junior szárnyas 6x800g", "brand": "MultiFitClassic601g – 800gKölyökszárnyaskonzervnagytestű 26kg-tól", "regular_price": "5 094", "selling_price": "4 794", "price_per_unit": "1 049 Ft", "product_url": "https://webshop.fressnapf.hu/termekek/multifit-kutya-konzerv-pate-junior-szarnyas-800g/", "product_description": "Teljes értékű állateledel kölyökkutyák és fiatal kutyák számára – hozzáadott cukor, tartósítószerek, színezékek, mesterséges aromaanyagok és szója nélkül. Összetétel: hús és állati melléktermékek (60%, abból baromfi 15%), gabona, zöldség (karotta 4%), olajok és zsírok (napraforgóolaj 1% ), növényi melléktermékek (cukorrépa szeletek 0,5% ), ásványi anyagok. Analitikai összetevők: fehérje 9%, zsírtartalom 7,5%, nyershamu 3%, nyersrost 0,5%, nedvesség 78,5%, kalcium 0,4%, foszfor 0,3%. Adalékanyagok: táplálkozás-fiziológiai adalékanyagok / kg: A-vitamin 2500 NE, D3-vitamin 250 NE, E-vitamin 25mg. Technológiai adalékanyagok: kassziagumi 1500mg/kg. Tovább olvasok"}
{"breadcrumb": "Főoldal/Kutya/Eledelek/Nedves eledelek/MultiFit kutya konzerv ragu adult marha 6x800g", "product_name": "MultiFit kutya konzerv ragu adult marha 6x800gMultiFit kutya konzerv ragu adult marha 6x800g", "brand": "MultiFitClassic601g – 800gFelnőttmarha&borjúkonzervnagytestű 26kg-tól", "regular_price": "5 094", "selling_price": "4 794", "price_per_unit": "1 049 Ft", "product_url": "https://webshop.fressnapf.hu/termekek/multifit-kutya-konzerv-ragu-adult-marha-800g/", "product_description": "Teljes értékű állateledel kifejlett kutyák számára – hozzáadott cukor, tartósítószerek, színezékek, mesterséges aromaanyagok és szója nélkül. Összetétel: hús és állati melléktermékek (42%, abból marha 5%), sütőipari termékek (tészta 4%), zöldség (karotta 4%), gabona, olajok és zsírok (napraforgóolaj 0,5% ), növényi melléktermékek (cukorrépa szeletek 0,5% ), ásványi anyagok. Analitikai összetevők: fehérje 8%, zsírtartalom 5%, nyershamu 2%, nyersrost 0,2%, nedvességtartalom 81%. Adalékanyagok: táplálkozás-fiziológiai adalékanyagok / kg: A-vitamin 2500 NE, D3-vitamin 250 NE, E-vitamin 25mg. Tovább olvasok"}
{"breadcrumb": "Főoldal/Kutya/Eledelek/Nedves eledelek/MultiFit kutya konzerv ragu adult maxi csirke 6x1240g", "product_name": "MultiFit kutya konzerv ragu adult maxi csirke 6x1240gMultiFit kutya konzerv ragu adult maxi csirke 6x1240g", "brand": "MultiFitClassic1,1kg – 4kgFelnőttszárnyaskonzervnagytestű 26kg-tól", "regular_price": "5 094", "selling_price": "4 794", "price_per_unit": "1 599 Ft", "product_url": "https://webshop.fressnapf.hu/termekek/multifit-kutya-konzerv-ragu-adult-maxi-csirke-1240g/", "product_description": "Teljes értékű állateledel kifejlett kutyák számára – hozzáadott gabona, cukor, tartósítószerek, színezékek, mesterséges aromaanyagok és szója nélkül. Összetétel: hús és állati melléktermékek (45%, abból csirke 5%), sütőipari termékek (tészta 4%), zöldség (karotta 4%), olajok és zsírok (napraforgóolaj 0,5% ), (cukorrépa szeletek 0,5% ), ásványi anyagok. Analitikai összetevők: fehérje 8%, zsírtartalom 5%, nyershamu 2%, nyersrost 0,2%, nedvességtartalom 81%. Adalékanyagok: táplálkozás-fiziológiai adalékanyagok / kg: A-vitamin 2500 NE, D3-vitamin 250 NE, E-vitamin 25mg. Tovább olvasok"}
{"breadcrumb": "Főoldal/Kutya/Eledelek/Nedves eledelek/MultiFit kutya konzerv ragu adult maxi pacal 6x1240g", "product_name": "MultiFit kutya konzerv ragu adult maxi pacal 6x1240gMultiFit kutya konzerv ragu adult maxi pacal 6x1240g", "brand": "MultiFitClassic1,1kg – 4kgFelnőttmarha&borjúkonzervnagytestű 26kg-tól", "regular_price": "5 094", "selling_price": "4 794", "price_per_unit": "1 599 Ft", "product_url": "https://webshop.fressnapf.hu/termekek/multifit-kutya-konzerv-ragu-adult-maxi-pacal-1240g/", "product_description": "Teljes értékű állateledel kifejlett kutyák számára – hozzáadott gabona, cukor, tartósítószerek, színezékek, mesterséges aromaanyagok és szója nélkül. Összetétel: hús és állati melléktermékek (45%, abból marhabendő 5%, máj 5%), olajok és zsírok (napraforgóolaj 0,5% ), (cukorrépa szeletek 0,5% ), ásványi anyagok. Analitikai összetevők: fehérje 8%, zsírtartalom 5%, nyershamu 2%, nyersrost 0,2%, nedvességtartalom 81%. Adalékanyagok: táplálkozásfiziológiai adalékanyagok / kg: A-vitamin 2500 NE, D3-vitamin 250 NE, E-vitamin 25mg. Tovább olvasok"}
{"breadcrumb": "Főoldal/Kutya/Eledelek/Nedves eledelek/MultiFit kutya konzerv ragu adult nyúl&sárgarépa 6x800g", "product_name": "MultiFit kutya konzerv ragu adult nyúl&sárgarépa 6x800gMultiFit kutya konzerv ragu adult nyúl&sárgarépa 6x800g", "brand": "MultiFitClassic601g – 800gFelnőttnyúlkonzervnagytestű 26kg-tól", "regular_price": "8 994", "selling_price": "8 394", "price_per_unit": "1 049 Ft", "product_url": "https://webshop.fressnapf.hu/termekek/multifit-kutya-konzerv-ragu-adult-nyulsargarepa-800g/", "product_description": "Teljes értékű állateledel kifejlett kutyák számára – hozzáadott cukor, tartósítószerek, színezékek, mesterséges aromaanyagok és szója nélkül. Összetétel: hús és állati melléktermékek (42%, abból házinyúl 5%), zöldség (karotta 4%), gabona, olajok és zsírok (napraforgóolaj 0,5%), növényi melléktermékek (cukorrépa szeletek 0,5% ), ásványi anyagok. Analitikai összetevők: fehérje 8%, zsírtartalom 5%, nyershamu 2%, nyersrost 0,2%, nedvességtartalom 81%. Adalékanyagok: táplálkozás-fiziológiai adalékanyagok / kg: A-vitamin 2500 NE, D3-vitamin 250 NE, E-vitamin 25mg. Tovább olvasok"}
{"breadcrumb": "Főoldal/Kutya/Eledelek/Száraz eledelek/MultiFit kutya szárazeledel adult szárnyas 12kg", "product_name": "MultiFit kutya szárazeledel adult szárnyas 12kgMultiFit kutya szárazeledel adult szárnyas 12kg", "brand": "MultiFitClassic10,1 – 12kgFelnőttszárnyasnagytestű 26kg-tól", "regular_price": "12 999", "selling_price": "11 999", "price_per_unit": "1 kg=1000 Ft", "product_url": "https://webshop.fressnapf.hu/termekek/multifit-kutya-szarazeledel-adult-szarnyas-12kg/", "product_description": "Támogatja a szervezet védekezőképességét A jó minőségű zsírok hozzájárulhatnak a napi energiabevitelhez. A bélrendszeri élelmi rostok támogathatják a bélrendszer egészségét A MultiFit Adult kiegyensúlyozott száraz eledel, amely kifejezetten a felnőtt kutyák igényeihez igazodik. A megfelelő tápanyagkeverék biztosítja kutyája számára az összes fontos vitamint és nyomelemet, valamint a mindennap szükséges energiát. A vitaminok és ásványi anyagok elősegítik kutyája vitalitását. Az E-vitamin, a szelén és az esszenciális zsírsavak támogatják a szervezet védekezőképességét. Az értékes szárnyashús könnyen emészthető. A bélben hasznosuló élelmi rostok biztosítják a jó emésztést. Az esszenciális omega-3 és omega-6 zsírsavak simává és csillogóvá teszik a szőrzetet. A nagy mennyiségben rendelkezésre álló kalcium erősíti a csontokat és a fogakat. Az előnyök áttekintése: Vitaminok és ásványi anyagok kutyája vitalitásáért. támogatja a szervezet védekezőképességét A bélben hasznosuló élelmi rostok biztosítják a jó emésztést omega-3 és omega-6 zsírsavakkal nem tartalmaz tartósítószereket szója hozzáadása nélkül Nem tartalmaz cukrot Analitikai összetevők 22% fehérje, 10% zsírtartalom, 6,5% nyershamu, 2,5% nyersrost, 1,2% kalcium, 1% foszfor, 2% omega-6 zsírsavak, 0,2% omega-3 zsírsavak Összetétel Gabonafélék (többek között 8% kukoricapehely), hús és állati eredetű melléktermékek (többek között 12,25% baromfi (7,8% friss baromfi), növényi eredetű melléktermékek (többek között 3% szárított répaszelet, 3% búzadara, 0,39% cikóriagyökér), olajok és zsírok (többek között 1% halolaj, 0,1% napraforgóolaj), zöldségek (többek között 4% sárgarépa a piros krokett*-ben, 4% spenót a zöld krokett*-ben), ásványi anyagok, hal és hal eredetű melléktermékek, élesztő. * A zöld krokettet 7%-ban tartalmazza. A piros krokettet 7%-ban tartalmazza. Energia: 360,1 kcal/100 g. Adalékanyag/kg 12 000 NE A-vitamin, 70 mg E-vitamin, 50 mg C-vitamin, 2 mg K3-vitamin, 1000 NE, 4,8 mg B1-vitamin, 417 μg biotin, 26 mg kalcium-D-pantotenát, 1 mg folsav, 32 mg niacinamid, 26 mg B6-vitamin, 62 μg B12-vitamin, 11 mg B2-vitamin, 1200 NE D3-vitamin, 2 mg jód, 0,2 mg szelén, 70 mg cink (cink-oxid) ,10 mg réz (réz(II)-szulfát-pentahidrát). Technológiai adalékanyagok: antioxidánsok. Érzékszervi tulajdonságokat javító adalékanyagok: színezékek Táplálási javaslat A kutya súlya Napi adagolás 2,5 kg 50 g 5 kg 90 g 7,5 kg 120 g 10 kg 150 g 15 kg 200 g 20 kg 250 g 25 kg 295 g A megadott adatok irányadó értékek. Mindig álljon rendelkezésre friss ivóvíz. Ügyeljen arra, hogy jutalomfalatok hozzáadása esetén csökkentse a megadott tápmennyiséget. Tovább olvasok"}
{"breadcrumb": "Főoldal/Kutya/Eledelek/Száraz eledelek/MultiFit kutya szárazeledel junior szárnyas 12kg", "product_name": "MultiFit kutya szárazeledel junior szárnyas 12kgMultiFit kutya szárazeledel junior szárnyas 12kg", "brand": "MultiFitClassic10,1 – 12kgKölyökszárnyas", "regular_price": "12 999", "selling_price": "11 999", "price_per_unit": "1 kg=1000 Ft", "product_url": "https://webshop.fressnapf.hu/termekek/multifit-junior-szaraz-kutyaeledel-12kg/", "product_description": "Az optimális növekedés érdekében Tartósítószerek és mesterséges ízfokozók nélkül Nem tartalmaz szóját és hozzáadott cukrot A MultiFit Junior kiegyensúlyozott, teljes értékű száraz eledel, amely kifejezetten a kölyökkutyák és fiatal kutyák igényeihez igazodik. A MultiFit Junior biztosítja kölyökkutyája számára az összes alapvető tápanyagot, vitamint és nyomelemet. Kiváló minőségű fehérjék és zsírok biztosítják a növekedéshez szükséges energiát. Németországban készült válogatott összetevőkből, például baromfiból, rizsből és borsóból. A kis kedvenc optimális növekedése érdekében a nagy mennyiségben rendelkezésre álló kalcium erősíti a csontokat és a fogakat. Különösen fontos a kicsik számára; a kiváló minőségű fehérjék elősegítik a fiatal állatok izomfejlődését. Az A-vitamin és a cink támogatja a látást. Az E-vitamin, a szelén és az esszenciális zsírsavak támogatják a szervezet védekezőképességét. Az előnyök áttekintése: minden fontos tápanyag, vitamin és nyomelem minőségi fehérjék az optimális növekedés érdekében a nagy mennyiségben rendelkezésre álló kalcium erősíti a csontokat és a fogakat a fényes és sima szőrzetért Az E-vitamin, a szelén és az esszenciális zsírsavak támogatják a szervezet védekezőképességét. Bővebb információk az webshop@fressnapf.hu címen kérhetők. Analitikai összetevők 28% fehérje, 12% zsírtartalom, 6,7% nyershamu, 2,5% nyersrost, 1,35% kalcium, 1,05% foszfor, 0,17% omega-3 zsírsavak, 1,7% omega-6 zsírsavak Összetétel Gabonafélék (többek között 4% rizs), hús és állati eredetű melléktermékek (többek között 27% baromfi (17% friss baromfi)), növényi eredetű melléktermékek (többek között 4,5% szárított répaszelet), olajok és zsírok (többek között 1% halolaj, 0,1% napraforgóolaj), zöldségek (1% borsó, szárított, ami 9% borsónak felel meg), hal és hal eredetű melléktermékek, ásványi anyagok, élesztő. Energia: 370,8 kcal/100 g. Adalékanyag/kg 150 mg E-vitamin, 77 mg C-vitamin, 6 mg K3-vitamin  , 15000 NE A-vitamin, 4 mg B1-vitamin, 650 μg biotin, 28 mg kalcium-D-pantotenát, 3,5 mg folsav, 51 mg niacinamid, 8,5 mg B6-vitamin/piridoxin-hidroklorid, 145 μg B12-vitamin, 12 mg B2-vitamin/riboflavin-5′-foszfát mononátrium só, 1200 NE D3-vitamin, 2 mg jód (kalcium-jodát, vízmentes), 0,2 mg szelén (nátrium-szelenit), 45 mg cink (aminosavak cink-kelátja, hidrát), 90 mg cink (cink-oxid), 10 mg réz (réz(II)szulfát-pentahidrát) Technológiai adalékanyagok: antioxidánsok Táplálási javaslat Végleges súly A kutya életkora hónapokban 2 3-5 6-8 9-10 11-12 2,5 kg 60 g 75 g 65 g 70 g Adult 5 kg 95 g 125 g 125 g 120 g Adult 7,5 kg 140 g 165 g 170 g 165 g Adult 10 kg 165 g 205 g 210 g 205 g 205 g 15 kg 210 g 275 g 290 g 280 g 275 g 20 kg 255 g 340 g 360 g 350 g 340 g 25 kg 290 g 400 g 425 g 415 g 410 g A megadott adatok irányadó értékek. A tényleges tápanyagigény a fajtától, az életkortól és az aktivitástól függ. A legjobb, ha az adagot legalább 2 étkezésre elosztva adjuk. Jutalomfalatok hozzáadása esetén ennek megfelelően csökkentse a táp mennyiségét. Mindig álljon rendelkezésre friss ivóvíz. Hűvös és száraz helyen tárolja. Tovább olvasok"}
{"breadcrumb": "Főoldal/Kutya/Eledelek/Száraz eledelek/MultiFit kutya szárazeledel light szárnyas 12kg", "product_name": "MultiFit kutya szárazeledel light szárnyas 12kgMultiFit kutya szárazeledel light szárnyas 12kg", "brand": "MultiFitClassic10,1 – 12kgFelnőttszárnyashízásra hajlamosnagytestű 26kg-tól", "regular_price": "12 999", "selling_price": "11 999", "price_per_unit": "1 kg=1000 Ft", "product_url": "https://webshop.fressnapf.hu/termekek/multifit-kutya-szarazeledel-light-szarnyas-12kg/", "product_description": "Normál súlyhoz Tartósítószerek nélkül, mesterséges ízfokozók nélkül Súlyszabályozás az alacsonyabb zsírtartalom miatt A MultiFit Light kiegyensúlyozott, kalóriaszegény száraz eledel túlsúlyra hajlamos kutyák számára. A MultiFit Light a csökkentett zsírtartalmának köszönhetően támogatja kutyája súlyszabályozását, ugyanakkor minden fontos tápanyagot, vitamint és nyomelemet biztosít számára. A bélben hasznosuló élelmi rostok tartós teltségérzetet és megfelelő emésztést biztosítanak kutyájának. Az értékes baromfi könnyen emészthető. Az esszenciális omega-3 és omega-6 zsírsavak simává és csillogóvá teszik kutyája szőrzetét. A nagy mennyiségben rendelkezésre álló kalcium erősíti a csontokat és a fogakat. Természetesen hozzáadott cukor nélkül. Németországban készült válogatott összetevőkből, például baromfiból, kukoricából, sárgarépából és spenótból. Az előnyök áttekintése: támogatja a súlyszabályozást fontos tápanyagok, vitaminok és nyomelemek fenntartható jóllakottság értékes szárnyashús segíti az emésztést erősíti a csontokat és a fogakat szója vagy cukor hozzáadása nélkül Analitikai összetevők 20% fehérje, 7,5% zsírtartalom, 6% nyershamu, 8% nyersrost, 1% kalcium, 0,9% foszfor, 0,2% omega-3 zsírsavak, 1,4% omega-6 zsírsavak Összetétel Gabonafélék (többek között 4% rizs), hús és állati eredetű melléktermékek (többek között 14% baromfi (9,35% friss baromfi), növényi eredetű melléktermékek (többek között 17% búzadara, 3% szárított répaszelet), olajok és zsírok (többek között 0,85% halolaj, 0,1% napraforgóolaj), zöldségek (többek között 4% sárgarépa a piros krokett*-ben, 4% spenót a zöld krokett*-ben), ásványi anyagok. * A zöld krokettet 5%-ban tartalmazza. A piros krokettet 5%-ban tartalmazza. Energia: 313,4 kcal/100 g. Adalékanyag/kg 150 mg E-vitamin, 50 mg C-vitamin, 2,5 mg K3-vitamin  , 12000 NE A-vitamin, 4,8 mg B1-vitamin, 417 μg biotin, 26 mg kalcium-D-pantotenát, 1 mg folsav, 32 mg niacinamid, 26 mg B6-vitamin/piridoxin-hidroklorid, 62 μg B12-vitamin, 11 mg B2-vitamin/riboflavin-5′-foszfát mononátrium só, 1200 NE D3-vitamin, 2 mg jód (kalcium-jodát, vízmentes) 2 mg, szelén (nátrium-szelenit) 0,2 mg, cink (cink-oxid) 70 mg, réz (réz(II)-szulfát-pentahidrát) 10 mg, Technológiai adalékanyagok: antioxidánsok Érzékszervi tulajdonságokat javító adalékanyagok: színezékek Táplálási javaslat A kutya súlya Napi adagolás 2,5 kg 40 g 5 kg 60 g 7,5 kg 85 g 10 kg 100 g 15 kg 140 g 20 kg 175 g 25 kg 205 g 30 kg 235 g 35 kg 260 g 40 kg 290 g 45 kg 320 g 50 kg 345 g 60 kg 395 g 70 kg 440 g 80 kg 490 g A megadott adatok irányadó értékek. A tényleges tápanyagigény a fajtától, az életkortól és az aktivitástól függ. Mindig álljon rendelkezésre friss ivóvíz. Ügyeljen arra, hogy jutalomfalatok hozzáadása esetén csökkentse a megadott tápmennyiséget. Tovább olvasok"}
{"breadcrumb": "Főoldal/Kutya/Eledelek/Száraz eledelek/MultiFit kutya szárazeledel maxi adult szárnyas 12kg", "product_name": "MultiFit kutya szárazeledel maxi adult szárnyas 12kgMultiFit kutya szárazeledel maxi adult szárnyas 12kg", "brand": "MultiFitClassic10,1 – 12kgFelnőttszárnyasnagytestű 26kg-tól", "regular_price": "12 999", "selling_price": "11 999", "price_per_unit": "1 kg=1000 Ft", "product_url": "https://webshop.fressnapf.hu/termekek/multifit-maxi-kutya-szarazeledel-12kg/", "product_description": "Az ízületek támogatására Tartósítószerek és mesterséges ízfokozók nélkül Ideális nagy termetű fajták számára A MultiFit Adult Maxi kiegyensúlyozott száraz eledel, amely kifejezetten a nagytestű kutyafajták igényeihez igazodik. A megfelelő tápanyagkeverék biztosítja nagytestű négylábúja számára az összes fontos vitamint és nyomelemet, valamint a mindennap szükséges energiát. Az értékes baromfi könnyen emészthető. A bélben hasznosuló élelmi rostok biztosítják a jó emésztést. A Multifit az E-vitamin, a szelén és az esszenciális zsírsavak révén támogatja a szervezet védekezőképességét. Az omega-3 zsírsavak és a glükózamin támogatják kutyája ízületeit. A nagy mennyiségben rendelkezésre álló kalcium erősíti a csontokat és a fogakat. Az előnyök áttekintése: Az omega-3 zsírsavak és a glükózamin támogatják az ízületeket Az E-vitamin, a szelén és az esszenciális zsírsavak támogatják a szervezet védekezőképességét könnyen emészthető a megfelelő emésztésért. a sima, fényes szőrzetért A kalcium erősíti a csontokat és a fogakat. Nem tartalmaz szóját és hozzáadott cukrot. Bővebb információk az webshop@fressnapf.hu címen kérhetők. Analitikai összetevők 22% fehérje, 10% zsírtartalom, 6,5% nyershamu, 2,5% nyersrost, 1,2% kalcium, 1% foszfor, 0,2% omega-3 zsírsavak, 2% omega-6 zsírsavak Összetétel Gabonafélék (többek között 8% kukoricapehely), hús és állati eredetű melléktermékek (többek között 12,25% baromfi (7,8% friss baromfi), növényi eredetű melléktermékek (többek között 3% szárított répaszelet, 3% búzadara, 0,39% cikóriagyökér), olajok és zsírok (többek között 1% halolaj, 0,1% napraforgóolaj), zöldségek (többek között 4% sárgarépa a piros krokettben*, 4% spenót a zöld krokettben*), ásványi anyagok, hal és hal eredetű melléktermékek, élesztő. * A zöld krokettet 7%-ban tartalmazza. A piros krokettet 7%-ban tartalmazza. Energia: 360,1 kcal/100 g. Adalékanyag/kg 70 mg E-vitamin, 50 mg C-vitamin, 2,5 mg K3-vitamin  , 12000 NE A-vitamin, 4,8 mg B1-vitamin, 417 μg biotin, 26 mg kalcium-D-pantotenát, 1 mg folsav, 32 mg niacinamid, 26 mg B6-vitamin/piridoxin-hidroklorid, 62 μg B12-vitamin, 11 mg B2-vitamin/riboflavin-5′-foszfát mononátrium só, 1200 NE D3-vitamin, 2 mg jód (kalcium-jodát, vízmentes), 0,2 mg szelén (nátrium-szelenit), 70 mg cink (cink-oxid), 10 mg réz (réz(II)szulfát pentahidrát) Technológiai adalékanyagok: antioxidánsok Érzékszervi tulajdonságokat javító adalékanyagok: Színezékek Táplálási javaslat A kutya súlya Napi adagolás 25 kg 265 g 30 kg 305 g 35 kg 340 g 40 kg 380 g 45 kg 410 g 50 kg 445 g 60 kg 510 g 70 kg 575 g 80 kg 635 g A megadott adatok irányadó értékek. Mindig álljon rendelkezésre friss ivóvíz. Ügyeljen arra, hogy jutalomfalatok hozzáadása esetén csökkentse a megadott tápmennyiséget. Tovább olvasok"}
{"breadcrumb": "Főoldal/Kutya/Eledelek/Száraz eledelek/MultiFit kutya szárazeledel maxi junior szárnyas 12kg", "product_name": "MultiFit kutya szárazeledel maxi junior szárnyas 12kgMultiFit kutya szárazeledel maxi junior szárnyas 12kg", "brand": "MultiFitClassic10,1 – 12kgKölyökszárnyasízület védelemnagytestű 26kg-tól", "regular_price": "12 999", "selling_price": "11 999", "price_per_unit": "1 kg=1000 Ft", "product_url": "https://webshop.fressnapf.hu/termekek/multifit-maxi-junior-kutya-szarazeledel-12kg/", "product_description": "Az optimális növekedésért és a stabil ízületekért Ideális kölyökkutyák és fiatal, nagytestű kutyák számára Omega-3 zsírsavakkal, kalciummal és számos vitaminnal A MultiFit Junior Maxi kiegyensúlyozott, teljes értékű száraz eledel, amely kifejezetten a kölyökkutyák és nagy termetű fiatal kutyák igényeihez igazodik. A MultiFit Junior Maxival biztosítja kölyökkutyája számára az összes alapvető tápanyagot, vitamint és nyomelemet. Kiváló minőségű fehérjék és zsírok biztosítják a növekedéshez szükséges energiát. A kiválasztott összetevők, például a baromfi és a rizs könnyen emészthetőek. A bélben hasznosuló élelmi rostok biztosítják a jó emésztést. Az E-vitamin, a szelén és az esszenciális zsírsavak támogatják kutyája szervezetének védekezőképességét. A nagy mennyiségben rendelkezésre álló kalcium erősíti kutyája csontjait és fogait. Az előnyök áttekintése: Ellátja kutyáját minden fontos tápanyaggal, vitaminnal és nyomelemmel Kiváló minőségű fehérjék és zsírok biztosítják a növekedéshez szükséges energiát. támogatja az ízületeket Az E-vitamin, a szelén és az esszenciális zsírsavak támogatják a szervezet védekezőképességét. Élelmi rostok  a jó emészthetőség érdekében. a sima és fényes szőrzetért erősíti a csontokat és a fogakat. N em tartalmaz tartósítószereket, mesterséges ízfokozók nem tartalmaz szóját és hozzáadott cukrot Teljes értékű eledel kölyökkutyák és nagytestű kutyák számára az elválasztástól 15 hónapos korig. Bővebb információk az webshop@fressnapf.hu címen kérhetők. Analitikai összetevők 28% fehérje, 12% zsírtartalom, 6,7% nyershamu, 2,5% nyersrost, 1,35% kalcium, 1,05% foszfor, 0,17% omega-3 zsírsavak, 1,7% omega-6 zsírsavak Összetétel Gabonafélék (többek között 4% rizs), hús és állati eredetű melléktermékek (többek között 27% baromfi (17% friss baromfi)), növényi eredetű melléktermékek (többek között 4,5% szárított répaszelet), olajok és zsírok (többek között 1% halolaj, 0,1% napraforgóolaj), zöldségek (1% borsó, szárított, ami 9% borsónak felel meg), hal és hal eredetű melléktermékek, ásványi anyagok, élesztő. Energia: 370,8 kcal/100 g.) Adalékanyag/kg 150 mg E-vitamin, 77 mg C-vitamin, 6 mg K3-vitamin  , 15000 NE A-vitamin, 14 mg B1-vitamin, 650 μg biotin, 28 mg kalcium-D-pantotenát, 3,5 mg folsav, 51 mg niacinamid, 8,5 mg B6-vitamin/piridoxin-hidroklorid, 145 μg B12-vitamin, 12 mg B2-vitamin/riboflavin-5′-foszfát mononátrium só, 1200 NE D3-vitamin, 2 mg jód (kalcium-jodát, vízmentes) 2 mg, szelén (nátrium-szelenit) 0,2 mg, cink (aminosav-cinkkelát, hidrát) 45 mg, cink (cink-oxid) 90 mg, réz (réz(II)-szulfát-pentahidrát) 10 mg, Technológiai adalékanyagok: antioxidánsok Táplálási javaslat Végleges súly A kutya életkora hónapokban 2 3-5 6-7 8-14 15-17 25 kg 290 g 400 g 425 g 415 g Adult 30 kg 320 g 455 g 490 g 480 g Adult 35 kg 360 g 510 g 550 g 540 g Adult 40 kg 370 g 550 g 605 g 600 g Adult 45 kg 390 g 595 g 660 g 655 g 640 g 50 kg 410 g 630 g 715 g 710 g 690 g 60 kg 420 g 720 g 815 g 815 g 800 g 70 kg 495 g 795 g 915 g 915 g 900 g 80 kg 530 g 880 g 1010 g 1015 g 990 g A megadott adatok irányadó értékek. A tényleges tápanyagigény a fajtától, az életkortól és az aktivitástól függ. Mindig álljon rendelkezésre friss ivóvíz. Ügyeljen arra, hogy jutalomfalatok hozzáadása esetén csökkentse a megadott tápmennyiséget. Tovább olvasok"}
{"breadcrumb": "Főoldal/Kutya/Eledelek/Száraz eledelek/MultiFit kutya szárazeledel Mellos marha 1,5kg", "product_name": "MultiFit kutya szárazeledel Mellos marha 1,5kgMultiFit kutya szárazeledel Mellos marha 1,5kg", "brand": "MultiFitFelnőttmarha&borjú1,1kg – 4kgkistestű 10kg-ig", "regular_price": "3 399", "selling_price": "2 999", "price_per_unit": "1 kg=1533 Ft", "product_url": "https://webshop.fressnapf.hu/termekek/multifit-kutya-szarazeledel-mellos-marha-15kg/", "product_description": "Bűntudat nélküli élvezet Aromás és lédús Vitalitás Az apró, ízletes krokettek fokozott nedvességtartalma puha szerkezetet és kellemes rágási érzetet biztosít. A MultiFit mellos kiegyensúlyozott és ízletes teljes értékű eledel, hozzáadott mesterséges aromák és ízfokozók nélkül. A megfelelő arányú D3-vitamin, valamint kalcium- és foszfor-tartalom fokozza kutyája vitalitását, és elősegíti a stabil csontok és az egészséges fogak fejlődését. Teljes értékű eledel felnőtt kutyák számára, bővebb információk a következő címen  kérhetők: webshop@fressnapf.hu . Analitikai összetevők 20% fehérje, 11% zsírtartalom, 8,5% nyershamu, 1,5% nyersrost. Összetétel gabonafélék (4%), hús és állati eredetű melléktermékek (4% marhahús), olajok és zsírok, zöldségek (4% sárgarépa, 4% zöldségek), Ásványi anyagok, cukor. Adalékanyag/kg 10000 NE A-vitamin, 1000 NE D3-vitamin, 10 mg réz (réz(II)-szulfát, pentahidrát). antioxidánsok. Tartósítószer. Színezékek. Táplálási javaslat A kutya súlya g/nap 5 kg 130 g/nap 10 kg 200 g/nap 15 kg 300 g/nap 25 kg 400 g/nap 40 kg 500 g/nap 60 kg 600 g/nap Tovább olvasok"}
{"breadcrumb": "Főoldal/Kutya/Eledelek/Száraz eledelek/MultiFit kutya szárazeledel Mellos mini marha 1kg", "product_name": "MultiFit kutya szárazeledel Mellos mini marha 1kgMultiFit kutya szárazeledel Mellos mini marha 1kg", "brand": "MultiFitFelnőttmarha&borjú801g – 1kgkistestű 10kg-ig", "regular_price": "9 999", "selling_price": "8 999", "price_per_unit": "1 kg=1599 Ft", "product_url": "https://webshop.fressnapf.hu/termekek/multifit-kutya-szarazeledel-mellos-mini-marha-1kg/", "product_description": "Friss hússal. Kis termetű kutyáknak. A MultiFit mellos Mini Marhával és Sárgarépával kiegyensúlyozott és ízletes teljes értékű eledel, hozzáadott mesterséges ízesítők és ízfokozók nélkül – a kis termetű kutyafajták szájméretéhez igazodó apróbb krokettekkel. Az apró, zamatos krokettek nagy nedvességtartalmuk révén lágyabb szerkezetűek és jólesően rághatók. A megfelelő mennyiségű D3-vitamin, valamint a helyes arányú kalcium és foszfor fokozhatja a kutya vitalitását, valamint segítheti a stabil csontozat és az egészséges fogak kialakulását, ill. megtartását. Teljes értékű eledel kis termetű (1–10 kg) kifejlett kutyák számára. Összetétel: gabonafélék, hús és állati melléktermékek (többek között 14% marhafehérje, 4% friss marhahús), növényi melléktermékek, zöldségek (4% sárgarépa, 4% spenót), olajok és zsírok, ásványi anyagok. Analitikai összetevők: fehérje 20%, zsírtartalom 11%, nyershamu 8,3%, nyersrost 2,5%, nedvesség 20%, kalcium 1,5%, foszfor 1,1%. Adalékanyagok: tápértékkel rendelkező adalékanyagok/kg: A-vitamin 10000 NE, D3-vitamin 1000 NE, réz (réz(II)-szulfát, pentahidrát) 9mg, jód (kalcium-jodát, vízmentes) 1,7mg, szelén (nátrium-szelenit) 0,17mg, cink (cink-oxid) 60mg. Technológiai adalékanyagok: tartósítószer. Etetési javaslat: Az adatok tájékoztató értékek. A tényleges tápanyagszükséglet fajtától, életkortól és aktivitástól függ. Kérjük, hogy csemegével történő kiegészítő táplálás esetén megfelelő mértékben csökkentse a fő eledel megadott mennyiségét. Mindig adjon friss ivóvizet. Tovább olvasok"}
{"breadcrumb": "Főoldal/Kutya/Eledelek/Száraz eledelek/MultiFit kutya szárazeledel senior szárnyas 12kg", "product_name": "MultiFit kutya szárazeledel senior szárnyas 12kgMultiFit kutya szárazeledel senior szárnyas 12kg", "brand": "MultiFitClassic10,1 – 12kgIdősszárnyasízület védelem", "regular_price": "12 999", "selling_price": "11 999", "price_per_unit": "1 kg=1000 Ft", "product_url": "https://webshop.fressnapf.hu/termekek/multifit-senior-szaraz-kutyaeledel-12kg/", "product_description": "Támogatja a vitalitást Sima bőr és fényes szőrzet Elősegíti a működőképes izomszövet fenntartását A MultiFit Senior kiegyensúlyozott, kifejezetten az idősebb kutyák igényeire szabott száraz eledel. A MultiFit Senior biztosítja kutyája számára az összes alapvető tápanyagot, vitamint és nyomelemet. A kiváló minőségű fehérjék könnyen emészthetők és támogatják az izomműködést idősebb korban. A kalcium erősíti a csontokat. Az E-vitamin, a szelén és az esszenciális zsírsavak támogatják a szervezet védekezőképességét. Az értékes baromfi könnyen emészthető. A bélben hasznosuló élelmi rostok biztosítják a jó emésztést. Az omega-3 és omega-6 zsírsavak simává és csillogóvá teszik kutyája szőrzetét. Az előnyök áttekintése: minden fontos tápanyaggal, vitaminnal és nyomelemmel könnyen emészthető támogatja az izomműködést előrehaladott korban Az E-vitamin, a szelén és az esszenciális zsírsavak támogatják a szervezet védekezőképességét Bélrendszeri élelmi rostok  a jó emésztés érdekében Esszenciális omega-3 és omega-6 zsírsavak a sima szőrzetért Az omega-3 zsírsavak támogatják a kutya ízületeit szója vagy cukor hozzáadása nélkül nem tartalmaz tartósítószereket nem tartalmaz mesterséges ízfokozókat Analitikai összetevők 20% fehérje, 9% zsírtartalom, 5.5% nyershamu, 3.5% nyersrost, 1% kalcium, 0,85% foszfor, 0,22% omega-3 zsírsavak, 1,7% omega-6 zsírsavak Összetétel Gabonafélék (többek között 4% rizs), hús és állati eredetű melléktermékek (többek között 16% baromfi (11,9% friss baromfi), növényi eredetű melléktermékek (többek között 9,5% búzadara, 3% szárított répaszelet), olajok és zsírok (többek között 0,85% halolaj, 0,1% napraforgóolaj), zöldségek (többek között 4% spenót a zöld krokett*-ben, 4% sárgarépa a piros krokett*-ben), ásványi anyagok. * A zöld krokettet 5%-ban tartalmazza. A piros krokettet 5%-ban tartalmazza. Energia: 351,6 kcal/100 g. Adalékanyag/kg 150 mg E-vitamin, 50 mg C-vitamin, 2,5 mg K3-vitamin  , 12000 NE A-vitamin, 4,8 mg B1-vitamin, 417 μg biotin, 26 mg kalcium-D-pantotenát, 1 mg folsav, 32 mg niacinamid, 26 mg B6-vitamin/piridoxin-hidroklorid, 62 μg B12-vitamin, 11 mg B2-vitamin/riboflavin-5′-foszfát mononátrium só, 1200 NE D3-vitamin, 2 mg jód (kalcium-jodát, vízmentes), 0,2 mg szelén (nátrium-szelenit), 70 mg cink (cink-oxid), 10 mg réz (réz(II)szulfát-pentahidrát) Technológiai adalékanyagok: antioxidánsok Érzékszervi tulajdonságokat javító adalékanyagok: színezékek Táplálási javaslat A kutya súlya Napi adagolás 2,5 kg 45 g 5 kg 75 g 7,5 kg 105 g 10 kg 130 g 15 kg 175 g 20 kg 215 g 25 kg 255 g 30 kg 290 g 35 kg 325 g 40 kg 360 g 45 kg 395 g 50 kg 430 g 60 kg 490 g 70 kg 550 g 80 kg 610 g Kérjük, vegye figyelembe, hogy az egyéni igények az aktivitástól, az életkortól és a fajtától függnek. A megadott adatok irányadó értékek. Mindig álljon rendelkezésre friss ivóvíz. Ügyeljen arra, hogy jutalomfalatok hozzáadása esetén csökkentse a megadott tápmennyiséget. Tovább olvasok"}
{"breadcrumb": "Főoldal/Kutya/Eledelek/Nedves eledelek/MultiFit Little Adult kutya tasak MP adult 12x100g", "product_name": "MultiFit Little Adult kutya tasak MP adult 12x100gMultiFit Little Adult kutya tasak MP adult 12x100g", "brand": "MultiFitFelnőttvegyesmultipacktasakkistestű 10kg-ig", "regular_price": "5 094", "selling_price": "4 794", "price_per_unit": "1 kg=1999 Ft", "product_url": "https://webshop.fressnapf.hu/termekek/multifit-little-adult-kutya-tasak-mp-adult-12x100g/", "product_description": "Nem tartalmaz tartósítószereket, színezékeket és cukrot Különösen alkalmas kis termetű kutyák számára Lédús zselével vagy raguval Nagyobb változatosság a kis kedvenc számára. Felnőtt kistestű kutyáknak – hozzáadott tartósítószerek és színezékek nélkül Tegye változatosabbá kutyája étrendjét ezekkel az ízletes változatokkal. A MultiFit Pouch minden szükséges tápanyagot biztosít kedvence számára az egészséges életmódhoz. Analitikai összetevők 8,5% fehérje, 4,5% zsírtartalom, 1,5% nyershamu, 0,3% nyersrost Összetétel Marhahússal: hús és állati eredetű melléktermékek (40%, ebből 4% marhahús), növényi eredetű melléktermékek, ásványi anyagok Sonkával és sajttal: hús és állati eredetű melléktermékek (36%, ebből 4% sertéslapocka), tej és tejtermékek (4% sajt), növényi eredetű melléktermékek, ásványi anyagok. Csirkével és zöldséggel: Hús és állati eredetű melléktermékek (36%, ebből 15% csirke), zöldségek (2% borsó, 2% sárgarépa), növényi eredetű melléktermékek, ásványi anyagok. Nyomokban tartalmazhat egyéb összetevőket. Hűvös és száraz helyen tárolja. Adalékanyag/kg 150 NE D3-vitamin, 2 mg réz (réz-(II)-szulfát, pentahidrát), 0,5 mg jód (kálium-jodid), 1,5 mg mangán (mangán(II)-szulfát, monohidrát), 5 mg cink (cink-szulfát, monohidrát) Táplálási javaslat A kutya súlya Napi adagolás 2 kg 200 g 5 kg 300-400 g 7kg 400-500 g 10 kg 600-700 g A megadott adatok irányadó értékek. A tényleges táplálékszükséglet kutyája fajtájától, életkorától és aktivitásától függ. Felbontás után hűtőszekrényben tárolja. Szobahőmérsékleten tálalja. Ügyeljen arra, hogy jutalomfalatok hozzáadása esetén csökkentse a megadott tápmennyiséget. Tovább olvasok"}
{"breadcrumb": "Főoldal/Kutya/Eledelek/Nedves eledelek/MultiFit Little Dog kutya tálka adult csirke&zöldség 11x150g", "product_name": "MultiFit Little Dog kutya tálka adult csirke&zöldség 11x150gMultiFit Little Dog kutya tálka adult csirke&zöldség 11x150g", "brand": "MultiFit101g – 200gFelnőttszárnyasgabonamentes", "regular_price": "8 994", "selling_price": "8 394", "price_per_unit": "279 Ft", "product_url": "https://webshop.fressnapf.hu/termekek/multifit-little-dog-kutya-talka-adult-csirkezoldseg-150g/", "product_description": "Teljes értékű eledel kifejlett kutyák számára, csirkével és zöldséggel. Hozzáadott cukor nélkül. Összetétel: hús és állati melléktermékek (t. k. 4% csirke), zöldség (4%), ásványi anyagok, vadmajoránna. Analitikai összetevők: fehérje 10%, zsírtartalom 5%, nyershamu 2%, nyersrost 0,3%, nedvesség 82%. Adalékanyagok/ kg: tápértékkel rendelkező adalékanyagok: D3-vitamin 150 NE, réz (aminosavak réz(II)-kelátja, hidrát) 1mg, jód (kalcium-jodát, vízmentes) 0,4mg, mangán (mangán(II)-szulfát, monohidrát) 1,7mg, cink (cink-szulfát, monohidrát) 26mg. Tovább olvasok"}
{"breadcrumb": "Főoldal/Kutya/Eledelek/Nedves eledelek/MultiFit Little Dog kutya tálka adult marha&burgonya 11x150g", "product_name": "MultiFit Little Dog kutya tálka adult marha&burgonya 11x150gMultiFit Little Dog kutya tálka adult marha&burgonya 11x150g", "brand": "MultiFittálkaFelnőttmarha&borjú101g – 200gkistestű 10kg-ig", "regular_price": "5 094", "selling_price": "4 794", "price_per_unit": "279 Ft", "product_url": "https://webshop.fressnapf.hu/termekek/multifit-little-dog-kutya-talka-adult-marhaburgonya-11x150g/", "product_description": "Teljes értékű eledel kifejlett kutyák számára, marhával és burgonyával. Hozzáadott cukor nélkül. Összetétel: hús és állati melléktermékek (t. k. 4% marha), burgonya (4%), ásványi anyagok. Analitikai összetevők: fehérje 9,5%, zsírtartalom 4,5%, nyershamu 2%, nyersrost 0,4%, nedvesség 81%. Adalékanyagok/kg: tápértékkel rendelkező adalékanyagok: D3-vitamin 150 NE, réz (aminosavak réz(II)-kelátja, hidrát) 1mg, jód (kalcium-jodát, vízmentes) 0,4mg, mangán (mangán(II)-szulfát, monohidrát) 1,7mg, cink (cink-szulfát, monohidrát) 26mg. Tovább olvasok"}
{"breadcrumb": "Főoldal/Kutya/Eledelek/Nedves eledelek/MultiFit Little Dog kutya tálka adult pulyka&paszternák 11x150g", "product_name": "MultiFit Little Dog kutya tálka adult pulyka&paszternák 11x150gMultiFit Little Dog kutya tálka adult pulyka&paszternák 11x150g", "brand": "MultiFit101g – 200gFelnőttszárnyasgabonamentes", "regular_price": "5 094", "selling_price": "4 794", "price_per_unit": "279 Ft", "product_url": "https://webshop.fressnapf.hu/termekek/multifit-little-dog-kutya-talka-adult-pulykapaszternak-150g/", "product_description": "Teljes értékű eledel kifejlett kutyák számára, pulykával és pasztinákkal. Hozzáadott cukor nélkül. Összetétel: hús és állati melléktermékek (t.k. 4% pulyka), pasztinák (4%), ásványi anyagok, olajok és zsírok. Analitikai összetevők: fehérje 9,5%, zsírtartalom 5,5%, nyershamu 1,8%, nyersrost 0,5%, nedvesség 81%. Adalékanyagok/kg: tápértékkel rendelkező adalékanyagok: D3-vitamin 150 NE, réz (aminosavak réz(II)-kelátja, hidrát) 1mg, jód (kalcium-jodát, vízmentes) 0,4mg, mangán (mangán(II)-szulfát, monohidrát) 1,7mg, cink (cink-szulfát, monohidrát) 26mg. Tovább olvasok"}
{"breadcrumb": "Főoldal/Kutya/Eledelek/Nedves eledelek/MultiFit Little Dog kutya tálka junior csirke&pulyka 11x150g", "product_name": "MultiFit Little Dog kutya tálka junior csirke&pulyka 11x150gMultiFit Little Dog kutya tálka junior csirke&pulyka 11x150g", "brand": "MultiFit101g – 200gKölyökszárnyas", "regular_price": "5 094", "selling_price": "4 794", "price_per_unit": "279 Ft", "product_url": "https://webshop.fressnapf.hu/termekek/multifit-little-dog-kutya-talka-junior-csirkepulyka-150g/", "product_description": "Kifejezetten kis kedvence számára 10 hónapos korig. A MultiFit little Dog Junior termékkel minden tápanyagot megadhat kedvencének, amire szüksége van a jó életkezdéshez. Az előnyök áttekintése: Különösen alkalmas kis termetű kölyökkutyák és fiatal kutyák számára Nem tartalmaz tartósítószereket, színezékeket és cukrot Ízletes pástétomként Különösen alkalmas kis termetű kölyökkutyák és fiatal kutyák számára Nem tartalmaz tartósítószereket, színezékeket és cukrot Ízletes pástétomként Analitikai összetevők 9% fehérje, 8% zsírtartalom, 2% nyershamu, 0,5% nyersrost Összetétel Hús és állati eredetű melléktermékek (többek között 4% pulyka, 4% csirke), növényi eredetű melléktermékek, ásványi anyagok, olajok és zsírok Adalékanyag/kg Táplálkozásfiziológiai adalékanyagok: 150 NE D3-vitamin, 1 mg réz (aminosavak réz(II)-kelát-hidrátja), 0,4 mg jód (kalcium-jodát, vízmentes), 1,7 mg mangán (mangán(II)-szulfát, monohidrát), 26 mg cink (cink-szulfát, monohidrát). Táplálási javaslat Végleges súly A kutya életkora  hónapokban 2 3-5 6-8 9-10 2 kg 170 g 185-200 g 200 g 195 g 5 kg 340 g 375-400 g 400 g 385 g 7 kg 410 g 465-515 g 520 g 495 g 10 kg 515 g 600-670 g 675 g 650 g A megadott adatok irányadó értékek. A tényleges táplálékszükséglet kutyája fajtájától, életkorától és aktivitásától függ. Felbontás után hűtőszekrényben tárolja. Szobahőmérsékleten tálalja. Ügyeljen arra, hogy jutalomfalatok hozzáadása esetén csökkentse a megadott tápmennyiséget. Tovább olvasok"}
{"breadcrumb": "Főoldal/Kutya/Eledelek/Nedves eledelek/MultiFit Little Dog kutya tasak adult csirke&zöldség 24x100g", "product_name": "MultiFit Little Dog kutya tasak adult csirke&zöldség 24x100gMultiFit Little Dog kutya tasak adult csirke&zöldség 24x100g", "brand": "MultiFit0g – 100gFelnőttszárnyastasak", "regular_price": "8 994", "selling_price": "8 394", "price_per_unit": "229 Ft", "product_url": "https://webshop.fressnapf.hu/termekek/multifit-little-dog-kutya-tasak-adult-csirkezoldseg-100g/", "product_description": "A kis kedvence számára Tegye változatosabbá kutyája étrendjét ezekkel az ízletes változatokkal. A frissentartó tasakban kínált MultiFit eledel minden szükséges tápanyagot megad kedvencének  az egészséges növekedéshez. Az előnyök áttekintése: lédús zselé nem tartalmaz tartósítószereket színezékek nélkül támogatja a csontozatot különösen alkalmas kis termetű kutyák számára Teljes értékű eledel kis termetű kutyák számára. Bővebb információk a következő címen kérhetők: info@fressnapf.hu különösen alkalmas kis termetű kutyák számára lédús zselé hozzáadott tartósítószerek és színezékek nélkül Analitikai összetevők 8,5% fehérje, 4,5% zsírtartalom, 1,5% nyershamu, 0,3% nyersrost Összetétel Hús és állati eredetű melléktermékek (15% csirke), zöldségek (4% borsó és sárgarépa), növényi eredetű melléktermékek, ásványi anyagok Adalékanyag/kg 150 NE D3-vitamin, 2 mg réz (réz-(II)-szulfát, pentahidrát), 0,5 mg jód (kálium-jodid), 1,5 mg mangán (mangán(II)-szulfát, monohidrát), 5 mg cink (cink-szulfát, monohidrát) Táplálási javaslat A kutya súlya Napi adagolás 2 kg 200 g 5 kg 300-400 g 7 kg 400-500 g 10 kg 600-700 g A megadott adatok irányadó értékek. A tényleges táplálékszükséglet kutyája fajtájától, életkorától és aktivitásától függ. Felbontás után hűtőszekrényben tárolja. Szobahőmérsékleten tálalja. Ügyeljen arra, hogy jutalomfalatok hozzáadása esetén csökkentse a megadott tápmennyiséget. Tovább olvasok"}
{"breadcrumb": "Főoldal/Kutya/Eledelek/Nedves eledelek/MultiFit Little Dog kutya tasak puppy csirke 24x100g", "product_name": "MultiFit Little Dog kutya tasak puppy csirke 24x100gMultiFit Little Dog kutya tasak puppy csirke 24x100g", "brand": "MultiFit0g – 100gKölyökszárnyaskistestű 10kg-igtasak", "regular_price": "5 094", "selling_price": "4 794", "price_per_unit": "229 Ft", "product_url": "https://webshop.fressnapf.hu/termekek/multifit-little-dog-kutya-tasak-puppy-csirke-24x100g/", "product_description": "MultiFit Junior Csirkével és Zöldségekkel. A kis kedvencnek. Teljes értékű eledel kölyökkutyáknak és fiatal kutyáknak 12 hónapos korig – hozzáadott tartósítószerek és színezékek nélkül. Összetétel: hús és állati melléktermékek (40%, többek között 15% csirke), zöldség (4%: 2% sárgarépa, 2% bab), növényi eredetű származékok, ásványi anyagok. Analitikai összetevők: fehérje 8,1%, zsírtartalom 5,2%, nyershamu 1,8%, nyersrost 0,3%. Adalékanyagok/kg: Tápértékkel rendelkező adalékanyagok: D3 -vitamin 200 NE UI / NE / NE, E5 (mangán) 3 mg, 3b605 (cink) 20 mg Tovább olvasok"}
{"breadcrumb": "Főoldal/Kutya/Eledelek/Nedves eledelek/MultiFit Little Dog kutya tasak ragu marha BBQ 24x100g", "product_name": "MultiFit Little Dog kutya tasak ragu marha BBQ 24x100gMultiFit Little Dog kutya tasak ragu marha BBQ 24x100g", "brand": "0g – 100gMultiFitFelnőttmarha&borjútasakkistestű 10kg-ig", "regular_price": "5 094", "selling_price": "4 794", "price_per_unit": "229 Ft", "product_url": "https://webshop.fressnapf.hu/termekek/24xmultifit-pouch-ragout-kutyaknak-marhabbq-100g/", "product_description": "A kis kedvence számára Felnőtt kistestű kutyáknak – hozzáadott tartósítószerek és színezékek nélkül Tegye változatosabbá kutyája étrendjét ezekkel az ízletes változatokkal. A frissentartó tasakban kínált MultiFit eledel minden szükséges tápanyagot tartalmaz kedvence számára az egészséges életmódhoz. Az előnyök áttekintése: lédús ragu nem tartalmaz tartósítószereket színezékek nélkül különösen alkalmas kis termetű kutyák számára Teljes értékű eledel kis termetű kutyák számára. Bővebb információk a következő címen kérhetők: info@fressnapf.hu különösen alkalmas kis termetű kutyák számára lédús ragu hozzáadott tartósítószerek és színezékek nélkül Analitikai összetevők 8,5% fehérje, 4,5% zsírtartalom, 1,5% nyershamu, 0,3% nyersrost Összetétel Hús és állati eredetű melléktermékek (4% marhahús), növényi eredetű melléktermékek, ásványi anyagok Adalékanyag/kg 150 NE D3-vitamin, 2 mg réz (réz-(II)-szulfát, pentahidrát), 0,5 mg jód (kálium-jodid), 1,5 mg mangán (mangán(II)-szulfát, monohidrát), 5 mg/kg cink (cink-szulfát, monohidrát) Táplálási javaslat A kutya súlya Napi adagolás 2 kg 200 g 5 kg 300-400 g 7 kg 400-500 g 10 kg 600-700 g A megadott adatok irányadó értékek. A tényleges táplálékszükséglet kutyája fajtájától, életkorától és aktivitásától függ. Felbontás után hűtőszekrényben tárolja. Szobahőmérsékleten tálalja. Ügyeljen arra, hogy jutalomfalatok hozzáadása esetén csökkentse a megadott tápmennyiséget. Tovább olvasok"}
{"breadcrumb": "Főoldal/Kutya/Eledelek/Nedves eledelek/MultiFit Little Dog kutya tasak ragu sonka&sajt 24x100g", "product_name": "MultiFit Little Dog kutya tasak ragu sonka&sajt 24x100gMultiFit Little Dog kutya tasak ragu sonka&sajt 24x100g", "brand": "0g – 100gMultiFitFelnőttmarha&borjútasakkistestű 10kg-ig", "regular_price": "8 994", "selling_price": "8 394", "price_per_unit": "229 Ft", "product_url": "https://webshop.fressnapf.hu/termekek/24xmultifit-pouch-ragout-kutyaknak-sonkasajt-100g/", "product_description": "A kis kedvence számára Felnőtt kistestű kutyáknak – hozzáadott tartósítószerek és színezékek nélkül Tegye változatosabbá kutyája étrendjét ezekkel az ízletes változatokkal. A frissentartó tasakban kínált MultiFit eledel minden szükséges tápanyagot tartalmaz kedvence számára az egészséges életmódhoz. Az előnyök áttekintése: lédús ragu nem tartalmaz tartósítószereket színezékek nélkül különösen alkalmas kis termetű kutyák számára Teljes értékű eledel kis termetű kutyák számára. Bővebb információk a következő címen kérhetők: info@fressnapf.hu különösen alkalmas kis termetű kutyák számára lédús ragu hozzáadott tartósítószerek és színezékek nélkül Analitikai összetevők 8,5% fehérje, 4,5% zsírtartalom, 1,5% nyershamu, 0,3% nyersrost Összetétel Hús és állati eredetű melléktermékek (4% sonka), tej és tejtermékek (4% sajt), növényi eredetű melléktermékek, ásványi anyagok Adalékanyag/kg 150 NE D3-vitamin, 2 mg réz (réz-(II)-szulfát, pentahidrát), 0,5 mg jód (kálium-jodid), 1,5 mg mangán (mangán(II)-szulfát, monohidrát), 5 mg cink (cink-szulfát, monohidrát) Táplálási javaslat A kutya súlya Napi adagolás 2 kg 200 g 5 kg 300-400 g 7 kg 400-500 g 10 kg 600-700 g A megadott adatok irányadó értékek. A tényleges táplálékszükséglet kutyája fajtájától, életkorától és aktivitásától függ. Felbontás után hűtőszekrényben tárolja. Szobahőmérsékleten tálalja. Ügyeljen arra, hogy jutalomfalatok hozzáadása esetén csökkentse a megadott tápmennyiséget. Tovább olvasok"}
{"breadcrumb": "Főoldal/Kutya/Eledelek/Jutalomfalatok&rágcsák/MultiFit Meatstick kutya jutalomfalat bárány 12g", "product_name": "MultiFit Meatstick kutya jutalomfalat bárány 12gMultiFit Meatstick kutya jutalomfalat bárány 12g", "brand": "MultiFitMeatstickFelnőttjuh&bárány&kecskerágócsíkok", "regular_price": "189", "selling_price": "", "price_per_unit": "1 DB=189 Ft", "product_url": "https://webshop.fressnapf.hu/termekek/25xmultifit-meat-stick-barany-12g/", "product_description": "A MultiFit Meatsticks lédús, friss rágcsálnivaló különböző ízekben, ideális jutalomfalat kutyája számára. Az előnyök áttekintése: Szaftos húsrudacska (5 különböző változatban kapható) Legalább 90% hústartalom Nem tartalmaz cukrot, színezékeket és ízfokozót Különböző változatok: Marhahús, bárány, vad, csirke és barbecue Kiegészítő eledel kutyáknak, bővebb információk a következő címen kérhetők: info@fressnapf.hu vitaminokkal legalább 90%-os hústartalom nem tartalmaz cukrot, színezékeket és ízfokozót Analitikai összetevők 29% fehérje, 26% zsírtartalom, 9% nyershamu, 3% nyersrost, 33% nedvességtartalom. Összetétel 90% hús és állati eredetű melléktermékek (4% bárány), ásványi anyagok, növényi eredetű melléktermékek, gabonafélék. Adalékanyag/kg 5000 NE A-vitamin, 500 NE D3-vitamin. Antioxidánsok. Tartósítószer. Táplálási javaslat Étkezések közötti snackként. Szükség szerint csökkenteni kell az eledel mennyiségét. Tovább olvasok"}
{"breadcrumb": "Főoldal/Kutya/Eledelek/Jutalomfalatok&rágcsák/MultiFit Meatstick kutya jutalomfalat marha 12g", "product_name": "MultiFit Meatstick kutya jutalomfalat marha 12gMultiFit Meatstick kutya jutalomfalat marha 12g", "brand": "MultiFitMeatstickFelnőttmarha&borjúrágócsíkok", "regular_price": "189", "selling_price": "", "price_per_unit": "1 DB=189 Ft", "product_url": "https://webshop.fressnapf.hu/termekek/25xmultifit-meat-stick-marha-12g/", "product_description": "A MultiFit Meatsticks lédús, friss rágcsálnivaló különböző ízekben, ideális jutalomfalat kutyája számára. Az előnyök áttekintése: Szaftos húsrudacska (5 különböző változatban kapható) Legalább 90% hústartalom Nem tartalmaz cukrot, színezékeket és ízfokozót Különböző változatok: Marhahús, bárány, vad, csirke és barbecue Kiegészítő eledel kutyáknak, bővebb információk a következő címen kérhetők: info@fressnapf.hu vitaminokkal legalább 90%-os hústartalom nem tartalmaz cukrot, színezékeket és ízfokozót Analitikai összetevők 29% fehérje, 26% zsírtartalom, 9% nyershamu, 3% nyersrost, 33% nedvességtartalom. Összetétel 90% hús és állati eredetű melléktermékek (50% marhahús), ásványi anyagok, növényi eredetű melléktermékek, gabonafélék. Adalékanyag/kg 5000 NE A-vitamin, 500 NE D3-vitamin. Antioxidánsok. Tartósítószer. Táplálási javaslat Étkezések közötti snackként. Szükség szerint csökkenteni kell az eledel mennyiségét. Tovább olvasok"}
{"breadcrumb": "Főoldal/Kutya/Eledelek/Jutalomfalatok&rágcsák/MultiFit Meatstick kutya jutalomfalat pulyka 12g", "product_name": "MultiFit Meatstick kutya jutalomfalat pulyka 12gMultiFit Meatstick kutya jutalomfalat pulyka 12g", "brand": "MultiFitMeatstickFelnőttszárnyasrágócsíkok", "regular_price": "189", "selling_price": "", "price_per_unit": "1 DB=189 Ft", "product_url": "https://webshop.fressnapf.hu/termekek/25xmultifit-meat-stick-pulyka-12g/", "product_description": "A MultiFit Meatsticks lédús, friss rágcsálnivaló különböző ízekben, ideális jutalomfalat kutyája számára. Az előnyök áttekintése: Szaftos húsrudacska (5 különböző változatban kapható) Legalább 90% hústartalom Nem tartalmaz cukrot, színezékeket és ízfokozót Különböző változatok: Marhahús, bárány, vad, csirke és barbecue Kiegészítő eledel kutyáknak, bővebb információk a következő címen kérhetők: info@fressnapf.hu vitaminokkal legalább 90%-os hústartalom nem tartalmaz cukrot, színezékeket és ízfokozót Analitikai összetevők 29% fehérje, 26% zsírtartalom, 9% nyershamu, 3% nyersrost, 33% nedvességtartalom. Összetétel 90% hús és állati eredetű melléktermékek (4% pulyka), ásványi anyagok, növényi eredetű melléktermékek, gabonafélék. Adalékanyag/kg 5000 NE A-vitamin, 500 NE D3-vitamin. Antioxidánsok. Tartósítószer. Táplálási javaslat Étkezések közötti snackként. Szükség szerint csökkenteni kell az eledel mennyiségét. Tovább olvasok"}
{"breadcrumb": "Főoldal/Kutya/Eledelek/Jutalomfalatok&rágcsák/MultiFit Meatstick kutya jutalomfalat vad 12g", "product_name": "MultiFit Meatstick kutya jutalomfalat vad 12gMultiFit Meatstick kutya jutalomfalat vad 12g", "brand": "MultiFitMeatstickFelnőttvadrágócsíkok", "regular_price": "189", "selling_price": "", "price_per_unit": "1 DB=189 Ft", "product_url": "https://webshop.fressnapf.hu/termekek/25xmultifit-meat-stick-vad-12g/", "product_description": "A MultiFit Meatsticks lédús, friss rágcsálnivaló különböző ízekben, ideális jutalomfalat kutyája számára. Az előnyök áttekintése: Szaftos húsrudacska (5 különböző változatban kapható) Legalább 90% hústartalom Nem tartalmaz cukrot, színezékeket és ízfokozót Különböző változatok: Marhahús, bárány, vad, csirke és barbecue Kiegészítő eledel kutyáknak, bővebb információk a következő címen kérhetők: info@fressnapf.hu vitaminokkal legalább 90%-os hústartalom nem tartalmaz cukrot, színezékeket és ízfokozót Analitikai összetevők 29% fehérje, 26% zsírtartalom, 9% nyershamu, 3% nyersrost, 33% nedvességtartalom. Összetétel 90% hús és állati eredetű melléktermékek (4% vadhús), ásványi anyagok, növényi eredetű melléktermékek, gabonafélék. Adalékanyag/kg 5000 NE A-vitamin, 500 NE D3-vitamin. Antioxidánsok. Tartósítószer. Táplálási javaslat Étkezések közötti snackként. Szükség szerint csökkenteni kell az eledel mennyiségét. Tovább olvasok"}
{"breadcrumb": "Főoldal/Kutya/Eledelek/Száraz eledelek/MultiFit Mellos kutya szárazeledel adult szárnyas&burgonya 1,5kg", "product_name": "MultiFit Mellos kutya szárazeledel adult szárnyas&burgonya 1,5kgMultiFit Mellos kutya szárazeledel adult szárnyas&burgonya 1,5kg", "brand": "MultiFitFelnőttszárnyas1,1kg – 4kgközepes testű 11-25kg", "regular_price": "3 499", "selling_price": "2 999", "price_per_unit": "1 kg=1533 Ft", "product_url": "https://webshop.fressnapf.hu/termekek/multifit-mellos-kutya-szarazeledel-adult-szarnyasburgonya-15kg/", "product_description": "Bűntudat nélküli élvezet Aromás és lédús Vitalitás Az apró, ízletes krokettek fokozott nedvességtartalma puha szerkezetet és kellemes rágási érzetet biztosít. A MultiFit mellos kiegyensúlyozott és ízletes teljes értékű eledel, hozzáadott mesterséges aromák és ízfokozók nélkül. A megfelelő arányú D3-vitamin, valamint kalcium- és foszfor-tartalom fokozza kutyája vitalitását, és elősegíti a stabil csontok és az egészséges fogak fejlődését. Teljes értékű eledel felnőtt kutyák számára, bővebb információk a következő címen  kérhetők: webshop@fressnapf.hu . Analitikai összetevők 20% fehérje, 11% zsírtartalom, 8,5% nyershamu, 1,5% nyersrost. Összetétel Gabonafélék, hús és állati eredetű melléktermékek (14% baromfi, 4% friss baromfihús), olajok és zsírok, ásványi anyagok, cukor, zöldségek (4% sárgarépa) Adalékanyag/kg 10000 NE A-vitamin, 1000 NE D3-vitamin, 10 mg réz (réz(II)-szulfát, pentahidrát). antioxidánsok. Tartósítószer. Színezékek. Táplálási javaslat A kutya súlya g/nap 5 kg 130 g/nap 10 kg 200 g/nap 15 kg 300 g/nap 25 kg 400 g/nap 40 kg 500 g/nap 60 kg 600 g/nap Tovább olvasok"}
{"breadcrumb": "Főoldal/Kutya/Eledelek/Száraz eledelek/MultiFit Mellos kutya szárazeledel mini adult szárnyas&burgonya 1kg", "product_name": "MultiFit Mellos kutya szárazeledel mini adult szárnyas&burgonya 1kgMultiFit Mellos kutya szárazeledel mini adult szárnyas&burgonya 1kg", "brand": "MultiFitFelnőttszárnyas801g – 1kgkistestű 10kg-ig", "regular_price": "3 799", "selling_price": "3 299", "price_per_unit": "1 kg=1599 Ft", "product_url": "https://webshop.fressnapf.hu/termekek/multifit-mellos-kutya-szarazeledel-mini-adult-szarnyasburgonya-1kg/", "product_description": "A MultiFit mellos Mini szárnyassal és sárgarépával kiegyensúlyozott és ízletes teljes értékű eledel, hozzáadott mesterséges aromák és ízfokozók nélkül. A kisebb kroketteket kifejezetten a kistestű kutyafajták fogazatához igazították. Ezenkívül a krokettek fokozott nedvességtartalma puha szerkezetet és kellemes rágási érzetet biztosít. A megfelelő arányú D3-vitamin, valamint kalcium- és foszfor-tartalom fokozza kutyája vitalitását, és elősegíti a stabil csontok és az egészséges fogak fejlődését. Az előnyök áttekintése: Lédús és ízletes teljes értékű étel Kis termetű kutyákra szabott krokettméret Egészséges arányú D3-vitamin-, kalcium- és foszfortartalommal Lédús és ízletes teljes értékű étel Kis termetű kutyákra szabott krokettméret Egészséges arányú D3-vitamin-, kalcium- és foszfortartalommal Analitikai összetevők 20% fehérje, 11% zsírtartalom, 7,1% nyershamu, 2,5% nyersrost, 20% nedvességtartalom, 1,1% kalcium, 0,9% foszfor. Összetétel Gabonafélék, hús és állati eredetű melléktermékek (többek között 14% baromfifehérje, 4% friss baromfihús), növényi eredetű melléktermékek, zöldségek (4% sárgarépa, 4% spenót), olajok és zsírok, ásványi anyagok. Adalékanyag/kg Táplálkozásfiziológiai adalékanyagok/kg: 10000 NE A-vitamin, 1000 NE D3-vitamin, 9 mg réz (réz(II)-szulfát, pentahidrát), 1,7 mg jód (kalcium-jodát, vízmentes), 0,17 mg szelén (nátrium-szelenit), 60 mg cink (cink-oxid). Technológiai adalékanyagok: Tartósítószer. Táplálási javaslat A kutya testsúlya Napi adag 1kg–5kg 25–95 g 5kg–7,5kg 105–125 g 7,5kg–10kg 130–155 g A megadott adatok irányadó értékek. A tényleges tápanyagigény a fajtától, az életkortól és az aktivitástól függ. Mindig álljon rendelkezésre friss ivóvíz. Ügyeljen arra, hogy jutalomfalatok hozzáadása esetén csökkentse a megadott tápmennyiséget. Tovább olvasok"}
{"breadcrumb": "Főoldal/Kutya/Eledelek/Jutalomfalatok&rágcsák/MultiFit Native kutya jutalomfalat bikacsök 12cm 1kg", "product_name": "MultiFit Native kutya jutalomfalat bikacsök 12cm 1kgMultiFit Native kutya jutalomfalat bikacsök 12cm 1kg", "brand": "MultiFitFelnőttmarha&borjúszárított&természetes", "regular_price": "23999", "selling_price": "", "price_per_unit": "1 kg=23999 Ft", "product_url": "https://webshop.fressnapf.hu/termekek/multifit-natural-kutyasnack-bikacsok-1kg/", "product_description": "100%-ig természetes állati eredetű fehérjékben gazdag, kíméletesen szárított állateledel-alapanyag kutyáknak kölyökkortól kezdve – finom fogápoló rágcsálnivaló, mesterséges adalékanyagok nélkül. Összetétel: 100% szárított ökörfark. Analitikai összetevők: fehérje 86,2%, zsírtartalom 2,5%, nedvesség 12%. Adalékanyagok/kg: Érzékszervi tulajdonságokat javító adalékanyag: folyékony füst 1 g. (A közölt értékek a természetes termékekre jellemző módon eltérést mutathatnak.) Etetési javaslat: napi rágcsálnivalóként étkezések között, de ne haladja meg az eledel mennyiségének 10%-át. Etetés közben ajánlatos a felügyelet! Mindig adjon friss ivóvizet. Tovább olvasok"}
{"breadcrumb": "Főoldal/Kutya/Eledelek/Jutalomfalatok&rágcsák/MultiFit Native kutya jutalomfalat bikacsök 30cm 400g", "product_name": "MultiFit Native kutya jutalomfalat bikacsök 30cm 400gMultiFit Native kutya jutalomfalat bikacsök 30cm 400g", "brand": "MultiFitFelnőttmarha&borjúszárított&természetes", "regular_price": "8999", "selling_price": "", "price_per_unit": "1 kg=22498 Ft", "product_url": "https://webshop.fressnapf.hu/termekek/multifit-kutyasnack-bikacsok-400g/", "product_description": "100%-ig természetes állati eredetű fehérjékben gazdag, kíméletesen szárított állateledel-alapanyag kutyáknak kölyökkortól kezdve – finom fogápoló rágcsálnivaló, mesterséges adalékanyagok nélkül. Összetétel: 100% szárított ökörfark. Analitikai összetevők: fehérje 86,2%, zsírtartalom 2,5%, nedvesség 12%. Adalékanyagok/kg: Érzékszervi tulajdonságokat javító adalékanyag: folyékony füst 1 g. (A közölt értékek a természetes termékekre jellemző módon eltérést mutathatnak.) Etetési javaslat: napi rágcsálnivalóként étkezések között, de ne haladja meg az eledel mennyiségének 10%-át. Etetés közben ajánlatos a felügyelet! Mindig adjon friss ivóvizet. Tovább olvasok"}
{"breadcrumb": "Főoldal/Kutya/Eledelek/Jutalomfalatok&rágcsák/MultiFit Native kutya jutalomfalat csirkemell filé 1kg", "product_name": "MultiFit Native kutya jutalomfalat csirkemell filé 1kgMultiFit Native kutya jutalomfalat csirkemell filé 1kg", "brand": "MultiFitFelnőttszárnyasszárított&természetes", "regular_price": "8999", "selling_price": "", "price_per_unit": "1 kg=8999 Ft", "product_url": "https://webshop.fressnapf.hu/termekek/multifit-natural-csirkemell-file-1kg/", "product_description": "Filézett csirkemell: 100%-ban természetes – állati eredetű fehérjékben gazdag – kíméletesen szárított. Kiegészítő állateledel kutyáknak kölyökkortól kezdve – finom fogápoló rágcsálnivaló, mesterséges adalékanyagok felhasználása nélkül. Összetétel: 98% szárított filézett csirkemell, glicerin. Analitikai összetevők: fehérje 65,4%, zsírtartalom 2,8%, nedvesség 14,3%. Etetési javaslat: rágcsálnivalóként étkezések között, de ne haladja meg a napi eledel mennyiség 10%-át. Nem használható egyedüli eledelként. Etetés közben ajánlatos a felügyelet! Mindig adjon friss ivóvizet. (A közölt értékek a természetes termékekre jellemző módon eltérést mutathatnak.) Tovább olvasok"}
{"breadcrumb": "Főoldal/Kutya/Eledelek/Jutalomfalatok&rágcsák/MultiFit Native kutya jutalomfalat csirkenyak 200g", "product_name": "MultiFit Native kutya jutalomfalat csirkenyak 200gMultiFit Native kutya jutalomfalat csirkenyak 200g", "brand": "MultiFitFelnőttszárnyas", "regular_price": "1599", "selling_price": "", "price_per_unit": "1 KG=7995 Ft", "product_url": "https://webshop.fressnapf.hu/termekek/multifit-native-kutya-jutalomfalat-csirkenyak-200g/", "product_description": "Finom rágcsálnivaló két étkezés között. Egykomponensű eledel fiatal kutyák számára 6 hónapos kortól, felnőtt és idősebb kutyáknak, bővebb információk a következő címen kérhetők: info@fressnapf.hu kis kutyafajták számára is alkalmas kölyökkutyák és idősebb kutyák számára is nem tartalmaz színezéket és tartósítószereket Analitikai összetevők 50% fehérje, 27% zsírtartalom, 14% nyershamu, 1% nyersrost (a megadott adatok a természetes termékeknél általában eltérőek lehetnek) Összetétel 100% szárított csirkenyak Adalékanyag/kg Érzékszervi tulajdonságokat javító adalékanyagok: 1 mg füstaroma Nyomokban tartalmazhat egyéb összetevőket. Táplálási javaslat Jutalomfalat a fő eledel kiegészítéseként. Szükség szerint csökkenteni kell a fő eledel mennyiségét. Ne használja önálló eledelként. Javasolt a fogyasztás közben felügyelni az állatot. Mindig álljon rendelkezésre friss ivóvíz. Hűvös és száraz helyen tárolja. Tovább olvasok"}
{"breadcrumb": "Főoldal/Kutya/Eledelek/Jutalomfalatok&rágcsák/MultiFit Native kutya jutalomfalat hal falatok 200g", "product_name": "MultiFit Native kutya jutalomfalat hal falatok 200gMultiFit Native kutya jutalomfalat hal falatok 200g", "brand": "MultiFitFelnőtthal&tenger gyümölcseiszárított&természetes", "regular_price": "1999", "selling_price": "", "price_per_unit": "1 kg=9995 Ft", "product_url": "https://webshop.fressnapf.hu/termekek/multifit-native-kutya-jutalomfalat-hal-falatok-200g/", "product_description": "Kölyökkutyák és idősebb kutyák számára is megfelelő. Jól alkalmazható ételérzékenység esetén Kis termetű kutyafajták számára is alkalmas MultiFit native kutya jutalomfalat hal falatok – egykomponensű eledel kölyökkutyák, felnőtt és idősebb kutyák számára A MultiFit Native hal falatok jutalomfalat ízletes rágcsálnivaló két étkezés között. Az előnyök áttekintése: Hozzáadott színezékeket és tartósítószereket nem tartalmaz Kis termetű kutyafajták számára is kiválóan alkalmas Lágy állaga miatt kölyökkutyák és idősebb kutyák is fogyaszthatják Emésztési érzékenység esetén adható európai minőség Egykomponensű eledel kutyák számára. Bővebb információk a következő címen kérhetők: webshop@fressnapf.hu Analitikai összetevők 44% fehérje, 26,7% zsírtartalom. Összetétel szárított sprotni Adalékanyag/kg Érzékszervi tulajdonságokat javító adalékanyagok: Füstaroma 2b0001 1 mg Táplálási javaslat Jutalomfalat a fő eledel kiegészítéseként. Szükség szerint csökkenteni kell a fő eledel mennyiségét. Ne használja önálló eledelként alkalmas. Javasoljuk, hogy fogyasztás közben felügyelje az állatot! Mindig álljon rendelkezésre friss ivóvíz. biztosítani. Tovább olvasok"}
{"breadcrumb": "Főoldal/Kutya/Eledelek/Jutalomfalatok&rágcsák/MultiFit Native kutya jutalomfalat kacsamell filé 750g", "product_name": "MultiFit Native kutya jutalomfalat kacsamell filé 750gMultiFit Native kutya jutalomfalat kacsamell filé 750g", "brand": "MultiFitFelnőttszárnyasszárított&természetes", "regular_price": "7999", "selling_price": "", "price_per_unit": "1 kg=10665 Ft", "product_url": "https://webshop.fressnapf.hu/termekek/multifit-natural-kacsamell-file-750g/", "product_description": "Filézett kacsamell. Kiegészítő állateledel kutyáknak kölyökkortól kezdve- szórakoztató rágás, amely elősegíti a fogtisztítást, mesterséges adalékanyagok felhasználása nélkül. 100%-ban természetes, állati fehérjékben gazdag és kíméletesen szárított. Etetési javaslat: rágcsálnivalóként étkezések között, de ne haladja meg a napi eledel mennyiség 10%-át. Nem használható egyedüli eledelként. Etetés közben ajánlatos a felügyelet. Mindig adjon friss ivóvizet. Összetétel: 98% szárított filézett kacsamell, glicerin. Analitikai összetevők: fehérje 64,3%, zsírtartalom 4,2%, nedvesség 14,6%. (A közölt értékek a természetes termékekre jellemző módon eltérést mutathatnak.) Hűvös és száraz helyen tárolandó. Tovább olvasok"}
{"breadcrumb": "Főoldal/Kutya/Eledelek/Jutalomfalatok&rágcsák/MultiFit Native kutya jutalomfalat malacfül 500g", "product_name": "MultiFit Native kutya jutalomfalat malacfül 500gMultiFit Native kutya jutalomfalat malacfül 500g", "brand": "MultiFitFelnőttmalacszárított&természetes", "regular_price": "3999", "selling_price": "", "price_per_unit": "1 kg=7998 Ft", "product_url": "https://webshop.fressnapf.hu/termekek/multifit-native-malacful-500g/", "product_description": "MultiFit Sertésfül Darabok. Állateledel-alapanyag 6 hónaposnál idősebb fiatal valamint kifejlett kutyák számára – ízletes rágcsálnivaló etetések között, állati fehérjékben gazdag, kíméletesen szárított. Kiválasztott európai országokból származó minőség. Összetétel: szárított sertésfül darabok. Analitikai összetevők: fehérje 64%, zsírtartalom 31%. (A közölt értékek a természetes termékekre jellemző módon eltérést mutathatnak.) Adalékanyagok/kg: Érzékszervi tulajdonságokat javító adalékanyagok: 2b0001 füstaroma 1g. Etetési javaslat: csemegeként, a fő eledel kiegészítésére. A fő eledel mennyisége szükség szerint csökkenthető. Nem alkalmas önálló eledelként. Etetés közben ajánlatos a felügyelet! Mindig adjon friss ivóvizet. Hűvös és száraz helyen tárolandó. Tovább olvasok"}
{"breadcrumb": "Főoldal/Kutya/Eledelek/Jutalomfalatok&rágcsák/MultiFit Native kutya jutalomfalat marha falatok 500g", "product_name": "MultiFit Native kutya jutalomfalat marha falatok 500gMultiFit Native kutya jutalomfalat marha falatok 500g", "brand": "MultiFitFelnőttmarha&borjúszárított&természetes", "regular_price": "5499", "selling_price": "", "price_per_unit": "1 kg=10998 Ft", "product_url": "https://webshop.fressnapf.hu/termekek/multifit-natural-szaritott-marhahus-500g/", "product_description": "100%-ban természetes és állati fehérjékben, ásványi anyagokban és nyomelemekben gazdag kíméletesen szárított Jól emészthető MultiFit Native marhagége kutya jutalomfalat válogatott, természetes minőségben. Ápolja a fogakat és ideális kiegészítője a napi étrendnek. A MultiFit Native a rágás örömét és nagy élvezetet jelent minden kutya számára. Ápolja a fogakat és egészséges kiegészítője a napi étrendnek. Állati fehérjékben, ásványi anyagokban és nyomelemekben gazdag. Könnyen emészthető, mert kíméletesen szárított. A MultiFit native marhagége darabok kölyökkortól adhatók. Kiegészítő eledel kutyáknak, bővebb információk a következő címen kérhetők: webshop@fressnapf.hu Analitikai összetevők 68,6% fehérje, 14,9% zsírtartalom (A megadott adatok a természetes termékeknél általában eltérőek lehetnek.) Összetétel szárított marhagége Adalékanyag/kg Érzékszervi tulajdonságokat javító adalékanyagok: 2,9 mg 2b0001 füstaroma. Táplálási javaslat Jutalomfalat a fő eledel kiegészítéseként. Szükség szerint csökkenteni kell a fő eledel mennyiségét. Ne használja önálló eledelként. Javasoljuk, hogy fogyasztás közben felügyelje az állatot! Mindig álljon rendelkezésre friss ivóvíz. Nyomokban tartalmazhat egyéb összetevőket. Hűvös és száraz helyen tárolja. Tovább olvasok"}
{"breadcrumb": "Főoldal/Kutya/Eledelek/Jutalomfalatok&rágcsák/MultiFit Native kutya jutalomfalat marha fejbőr 200g", "product_name": "MultiFit Native kutya jutalomfalat marha fejbőr 200gMultiFit Native kutya jutalomfalat marha fejbőr 200g", "brand": "MultiFitFelnőttmarha&borjúszárított&természetes", "regular_price": "1999", "selling_price": "", "price_per_unit": "1 kg=9995 Ft", "product_url": "https://webshop.fressnapf.hu/termekek/multifit-native-kutya-jutalomfalat-marha-fejbor-200g/", "product_description": "Kiegészítő eledel, 6 hónaposnál idősebb fiatal valamint kifejlett kutyák számára. Hosszan tartó rágcsálnivaló etetések között, hozzáadott színezékek és tartósítószerek nélkül. Összetétel: szárított marhafejbőr. Analitikai összetevők: fehérje 90,9%, zsírtartalom 6,8%. (A közölt értékek a természetes termékekre jellemző módon eltérést mutathatnak.) Adalékanyagok/kg: érzékszervi tulajdonságokat javító adalékanyagok: füstaroma 2b0001 1mg. Etetési javaslat: csemegeként, a fő eledel kiegészítésére. A fő eledel mennyisége szükség szerint csökkenthető. Nem alkalmas önálló eledelként. Etetés közben ajánlatos a felügyelet. Mindig adjon friss ivóvizet. Nyomokban egyéb összetevőket is tartalmazhat. Hűvös és száraz helyen tárolandó. Tovább olvasok"}
{"breadcrumb": "Főoldal/Kutya/Eledelek/Jutalomfalatok&rágcsák/MultiFit Native kutya jutalomfalat marha M 400g", "product_name": "MultiFit Native kutya jutalomfalat marha M 400gMultiFit Native kutya jutalomfalat marha M 400g", "brand": "MultiFitFelnőttmarha&borjúrágócsíkok", "regular_price": "4299", "selling_price": "", "price_per_unit": "1 kg=10748 Ft", "product_url": "https://webshop.fressnapf.hu/termekek/multifit-ragorud-400g-marha-m/", "product_description": "Aromás, kellemes illat KÍméletesen szárított Kiemelt európai országok által biztosított minőség MultiFit rágórudak marhahússal különböző méretekben. Kiegészítő eledel fiatal kutyák számára 6 hónapos kortól és felnőtt kutyáknak, bővebb információk a következő címen kérhetők: webshop@fressnapf.hu Analitikai összetevők 59,4% fehérje, 13,3% zsírtartalom, 7,4% nyershamu, 1,1% nyersrost Összetétel 96% marha (84% marhabőr, 12% marhahús), glicerin Adalékanyag/kg Technológiai adalékanyagok: Tartósítószer Táplálási javaslat Jutalomfalat a fő eledel kiegészítéseként. Szükség szerint csökkenteni kell a fő eledel mennyiségét. Ne használja önálló eledelként. Javasolt a fogyasztás közben felügyelni az állatot! Mindig álljon rendelkezésre friss ivóvíz. Hűvös és száraz helyen tárolja. Tovább olvasok"}
{"breadcrumb": "Főoldal/Kutya/Eledelek/Jutalomfalatok&rágcsák/MultiFit Native kutya jutalomfalat marha pacal 1kg", "product_name": "MultiFit Native kutya jutalomfalat marha pacal 1kgMultiFit Native kutya jutalomfalat marha pacal 1kg", "brand": "MultiFitFelnőttmarha&borjúszárított&természetes", "regular_price": "5999", "selling_price": "", "price_per_unit": "1 kg=5999 Ft", "product_url": "https://webshop.fressnapf.hu/termekek/multifit-natural-marha-pacal-1kg/", "product_description": "100%-ig természetes állati eredetű fehérjékben gazdag, kíméletesen szárított állateledel-alapanyag kutyáknak kölyökkortól kezdve – finom fogápoló rágcsálnivaló, mesterséges adalékanyagok nélkül. Összetétel: 100% szárított marhabendő. Analitikai összetevők: fehérje 81%, zsírtartalom 6,5%. (A közölt értékek a természetes termékekre jellemző módon eltérést mutathatnak.) Etetési javaslat: napi rágcsálnivalóként étkezések között, de ne haladja meg az eledel mennyiségének 10%-át. Etetés közben ajánlatos a felügyelet! Mindig adjon friss ivóvizet. Tovább olvasok"}
{"breadcrumb": "Főoldal/Kutya/Eledelek/Jutalomfalatok&rágcsák/MultiFit Native kutya jutalomfalat marha pacal 500g", "product_name": "MultiFit Native kutya jutalomfalat marha pacal 500gMultiFit Native kutya jutalomfalat marha pacal 500g", "brand": "MultiFitFelnőttmarha&borjúszárított&természetes", "regular_price": "3299", "selling_price": "", "price_per_unit": "1 kg=6598 Ft", "product_url": "https://webshop.fressnapf.hu/termekek/multifit-natural-szaritott-marhapacal-500g/", "product_description": "100%-ban természetes és állati fehérjékben, ásványi anyagokban és nyomelemekben gazdag Kíméletesen szárított és jól emészthető Elősegíti az emésztést Marhabendő válogatott, természetes minőségben. A természetes enzimeknek köszönhetően emésztést elősegítő hatású, ápolja a fogakat és egészséges kiegészítője a napi étrendnek. A MultiFit Native válogatott, természetes minőségű termék, amely állati fehérjékben, ásványi anyagokban és nyomelemekben gazdag. Könnyen emészthető, mert kíméletesen szárított. Egykomponensű eledel kutyáknak kölyökkortól kezdve – adalékanyagoktól mentes. A MultiFit Native a rágás örömét és nagy élvezetet jelent minden kutya számára. Kiegészítő eledel kutyák számára, bővebb információk a következő címen kérhetők: webshop@fressnapf.hu Analitikai összetevők 81% fehérje, 6,5% zsírtartalom. (A megadott adatok a természetes termékeknél általában eltérőek lehetnek.) Összetétel 100% szárított marhabendő Táplálási javaslat Javasoljuk az étkezések közötti etetést és adott esetben a táplálék mennyiségének szükség szerinti csökkentését. Kölyökkutyák esetében az arány nem haladhatja meg a napi eledelmennyiség 10%-át. Tovább olvasok"}
{"breadcrumb": "Főoldal/Kutya/Eledelek/Jutalomfalatok&rágcsák/MultiFit Native kutya jutalomfalat marha S 150g", "product_name": "MultiFit Native kutya jutalomfalat marha S 150gMultiFit Native kutya jutalomfalat marha S 150g", "brand": "MultiFitFelnőttmarha&borjúrágócsíkok", "regular_price": "1799", "selling_price": "", "price_per_unit": "1 kg=11993 Ft", "product_url": "https://webshop.fressnapf.hu/termekek/multifit-ragorud-150g-marha-s/", "product_description": "Kiválasztott európai országokból származó minőség- kíméletesen szárított. MultiFit Rágókák 84% marhabőrrel és 12% marhahússal. Kiegészítő eledel 6 hónaposnál idősebb fiatal valamint kifejlett kutyák számára- ízletes rágcsálnivaló etetések között, hozzáadott gabonafélék nélkül. Összetétel: 96% marha (84% marhabőr, 12% marhahús), glicerin. Analitikai összetevők: fehérje 59,4%, zsírtartalom 13,3%, nyershamu 7,4%, nyersrost 1,1%, nedvesség 17,1%. Adalékanyagok: technológiai adalékanyagok: tartósítószer. Etetési javaslat: csemegeként, a fő eledel kiegészítésére. A fő eledel mennyisége szüksége szerint csökkenthető. Nem alkalmas önálló eledelként. Etetés közben ajánlatos a felügyelet! Mindig adjon friss ivóvizet. Hűvös és száraz helyen tárolandó. Tovább olvasok"}
{"breadcrumb": "Főoldal/Kutya/Eledelek/Jutalomfalatok&rágcsák/MultiFit Native kutya jutalomfalat marhagége 140g", "product_name": "MultiFit Native kutya jutalomfalat marhagége 140gMultiFit Native kutya jutalomfalat marhagége 140g", "brand": "MultiFitFelnőttmarha&borjú", "regular_price": "2199", "selling_price": "", "price_per_unit": "1 kg=15707 Ft", "product_url": "https://webshop.fressnapf.hu/termekek/multifit-native-kutya-jutalomfalat-marhagege-140g/", "product_description": "Természetes minőség Állati fehérjékben, ásványi anyagokban és nyomelemekben gazdag Kíméletesen szárított és jól emészthető Marhagége kutya jutalomfalat válogatott, természetes minőségben. Ápolja a fogakat és ideális kiegészítője a napi étrendnek. A MultiFit Native válogatott, természetes minőségű termék, amely állati fehérjékben, ásványi anyagokban és nyomelemekben gazdag. Könnyen emészthető, mivel kíméletesen szárított. Egykomponensű eledel kutyáknak kölyökkortól kezdve – adalékanyagoktól mentes. A MultiFit Native a rágás örömét és nagy élvezetet jelent minden kutya számára. Ápolja a fogakat és egészséges kiegészítője a napi étrendnek. Kiegészítő eledel kutyák számára, bővebb információk a következő címen kérhetők: webshop@fressnapf.hu Analitikai összetevők 56,9% fehérje, 21,5% zsírtartalom. (A megadott adatok e terméktípusnál általában eltérőek lehetnek.) Összetétel szárított marhagége. Adalékanyag/kg – Táplálási javaslat Jutalomfalat a fő eledel kiegészítéseként. Szükség szerint csökkenteni kell a fő eledel mennyiségét. Ne használja önálló eledelként. Javasolt a fogyasztás közben felügyelni az állatot! Mindig álljon rendelkezésre friss ivóvíz. Hűvös és száraz helyen tárolja. Tovább olvasok"}
{"breadcrumb": "Főoldal/Kutya/Eledelek/Jutalomfalatok&rágcsák/MultiFit Native kutya jutalomfalat marhagége 250g", "product_name": "MultiFit Native kutya jutalomfalat marhagége 250gMultiFit Native kutya jutalomfalat marhagége 250g", "brand": "MultiFitFelnőttmarha&borjúszárított&természetes", "regular_price": "2999", "selling_price": "", "price_per_unit": "1 kg=11996 Ft", "product_url": "https://webshop.fressnapf.hu/termekek/multifit-native-marhagege-250g/", "product_description": "100%-ban természetes és állati fehérjékben, ásványi anyagokban és nyomelemekben gazdag kíméletesen szárított Jól emészthető MultiFit Native marhagége kutya jutalomfalat válogatott, természetes minőségben. Ápolja a fogakat és ideális kiegészítője a napi étrendnek. A MultiFit Native a rágás örömét és nagy élvezetet jelent minden kutya számára. Ápolja a fogakat és egészséges kiegészítője a napi étrendnek. Állati fehérjékben, ásványi anyagokban és nyomelemekben gazdag. Könnyen emészthető, mert kíméletesen szárított. A MultiFit native marhagége darabok kölyökkortól adhatók. Kiegészítő eledel kutyáknak, bővebb információk a következő címen kérhetők: webshop@fressnapf.hu Analitikai összetevők 68,6% fehérje, 14,9% zsírtartalom (A megadott adatok a természetes termékeknél általában eltérőek lehetnek.) Összetétel szárított marhagége Adalékanyag/kg Érzékszervi tulajdonságokat javító adalékanyagok: 2,9 mg 2b0001 füstaroma. Táplálási javaslat Jutalomfalat a fő eledel kiegészítéseként. Szükség szerint csökkenteni kell a fő eledel mennyiségét. Ne használja önálló eledelként. Javasoljuk, hogy fogyasztás közben felügyelje az állatot! Mindig álljon rendelkezésre friss ivóvíz. Nyomokban tartalmazhat egyéb összetevőket. Hűvös és száraz helyen tárolja. Tovább olvasok"}
{"breadcrumb": "Főoldal/Kutya/Eledelek/Jutalomfalatok&rágcsák/MultiFit Native kutya jutalomfalat marhagége báránnyal 50g", "product_name": "MultiFit Native kutya jutalomfalat marhagége báránnyal 50gMultiFit Native kutya jutalomfalat marhagége báránnyal 50g", "brand": "MultiFitNative0g – 100gFelnőttvegyesszárított&természetes", "regular_price": "999", "selling_price": "", "price_per_unit": "1 kg=19980 Ft", "product_url": "https://webshop.fressnapf.hu/termekek/multifit-native-kutya-jutalomfalat-marhagege-barannyal-8x50g/", "product_description": "MultiFit native Marhagége, darabolt – praktikus adagokra osztva, zamatos bárányhúskrémmel ízesítve. Ízletes rágcsálnivaló etetések között. Kiegészítő eledel kifejlett kutyáknak – hozzáadott színezékek nélkül. Összetétel: bárányhús 50%, marhagége 39%, kacsamell 5%, növényi eredetű származékok, szorbitol, ásványi anyagok. Analitikai összetevők: fehérje 40%, zsírtartalom 5%, nyershamu 6%, nyersrost 1%, nedvesség 23%. Etetési javaslat: csemegeként, a fő eledel kiegészítésére. A fő eledel mennyisége szükség szerint csökkenthető. Nem alkalmas önálló eledelként. Mindig adjon friss ivóvizet. Tovább olvasok"}
{"breadcrumb": "Főoldal/Kutya/Eledelek/Jutalomfalatok&rágcsák/MultiFit Native kutya jutalomfalat marhagége csirkével 50g", "product_name": "MultiFit Native kutya jutalomfalat marhagége csirkével 50gMultiFit Native kutya jutalomfalat marhagége csirkével 50g", "brand": "MultiFitNative0g – 100gFelnőttvegyesszárított&természetes", "regular_price": "999", "selling_price": "", "price_per_unit": "1 kg=19980 Ft", "product_url": "https://webshop.fressnapf.hu/termekek/multifit-native-kutya-jutalomfalat-marhagege-csirkevel-8x50g/", "product_description": "MultiFit native Marhagége, darabolt – praktikus adagokra osztva, zamatos csirkemellkrémmel ízesítve. Ízletes rágcsálnivaló etetések között. Kiegészítő takarmány kifejlett kutyáknak – hozzáadott színezékek nélkül. Összetétel: csirkemell 55%, marhagége 39%,növényi eredetű származékok, szorbitol, ásványi anyagok. Analitikai összetevők: fehérje 40%, zsírtartalom 5%, nyershamu 6%, nyersrost 1%, nedvesség 23%. Etetési javaslat: csemegeként, a fő eledel kiegészítésére. A fő eledel mennyisége szükség szerint csökkenthető. Nem alkalmas önálló eledelként. Mindig adjon friss ivóvizet. Tovább olvasok"}
{"breadcrumb": "Főoldal/Kutya/Eledelek/Jutalomfalatok&rágcsák/MultiFit Native kutya jutalomfalat marhagége darabok 1kg", "product_name": "MultiFit Native kutya jutalomfalat marhagége darabok 1kgMultiFit Native kutya jutalomfalat marhagége darabok 1kg", "brand": "MultiFitFelnőttmarha&borjúszárított&természetes", "regular_price": "10499", "selling_price": "", "price_per_unit": "1 kg=10499 Ft", "product_url": "https://webshop.fressnapf.hu/termekek/multifit-native-marhagege-darabok-1kg/", "product_description": "MultiFit Native Marhagége darabok. Állateledel-alapanyag 6 hónaposnál idősebb fiatal valamint kifejlett kutyák számára – ízletes rágcsálnivaló etetések között, hozzáadott színezékek és tartósítószerek nélkül. Összetétel: szárított marhagége. Analitikai összetevők: fehérje 68,6%, zsírtartalom 14,9%. (A közölt értékek a természetes termékekre jellemző módon eltérést mutathatnak.) Adalékanyagok/kg: Érzékszervi tulajdonságokat javító adalékanyagok: 2b0001 füstaroma 2,9mg. Etetési javaslat: Csemegeként, a fő eledel kiegészítésére. A fő eledel mennyisége szükség szerint csökkenthető. Nem alkalmas önálló eledelként. Etetés közben ajánlatos a felügyelet! Mindig adjon friss ivóvizet. Hűvös és száraz helyen tárolandó. Nyomokban egyéb összetevőket is tartalmazhat. Tovább olvasok"}
{"breadcrumb": "Főoldal/Kutya/Eledelek/Jutalomfalatok&rágcsák/MultiFit Native kutya jutalomfalat marhagége marhával 50g", "product_name": "MultiFit Native kutya jutalomfalat marhagége marhával 50gMultiFit Native kutya jutalomfalat marhagége marhával 50g", "brand": "MultiFitNative0g – 100gFelnőttmarha&borjúszárított&természetes", "regular_price": "999", "selling_price": "", "price_per_unit": "1 kg=19980 Ft", "product_url": "https://webshop.fressnapf.hu/termekek/multifit-native-kutya-jutalomfalat-marhagege-marhaval-8x50g/", "product_description": "MultiFit native Marhagége, darabolt – praktikus adagokra osztva, zamatos marhahúskrémmel ízesítve. Ízletes rágcsálnivaló etetések között. Kiegészítő eledel kifejlett kutyáknak – hozzáadott színezékek nélkül. Összetétel: marhahús 50%, marhagége 39%, kacsamell 5%, növényi eredetű származékok, szorbitol, ásványi anyagok. Analitikai összetevők: fehérje 40%, zsírtartalom 5%, nyershamu 6%, nyersrost 1%, nedvesség 23%. Etetési javaslat: csemegeként, a fő eledel kiegészítésére. A fő eledel mennyisége szükség szerint csökkenthető. Nem alkalmas önálló eledelként. Tovább olvasok"}
{"breadcrumb": "Főoldal/Kutya/Eledelek/Jutalomfalatok&rágcsák/MultiFit Native kutya jutalomfalat marhatüdő 250g", "product_name": "MultiFit Native kutya jutalomfalat marhatüdő 250gMultiFit Native kutya jutalomfalat marhatüdő 250g", "brand": "MultiFitFelnőttmarha&borjúszárított&természetes", "regular_price": "1999", "selling_price": "", "price_per_unit": "1 kg=7996 Ft", "product_url": "https://webshop.fressnapf.hu/termekek/multifit-natural-marhatudo-250g/", "product_description": "100%-ig természetes állati eredetű fehérjékben gazdag, kíméletesen szárított állateledel-alapanyag kutyáknak kölyökkortól kezdve – finom fogápoló rágcsálnivaló, mesterséges adalékanyagok nélkül. Összetétel: 100% szárított marhatüdő. Analitikai összetevők: fehérje 68,8%, zsírtartalom 10%, nyershamu 10,1%, nyersrost 2,5%, nedvesség 10%. Adalékanyagok/kg: Érzékszervi tulajdonságokat javító adalékanyag: folyékony füst 1g. (A közölt értékek a természetes termékekre jellemző módon eltérést mutathatnak.) Etetési javaslat: napi rágcsálnivalóként étkezések között, de ne haladja meg az eledel mennyiségének 10%-át. Etetés közben ajánlatos a felügyelet! Mindig adjon friss ivóvizet. Tovább olvasok"}
{"breadcrumb": "Főoldal/Kutya/Eledelek/Jutalomfalatok&rágcsák/MultiFit Native kutya jutalomfalat nyúlfül 100g", "product_name": "MultiFit Native kutya jutalomfalat nyúlfül 100gMultiFit Native kutya jutalomfalat nyúlfül 100g", "brand": "MultiFitFelnőttnyúlszárított&természetes", "regular_price": "1999", "selling_price": "", "price_per_unit": "1 kg=19990 Ft", "product_url": "https://webshop.fressnapf.hu/termekek/multifit-native-kutya-jutalomfalat-nyulful-100g/", "product_description": "Fiatal és idősebb kutyák számára is alkalmas Jól használható ételérzékenység esetén Kis termetű fajták számára is alkalmas Egykomponensű eledel kölyökkutyák, felnőtt és idősebb kutyák számára. Állati fehérjékben, ásványi anyagokban és nyomelemekben gazdag, kíméletesen szárított és ezért jól emészthető. A MultiFit Native a hosszú ideig tartó rágás örömét és nagy élvezetet nyújt minden kutya számára. Ízletes rágcsálnivaló két étkezés között, hozzáadott színezékek és tartósítószerek nélkül. Egykomponensű eledel kölyökkutyák, felnőtt és idősebb kutyák számára, bővebb információk a következő címen kérhetők: webshop@fressnapf.hu Analitikai összetevők 32,4% fehérje, 34,1% zsírtartalom (A megadott adatok e terméktípusnál általában eltérőek lehetnek.) Összetétel 100% szárított nyúlfül Adalékanyag/kg Érzékszervi tulajdonságokat javító adalékanyagok: 0,01 mg 2b0001 füstaroma Táplálási javaslat Jutalomfalat a fő eledel kiegészítéseként. Szükség szerint csökkenteni kell a fő eledel mennyiségét. Ne használja önálló eledelként. Javasoljuk, hogy fogyasztás közben felügyelje az állatot! Mindig álljon rendelkezésre friss ivóvíz. Nyomokban tartalmazhat egyéb összetevőket. Hűvös és száraz helyen tárolja. Tovább olvasok"}
{"breadcrumb": "Főoldal/Kutya/Eledelek/Jutalomfalatok&rágcsák/MultiFit Native kutya jutalomfalat nyúlfül csirkével 80g", "product_name": "MultiFit Native kutya jutalomfalat nyúlfül csirkével 80gMultiFit Native kutya jutalomfalat nyúlfül csirkével 80g", "brand": "MultiFit0g – 100gFelnőttnyúlszárított&természetes", "regular_price": "799", "selling_price": "", "price_per_unit": "1 kg=9988 Ft", "product_url": "https://webshop.fressnapf.hu/termekek/multifit-native-kutya-jutalomfalat-nyulful-csirkevel-80g/", "product_description": "Kiegészítő eledel kutyák számára. Finom snack csirkével töltött nyúlfülből. -Hosszan tartó rágcsálnivaló etetések között -Természetes -Fiatal és idősebb kutyáknak is -Mesterséges színezékek, tartósítószerek, cukor és szója hozzáadása nélkül Összetétel: csirke (44,8%), nyúlfül (40%), kukoricakeményítő (6%), glicerin, szorbit, ásványi anyagok Analitikai összetevők: fehérje 35%, zsírtartalom 6%, nyershamu 5%, nyersrost 1% Nedvességtartalom: 18% Etetési javaslat: napi rágcsálnivalóként étkezések között. Etetés közben ajánlatos a felügyelet! Mindig adjon friss ivóvizet. Tovább olvasok"}
{"breadcrumb": "Főoldal/Kutya/Eledelek/Jutalomfalatok&rágcsák/MultiFit Native kutya jutalomfalat nyúlfül szörrel 100g", "product_name": "MultiFit Native kutya jutalomfalat nyúlfül szörrel 100gMultiFit Native kutya jutalomfalat nyúlfül szörrel 100g", "brand": "MultiFit0g – 100gFelnőttnyúlszárított&természetes", "regular_price": "1199", "selling_price": "", "price_per_unit": "1 KG=11990 Ft", "product_url": "https://webshop.fressnapf.hu/termekek/multifit-native-kutya-jutalomfalat-nyulful-szorrel-100g/", "product_description": "MultiFit Native szőrős nyúlfül. Takarmány-alapanyag 6 hónaposnál idősebb növendék és kifejlett kutyák számára – hosszan tartó, élvezetes rágcsálás az étkezések között, hozzáadott mesterséges színezékek és tartósítószerek nélkül. Összetétel: 100% szárított nyúlfül. Analitikai összetevők: fehérje 63%, zsírtartalom 15,5%, nyershamu 5%, nyersrost 1%, nedvesség 15%. Etetési javaslat: csemegeként, a fő eledel kiegészítésére. A fő eledel mennyisége szükség szerint csökkenthető. Nem alkalmas önálló eledelként. Etetés közben ne hagyja felügyelet nélkül háziállatát. Tovább olvasok"}
{"breadcrumb": "Főoldal/Kutya/Eledelek/Jutalomfalatok&rágcsák/MultiFit Native rágórúd kutya jutalomfalat marhabél 60g", "product_name": "MultiFit Native rágórúd kutya jutalomfalat marhabél 60gMultiFit Native rágórúd kutya jutalomfalat marhabél 60g", "brand": "MultiFitNative0g – 100gFelnőttmarha&borjúszárított&természetes", "regular_price": "1599", "selling_price": "", "price_per_unit": "1 kg=26650 Ft", "product_url": "https://webshop.fressnapf.hu/termekek/multifit-native-ragorud-kutya-jutalomfalat-marhabel-60g/", "product_description": "Európai minőség MultiFit native Rágórudak marhabélből. A MultiFit marhabélből készült rágórudak ízletes rágcsálnivalók két etetés között. Takarmány-alapanyag hat hónaposnál idősebb növendék és kifejlett kutyák számára – Hozzáadott mesterséges színezékek és tartósítószerek nélkül. Összetétel: 100% marhabél. Analitikai összetevők: fehérje 30%, zsírtartalom 64% (A megadott értékek a természetes termékekre jellemző módon eltérést mutathatnak.) Adalékanyagok/kg: tápértékkel rendelkező adalékanyagok: biotin 40μg. Tovább olvasok"}
{"breadcrumb": "Főoldal/Kutya/Eledelek/Nedves eledelek/MultiFit nedves kutyaeledel paté pulyka&burgonya 475g", "product_name": "MultiFit nedves kutyaeledel paté pulyka&burgonya 475gMultiFit nedves kutyaeledel paté pulyka&burgonya 475g", "brand": "MultiFit401g – 600gFelnőttpástétomtetra", "regular_price": "8 994", "selling_price": "8 394", "price_per_unit": "1 kg=1893 Ft", "product_url": "https://webshop.fressnapf.hu/termekek/multifit-nedves-kutyaeledel-pate-pulykaburgonya-475g/", "product_description": "MultiFit Adult Pástétom Pulykával és Burgonyával. Hozzáadott cukor, tartósítószerek, színezékek, mesterséges aromaanyagok és szója nélkül. Gabonamentes receptúra. Teljes értékű eledel kifejlett kutyák számára. Összetétel: 55% hús és állati származékok (többek között 5% pulyka), 4% burgonya, növényi eredetű származékok, olajok és zsírok. Analitikai összetevők: fehérje 9,4%, zsírtartalom 5,9%, nyershamu 2,5%, nyersrost 0,8%, kalcium 0,52%, foszfor 0,33%. Nedvesség 78,6%. Adalékanyagok/kg: tápértékkel rendelkező adalékanyagok: A-vitamin 1200 NE, D3-vitamin 108 NE, réz (3b405) 0,92mg, vas (3b101) 3,64mg, jód (3b201) 0,45mg, mangán (3b502) 2,3mg, cink (3b603) 11,41mg. Nyomokban egyéb összetevőket is tartalmazhat. Tovább olvasok"}
{"breadcrumb": "Főoldal/Kutya/Eledelek/Nedves eledelek/MultiFit nedves kutyaeledel paté senior bárány&burgonya 475g", "product_name": "MultiFit nedves kutyaeledel paté senior bárány&burgonya 475gMultiFit nedves kutyaeledel paté senior bárány&burgonya 475g", "brand": "MultiFit401g – 600gIdőspástétomtetra", "regular_price": "8 994", "selling_price": "8 394", "price_per_unit": "1 kg=1893 Ft", "product_url": "https://webshop.fressnapf.hu/termekek/multifit-nedves-kutyaeledel-pate-senior-baranyburgonya-475g/", "product_description": "MultiFit Senior Pástétom Báránnyal és Burgonyával. Hozzáadott cukor, tartósítószerek, színezékek, mesterséges aromaanyagok és szója nélkül. Gabonamentes receptúra. Teljes értékű eledel idősebb kutyák számára 7 éves kortól. Összetétel: 55% hús és állati származékok (többek között 5% bárány), 4% burgonya, növényi eredetű származékok, olajok és zsírok. Analitikai összetevők: fehérje 9,4%, zsírtartalom 6%, nyershamu 2,6%, nyersrost 0,8%, kalcium 0,53%, foszfor 0,34%. Nedvesség 78,2%. Adalékanyagok/kg: tápértékkel rendelkező adalékanyagok: A-vitamin 1200 NE, D3-vitamin 108 NE, réz (3b405) 1,03mg, vas (3b101) 4,04mg, jód (3b201) 0,5mg, mangán (3b502) 2,55mg, cink (3b603) 12,67mg. Nyomokban egyéb összetevőket is tartalmazhat. Tovább olvasok"}
{"breadcrumb": "Főoldal/Kutya/Eledelek/Nedves eledelek/MultiFit nedves kutyaeledel ragu adult marh&répa 475g", "product_name": "MultiFit nedves kutyaeledel ragu adult marh&répa 475gMultiFit nedves kutyaeledel ragu adult marh&répa 475g", "brand": "MultiFit401g – 600gFelnőttragustetra", "regular_price": "5 094", "selling_price": "4 794", "price_per_unit": "1 kg=1893 Ft", "product_url": "https://webshop.fressnapf.hu/termekek/multifit-nedves-kutyaeledel-ragu-adult-marhrepa-475g/", "product_description": "MultiFit Adult Ragu Marhával és Sárgarépával. Hozzáadott cukor, tartósítószerek, színezékek, mesterséges aromaanyagok és szója nélkül. Teljes értékű eledel kifejlett kutyák számára. Összetétel: 42% hús és állati származékok (többek között 5% marha), 4% sárgarépa, gabonafélék, növényi fehérjekivonatok, olajok és zsírok, ásványi anyagok. Analitikai összetevők: fehérje 8,4%, zsírtartalom 5%, nyershamu 2,5%, nyersrost 0,2%, kalcium 0,48%, foszfor 0,31%. Nedvesség 80,5%. Adalékanyagok/kg: tápértékkel rendelkező adalékanyagok: A-vitamin 2400 NE, D3-vitamin 215 NE, réz (3b405) 0,68mg, vas (3b101) 2,7mg, jód (3b201) 0,33mg, mangán (3b502) 1,7mg, cink (3b603) 8,45mg. Nyomokban egyéb összetevőket is tartalmazhat. Tovább olvasok"}
{"breadcrumb": "Főoldal/Kutya/Eledelek/Nedves eledelek/MultiFit nedves kutyaeledel ragu adult nyúl&répa 475g", "product_name": "MultiFit nedves kutyaeledel ragu adult nyúl&répa 475gMultiFit nedves kutyaeledel ragu adult nyúl&répa 475g", "brand": "MultiFit401g – 600gFelnőttragustetra", "regular_price": "5 094", "selling_price": "4 794", "price_per_unit": "1 kg=1893 Ft", "product_url": "https://webshop.fressnapf.hu/termekek/multifit-nedves-kutyaeledel-ragu-adult-nyulrepa-475g/", "product_description": "MultiFit Adult Ragu Nyúllal és Sárgarépával. Hozzáadott cukor, tartósítószerek, színezékek, mesterséges aromaanyagok és szója nélkül. Teljes értékű eledel kifejlett kutyák számára. Összetétel: 42% hús és állati származékok (többek között 5% nyúl), 4% sárgarépa, gabonafélék, növényi fehérjekivonatok, olajok és zsírok, ásványi anyagok. Analitikai összetevők: fehérje 8,1%, zsírtartalom 5,1%, nyershamu 2,5%, nyersrost 0,2%, kalcium 0,48%, foszfor 0,31%. Nedvesség 80,9%. Adalékanyagok/kg: tápértékkel rendelkező adalékanyagok: A-vitamin 2400 NE, D3-vitamin 215 NE, réz (3b405) 0,68mg, vas (3b101) 2,7mg, jód (3b201) 0,33mg, mangán (3b502) 1,7mg, cink (3b603) 8,45mg. Nyomokban egyéb összetevőket is tartalmazhat. Tovább olvasok"}
{"breadcrumb": "Főoldal/Kutya/Eledelek/Száraz eledelek/MultiFit Sensitive kutya szárazeledel bárány&szárnyas 12kg", "product_name": "MultiFit Sensitive kutya szárazeledel bárány&szárnyas 12kgMultiFit Sensitive kutya szárazeledel bárány&szárnyas 12kg", "brand": "MultiFitClassic10,1 – 12kgFelnőttjuh&bárány&kecskeérzékeny emésztésűközepes testű 11-25kg", "regular_price": "12 999", "selling_price": "11 999", "price_per_unit": "1 kg=1000 Ft", "product_url": "https://webshop.fressnapf.hu/termekek/multifit-sensitive-kutya-szarazeledel-baranyszarnyas-12kg/", "product_description": "A könnyű emésztésért Erősíti a csontokat és a fogakat Különösen alkalmas érzékeny gyomor esetén A MultiFit Sensitive kiegyensúlyozott, könnyen emészthető száraz eledel, amely kifejezetten a felnőtt kutyák igényeihez igazodik. Jól emészthető összetevők, mint a bárányhús és a rizs,  valamint az élelmi rostok támogatják az emésztést, különösen az érzékeny gyomrú állatok számára. MultiFit Sensitiv, válogatott összetevőkkel, például bárányhús, baromfi és rizs, Németországban gyártva. Az E-vitamin, a szelén és az esszenciális zsírsavak támogatják a szervezet védekezőképességét. Az esszenciális omega-3 és omega-6 zsírsavak simává és csillogóvá teszik a szőrzetet. A nagy mennyiségben rendelkezésre álló kalcium erősíti kutyája csontjait és fogait. Az előnyök áttekintése: jól emészthető összetevők, mint a bárányhús és a rizs A bélben hasznosuló élelmi rostok biztosítják a könnyű emésztést. Az E-vitamin, a szelén és az esszenciális zsírsavak támogatják a szervezet védekezőképességét Esszenciális omega-3 és omega-6 zsírsavak a sima és fényes szőrzetért A kalcium erősíti a csontokat és a fogakat nem tartalmaz hozzáadott cukrot vagy szóját. Analitikai összetevők 20% fehérje, 11% zsírtartalom, 6,8% nyershamu, 3% nyersrost, 0,55% kalcium, 1,01% foszfor, 0,25% omega-3 zsírsavak, 2% omega-6 zsírsavak Összetétel Gabonafélék (többek között 14% rizs), hús és állati eredetű melléktermékek (többek között 14% friss baromfi, 8% bárányhús), növényi eredetű melléktermékek (többek között 0,7% szárított répaszelet), olajok és zsírok (többek között 1% halolaj, 0,1% napraforgóolaj), zöldségek (többek között 1% borsó, szárított, ami 9% borsónak felel meg), ásványi anyagok, hal és hal eredetű melléktermékek, élesztő. Adalékanyag/kg 70 mg E-vitamin, 50 mg C-vitamin, 2,5 mg K3-vitamin  , 12000 NE A-vitamin, 4,8 mg B1-vitamin, 417 μg biotin, 26 mg kalcium-D-pantotenát, 2800 mg kolinklorid, 1 mg folsav, 32 mg niacinamid, 25 mg taurin, 26 mg B6-vitamin/piridoxin-hidroklorid, 62 μg B12-vitamin, 11 mg B2-vitamin/riboflavin-5′-foszfát mononátrium só, 1200 NE D3-vitamin, 2 mg jód (kalcium-jodát, vízmentes), 0,2 mg szelén (nátrium-szelenit), 70 mg cink (cink-oxid), 10 mg réz (réz(II)szulfát-pentahidrát) Technológiai adalékanyagok: antioxidánsok Táplálási javaslat A kutya súlya Napi adagolás 2,5 kg 50 g 5 kg 80 g 7,5 kg 110 g 10 kg 135 g 15 kg 180 g 20 kg 225 g 25 kg 270 g 30 kg 305 g 35 kg 345 g 40 kg 380 g 45 kg 415 g 50 kg 450 g 60 kg 515 g 70 kg 575 g 80 kg 640 g Kérjük, vegye figyelembe, hogy az egyéni igények az aktivitástól, az életkortól és a fajtától függnek. Mindig álljon rendelkezésre friss ivóvíz. Ügyeljen arra, hogy jutalomfalatok hozzáadása esetén csökkentse a megadott tápmennyiséget. Tovább olvasok"}
{"breadcrumb": "Főoldal/Kutya/Eledelek/Jutalomfalatok&rágcsák/MultiFit Snacks Chick’n Chew kutya jutalomfalat Calcium 100g", "product_name": "MultiFit Snacks Chick’n Chew kutya jutalomfalat Calcium 100gMultiFit Snacks Chick’n Chew kutya jutalomfalat Calcium 100g", "brand": "MultiFitChick'n Chew0g – 100gFelnőttcsirkefogápolás", "regular_price": "1299", "selling_price": "", "price_per_unit": "1 KG=12990 Ft", "product_url": "https://webshop.fressnapf.hu/termekek/multifit-snacks-chickn-chew-kutya-jutalomfalat-calcium-100g/", "product_description": "MultiFit Csemege Csirkerágcsa – kalciummal. Finom csontok kalciummal ízletes csirkébe burkolva a különleges rágcsaélményért. Kiegészítő eledel kutyáknak 6 hónapos kortól – hozzáadott cukor nélkül. Zsírszegény. Összetétel: hús és állati származékok (csirke 72%), növényi eredetű származékok, glicerin, kalcium-karbonát 2,2%, ásványi anyagok, olajok és zsírok, kalcium-propionát 0,05%. Analitikai összetevők: fehérje 35%, zsírtartalom 2%, nyershamu 6,5%, nyersrost 0,5%, kalcium 1%, nedvesség 18%. Adalékanyagok/kg: érzékszervi tulajdonságokat javító adalékanyagok: színezékek. Etetési javaslat: csemegeként, a fő eledel kiegészítésére. A fő eledel mennyisége szükség szerint csökkenthető. Nem alkalmas önálló eledelként. Tovább olvasok"}
{"breadcrumb": "Főoldal/Kutya/Eledelek/Jutalomfalatok&rágcsák/MultiFit Snacks Chick’n Chew kutya jutalomfalat Nr.2 100g", "product_name": "MultiFit Snacks Chick’n Chew kutya jutalomfalat Nr.2 100gMultiFit Snacks Chick’n Chew kutya jutalomfalat Nr.2 100g", "brand": "MultiFitChick'n Chew0g – 100gFelnőttcsirke", "regular_price": "1499", "selling_price": "", "price_per_unit": "1 kg=14990 Ft", "product_url": "https://webshop.fressnapf.hu/termekek/multifit-snacks-chickn-chew-kutya-jutalomfalat-nr-2-100g/", "product_description": "Ropogós marhabőr, zsenge csirkemellel borítva, az extra könnyű, hosszan tartó, élvezetes rágcsálásért. Kiegészítő eledel kutyák számára 8 hetes kortól – csak 4,2% zsír, hozzáadott cukor nélkül. Összetétel: marhabőr, csirkemell (szárított) 40%, rizsliszt, glicerin, borsmenta. Analitikai összetevők: fehérje 72%, zsírtartalom 4,2%, nyershamu 2,1%, nyersrost 1,8%, nedvesség 18% Etetési javaslat: csemegeként, a fő eledel kiegészítésére. A fő eledel mennyisége szükség szerint csökkenthető. Nem alkalmas önálló eledelként. Mindig adjon friss vizet. Hűvös és száraz helyen tárolandó. Tovább olvasok"}
{"breadcrumb": "Főoldal/Kutya/Eledelek/Jutalomfalatok&rágcsák/MultiFit Snacks Chick’n Chew kutya jutalomfalat Nr.3 100g", "product_name": "MultiFit Snacks Chick’n Chew kutya jutalomfalat Nr.3 100gMultiFit Snacks Chick’n Chew kutya jutalomfalat Nr.3 100g", "brand": "MultiFitChick'n Chew0g – 100gFelnőttvegyesfogápolás", "regular_price": "1499", "selling_price": "", "price_per_unit": "1 kg=14990 Ft", "product_url": "https://webshop.fressnapf.hu/termekek/multifit-snacks-chickn-chew-kutya-jutalomfalat-nr-3-100g/", "product_description": "Ropogós marhabőr zsenge csirkemellbe göngyölve A hosszan tartó rágás öröme Nem tartalmaz cukrot Ropogós marhabőr zsenge csirkemellbe göngyölve az extra könnyű, hosszan tartó rágási élményért. Zsírszegény és nem tartalmaz cukrot. Kiegészítő eledel kutyája számára. Bővebb információk a következő címen kérhetők: webshop@fressnapf.hu Analitikai összetevők 82% fehérje, 4,2% zsírtartalom, 2,1% nyershamu, 1,8% nyersrost Összetétel Marhabőr, 40% csirkemell (szárított), petrezselyemolaj, borsmenta Adalékanyag/kg 16665 NE A-vitamin, 1600 NE D3-vitamin, antioxidánsok, tartósítószerek Táplálási javaslat étkezések közötti snackként Szükség szerint csökkenteni kell az eledel mennyiségét. Tovább olvasok"}
{"breadcrumb": "Főoldal/Kutya/Eledelek/Jutalomfalatok&rágcsák/MultiFit Soft snack kutya jutalomfalat bárány 70g", "product_name": "MultiFit Soft snack kutya jutalomfalat bárány 70gMultiFit Soft snack kutya jutalomfalat bárány 70g", "brand": "MultiFitFelnőttjuh&bárány&kecskepuha falatok", "regular_price": "799", "selling_price": "", "price_per_unit": "1 kg=11414 Ft", "product_url": "https://webshop.fressnapf.hu/termekek/multifit-soft-snack-kutya-jutalomfalat-barany-70g/", "product_description": "Multfit Soft Snack bárányban gazdag. Zamatos csemege, csont alakú, kiváló elfogadottságú. Ideális jutalomfalat. Kiegészítő eledel kifejlett kutyák számára – hozzáadott cukor, színezékek és mesterséges aromák nélkül. Összetétel: hús és állati származékok (90%, ebből 20% bárány), ásványi anyagok, lazacolaj, a színhús részaránya 41,4%. Analitikai összetevők: fehérje 33%, zsírtartalom 15%, nyershamu 13,5%, nyersrost 2,5%, nedvesség 30%. Adalékanyagok/kg: vitaminok: A-vitamin 5000 NE, D3-vitamin 500 NE; antioxidánsok, tartósítószerek. Etetési javaslat: csemegeként, a fő eledel kiegészítésére. A fő eledel mennyisége szükség szerint csökkenthető. Nem alkalmas önálló eledelként. Etetés közben ajánlatos a felügyelet! Mindig adjon friss ivóvizet. Tovább olvasok"}
{"breadcrumb": "Főoldal/Kutya/Eledelek/Jutalomfalatok&rágcsák/MultiFit Soft Snack kutya jutalomfalat csirke 70g", "product_name": "MultiFit Soft Snack kutya jutalomfalat csirke 70gMultiFit Soft Snack kutya jutalomfalat csirke 70g", "brand": "MultiFitFelnőttszárnyaspuha falatok", "regular_price": "799", "selling_price": "", "price_per_unit": "1 kg=11414 Ft", "product_url": "https://webshop.fressnapf.hu/termekek/multifit-soft-snack-kutya-jutalomfalat-csirke-70g/", "product_description": "Multfit Soft Snack csirkében gazdag. Zamatos csemege, csirke alakú, extra húsos. Ideális jutalomfalat. Kiegészítő eledel kifejlett kutyák számára – hozzáadott cukor, színezékek és mesterséges aromák nélkül. Összetétel: hús és állati származékok (90%, ebből 30% csirke), ásványi anyagok, lazacolaj, növényi eredetű származékok, a színhús részaránya 58,7%. Analitikai összetevők: fehérje 38%, zsírtartalom 19%, nyershamu 8,5%, nyersrost 2,5%, nedvesség 30%. Adalékanyagok/kg: vitaminok: A-vitamin 5000 NE, D3-vitamin 500 NE; antioxidánsok, tartósítószerek. Etetési javaslat: csemegeként, a fő eledel kiegészítésére. A fő eledel mennyisége szükség szerint csökkenthető. Nem alkalmas önálló eledelként. Etetés közben ajánlatos a felügyelet! Mindig adjon friss ivóvizet. Tovább olvasok"}
{"breadcrumb": "Főoldal/Kutya/Eledelek/Jutalomfalatok&rágcsák/MultiFit Soft snack kutya jutalomfalat marha 70g", "product_name": "MultiFit Soft snack kutya jutalomfalat marha 70gMultiFit Soft snack kutya jutalomfalat marha 70g", "brand": "MultiFitFelnőttmarha&borjúpuha falatok", "regular_price": "799", "selling_price": "", "price_per_unit": "1 kg=11414 Ft", "product_url": "https://webshop.fressnapf.hu/termekek/multifit-soft-snack-kutya-jutalomfalat-marha-70g/", "product_description": "Multfit Soft Snack marhahúsban gazdag. Zamatos csemege, szív alakú, extra húsos. Ideális jutalomfalat. Kiegészítő eledel a kis termetű kutyák és a 4 hónapos és nagyobb kölykök számára – hozzáadott cukor, színezékek és mesterséges aromák nélkül. Összetétel: hús és állati származékok (90%, ebből 67% marhahús), ásványi anyagok, lazacolaj, növényi eredetű származékok, a színhús részaránya 43,4%. Analitikai összetevők: fehérje 36%, zsírtartalom 18%, nyershamu 8,5%, nyersrost 2,5%, nedvesség 30%. Adalékanyagok/kg: vitaminok: A-vitamin 5000 NE, D3-vitamin 500 NE; antioxidánsok, tartósítószerek. Etetési javaslat: csemegeként, a fő eledel kiegészítésére. A fő eledel mennyisége szükség szerint csökkenthető. Nem alkalmas önálló eledelként. Etetés közben ajánlatos a felügyelet! Mindig adjon friss ivóvizet. Tovább olvasok"}
{"breadcrumb": "Főoldal/Kutya/Eledelek/Jutalomfalatok&rágcsák/MultiFit Soft Trainies kutya jutalomfalat 250g", "product_name": "MultiFit Soft Trainies kutya jutalomfalat 250gMultiFit Soft Trainies kutya jutalomfalat 250g", "brand": "MultiFitTrainies201g – 400gFelnőttszárnyastréning falatok", "regular_price": "1 599", "selling_price": "1 399", "price_per_unit": "1 kg=5596 Ft", "product_url": "https://webshop.fressnapf.hu/termekek/multifit-soft-trainies-kutya-jutalomfalat-250g/", "product_description": "ideális jutalomfalat két étkezés között Praktikus, visszazárható vödörben Extra puha és extra húsos A különleges jutalom két étkezés között értékes lazacolajjal. Az ízletes rágcsálnivalók extra húsosak és puhák, és ideálisak kis jutalomfalatként, a mindennapi kiképzésnél vagy egyszerűen két étkezés között. Kiegészítő eledel felnőtt kutyáknak és kölyökkutyáknak 10 hetes kortól, bővebb információk a következő címen kérhetők: webshop@fressnapf.hu Tovább olvasok"}
{"breadcrumb": "Főoldal/Kutya/Eledelek/Jutalomfalatok&rágcsák/MultiFit Soft Trainies kutya jutalomfalat medium 500g", "product_name": "MultiFit Soft Trainies kutya jutalomfalat medium 500gMultiFit Soft Trainies kutya jutalomfalat medium 500g", "brand": "MultiFitTrainies401g – 600gFelnőtthús és állati származékoktréning falatok", "regular_price": "1 699", "selling_price": "1 599", "price_per_unit": "1 kg=3198 Ft", "product_url": "https://webshop.fressnapf.hu/termekek/multifit-soft-trainies-medium-500g/", "product_description": "MultiFit Soft Trainies Medium. A különleges jutalomfalat étkezések között. Az ízletes, extra lágy, különféle formájú és különféle fajtájú ropik ideálisak jutalomfalatként, akár a napi edzéshez, akár csak egyszerűen étkezések között. Kiegészítő takarmány kifejlett kutyák és 10 hetesnél idősebb kölykök számára – hozzáadott cukor nélkül. Összetétel: gabonafélék, hús és állati származékok, glicerin, olajok és zsírok (többek között 2,76% repceolaj), propilén-glikol. Analitikai összetevők: fehérje 11,7%, zsírtartalom 5,9%, nyersrost 1%, nyershamu 2%, nedvesség 18%. Adalékanyagok/kg: Tápértékkel rendelkező adalékanyagok: vas (vas(III)-oxid) 1200mg. Etetési javaslat: csemegeként, a fő eledel kiegészítésére. A fő eledel mennyisége szükség szerint csökkenthető. Nem alkalmas önálló eledelként. Hűvös és száraz helyen tárolandó. Tovább olvasok"}
{"breadcrumb": "Főoldal/Kutya/Eledelek/Jutalomfalatok&rágcsák/MultiFit Soft Trainies maxi kutya jutalomfalat 500g", "product_name": "MultiFit Soft Trainies maxi kutya jutalomfalat 500gMultiFit Soft Trainies maxi kutya jutalomfalat 500g", "brand": "MultiFitTrainies401g – 600gFelnőtthús és állati származékoktréning falatoknagytestű 26kg-tól", "regular_price": "1699", "selling_price": "", "price_per_unit": "1 kg=3398 Ft", "product_url": "https://webshop.fressnapf.hu/termekek/multifit-soft-trainies-maxi-kutya-jutalomfalat-500g/", "product_description": "Kiegészítő takarmány kifejlett kutyák és 10 hetesnél idősebb kölykök számára – hozzáadott cukor nélkül. Az ízletes, különféle formájú és fajtájú ropik extra lágyak. A maxi méret ideális a nagy termetű kutyák számára, jutalomfalatként, akár a napi edzéshez, akár csak egyszerűen étkezések között. Összetétel: gabonafélék, hús és állati származékok, glicerin, olajok és zsírok. Analitikai összetevők: fehérje 19%, zsírtartalom 4,5%, nyershamu 6%, nyersrost 1,5%, nedvesség 18%. Adalékanyagok: érzékszervi tulajdonságokat javító adalékanyagok: színezékek. Etetési javaslat: csemegeként, a fő eledel kiegészítésére. A fő eledel mennyisége szükség szerint csökkenthető. Nem alkalmas önálló eledelként. Hűvös és száraz helyen tárolandó. Tovább olvasok"}
{"breadcrumb": "Főoldal/Kutya/Eledelek/Jutalomfalatok&rágcsák/MultiFit Soft Trainies mini kutya jutalomfalat 300g", "product_name": "MultiFit Soft Trainies mini kutya jutalomfalat 300gMultiFit Soft Trainies mini kutya jutalomfalat 300g", "brand": "MultiFitTrainies201g – 400gFelnőtthús és állati származékoktréning falatokkistestű 10kg-ig", "regular_price": "1 399", "selling_price": "1 199", "price_per_unit": "1 kg=3997 Ft", "product_url": "https://webshop.fressnapf.hu/termekek/multifit-soft-trainies-mini-kutya-jutalomfalat-300g/", "product_description": "Kiegészítő takarmány kifejlett kutyák és 10 hetesnél idősebb kölykök számára – hozzáadott cukor nélkül. Az ízletes, különféle formájú és fajtájú ropik extra lágyak. Az apró forma ideális a kis termetű kutyák számára, jutalomfalatként, akár a napi edzéshez, akár csak egyszerűen étkezések között. Összetétel: gabonafélék, hús és állati származékok, glicerin, olajok és zsírok (többek között 2,76% repceolaj), propilén-glikol. Analitikai összetevők: fehérje 11,7%, zsírtartalom 5,9%, nyersrost 1%, nyershamu 2%, nedvesség 18%. Adalékanyagok/kg: tápértékkel rendelkező adalékanyagok: vas (vas(III)-oxid) 1200mg. Etetési javaslat: csemegeként, a fő eledel kiegészítésére. A fő eledel mennyisége szükség szerint csökkenthető. Nem alkalmas önálló eledelként. Hűvös és száraz helyen tárolandó. Tovább olvasok"}
{"breadcrumb": "Főoldal/Kutya/Eledelek/Jutalomfalatok&rágcsák/MultiFit Trainies medium kutya jutalomfalat 500g", "product_name": "MultiFit Trainies medium kutya jutalomfalat 500gMultiFit Trainies medium kutya jutalomfalat 500g", "brand": "MultiFitTrainies401g – 600gFelnőtthús és állati származékoktréning falatokközepes testű 11-25kg", "regular_price": "1699", "selling_price": "", "price_per_unit": "1 kg=3398 Ft", "product_url": "https://webshop.fressnapf.hu/termekek/multifit-trainies-medium-kutya-jutalomfalat-500g/", "product_description": "Kiegészítő takarmány kifejlett kutyák és 10 hetesnél idősebb kölykök számára – hozzáadott cukor nélkül. Az ízletes, különféle alakú és fajtájú ropik ideális apró jutalomfalatok a napi edzéshez, vagy egyszerűen csak étkezések között. Összetétel: gabonafélék, hús és állati származékok, glicerin, olajok és zsírok. Analitikai összetevők: fehérje 19%, zsírtartalom 4,5%, nyershamu 6%, nyersrost 1,5%, nedvesség 18%. Adalékanyagok: érzékszervi tulajdonságokat javító adalékanyagok: színezékek. Etetési javaslat: csemegeként, a fő eledel kiegészítésére. A fő eledel mennyisége szükség szerint csökkenthető. Nem alkalmas önálló eledelként. Hűvös és száraz helyen tárolandó. Tovább olvasok"}
{"breadcrumb": "Főoldal/Kutya/Eledelek/Száraz eledelek/N&D Ancestral Grain Adult száraz kutyaeledel medium&maxi bárány 12kg", "product_name": "N&D Ancestral Grain Adult száraz kutyaeledel medium&maxi bárány 12kgN&D Ancestral Grain Adult száraz kutyaeledel medium&maxi bárány 12kg", "brand": "N&DAncestralFelnőtt10,1 – 12kgjuh&bárány&kecskeegészséges felnőtt táplálásközepes testű 11-25kg, nagytestű 26kg-tól", "regular_price": "11 499", "selling_price": "9 999", "price_per_unit": "1 kg=2042 Ft", "product_url": "https://webshop.fressnapf.hu/termekek/nd-ancestral-grain-adult-szaraz-kutyaeledel-mediummaxi-barany-12kg/", "product_description": "Teljes értékű száraz eledel közepes és nagytestű felnőtt kutyák részére. ÖSSZETEVŐK: bárány (20%), dehidratált bárányfehérje (18%), tönkölybúza (10%), zab (10%), szárított tojás, hering, dehidratált heringfehérje, csirkezsír, halolaj (heringből) szárított répaszelet, szárított sárgarépa, lucernaliszt, inulin, frukto-oligoszacharidok, élesztő kivonat (manno-oligoszacharidok forrása), szárított áfonya (0.5%), szárított alma, szárított gránátalma, szárított édesnarancs, szárított spenót, útifűmaghéj (0.3%), nátrium-klorid, szárított sörélesztő, kurkuma (0.2%), aloe vera kivonat, glükozamin, kondroitin-szulfát. ADALÉKANYAGOK KILOGRAMMONKÉNT: Tápértékkel rendelkező adalékanyagok: A-vitamin 15000NE; D3-vitamin 1500NE; E-vitamin 600mg; C-vitamin 150mg; niacin 37.5mg; kalcium-D-pantotenát 15mg; B2-vitamin 7.5mg; B6-vitamin 6mg; B1-vitamin 4.5mg; biotin 0.38mg; folsav 0.45mg; B12-vitamin 0.1mg; kolin-klorid 2500mg; béta-karotin 1.5mg; cink (metionin-hidroxi-analóg cinkkelátja): 163.8mg; mangan (metionin-hidroxi-analóg mangánkelátja): 64.6mg; vas (glicin-hidrát vas (II)-kelátja): 58.3mg; réz (metionin-hidroxi-analóg rézkelátja): 15.8mg; szelén (szeléntartalmú inaktivált élesztő): 0.00088mg; DL-metionin ipari tisztaságú 4000mg; Taurin 1000mg; L-karnitin 300mg. Érzékszervi tulajdonságokat javító adalékanyagok: zöldtea kivonat 100mg; rozmaring kivonat. Antioxidánsok: növényi olajokból származó tokoferol kivonatok. ANALITIKAI ÖSSZETEVŐK: nyersfehérje 28.00%; nyerszsír 18.00%; nyersrost 2.90%; nedvesség 9.00%; nyershamu 8.20%; kalcium 1.10%; foszfor 0.80%; Omega-6 3.30%; Omega-3 0.90%; DHA 0.50%; EPA 0.30%; glükozamin 1200mg/kg; kondroitin-szulfát 900mg/kg. Tovább olvasok"}
{"breadcrumb": "Főoldal/Kutya/Eledelek/Száraz eledelek/N&D Ancestral Grain Adult száraz kutyaeledel mini bárány 2,5kg", "product_name": "N&D Ancestral Grain Adult száraz kutyaeledel mini bárány 2,5kgN&D Ancestral Grain Adult száraz kutyaeledel mini bárány 2,5kg", "brand": "N&DAncestralFelnőtt1,1kg – 4kgjuh&bárány&kecskeegészséges felnőtt tápláláskistestű 10kg-ig", "regular_price": "9 999", "selling_price": "8 999", "price_per_unit": "1 kg=3160 Ft", "product_url": "https://webshop.fressnapf.hu/termekek/nd-ancestral-grain-adult-szaraz-kutyaeledel-mini-barany-25kg/", "product_description": "Teljes értékű száraz eledel kistestű felnőtt kutyák részére. ÖSSZETEVŐK: bárány (20%), dehidratált bárányfehérje (18%), tönkölybúza (10%), zab (10%), szárított tojás, hering, dehidratált heringfehérje, csirkezsír, halolaj (heringből) szárított répaszelet, szárított sárgarépa, lucernaliszt, inulin, frukto-oligoszacharidok, élesztő kivonat (manno-oligoszacharidok forrása), szárított áfonya (0.5%), szárított alma, szárított gránátalma, szárított édesnarancs, szárított spenót, útifűmaghéj (0.3%), nátrium-klorid, szárított sörélesztő, kurkuma (0.2%), aloe vera kivonat, glükozamin, kondroitin-szulfát. ADALÉKANYAGOK KILOGRAMMONKÉNT: Tápértékkel rendelkező adalékanyagok: A-vitamin 15000NE; D3-vitamin 1500NE; E-vitamin 600mg; C-vitamin 150mg; niacin 37.5mg; kalcium-D-pantotenát 15mg; B2-vitamin 7.5mg; B6-vitamin 6mg; B1-vitamin 4.5mg; biotin 0.38mg; folsav 0.45mg; B12-vitamin 0.1mg; kolin-klorid 2500mg; béta-karotin 1.5mg; cink (metionin-hidroxi-analóg cinkkelátja): 163.8mg; mangan (metionin-hidroxi-analóg mangánkelátja): 64.6mg; vas (glicin-hidrát vas (II)-kelátja): 58.3mg; réz (metionin-hidroxi-analóg rézkelátja): 15.8mg; szelén (szeléntartalmú inaktivált élesztő): 0.00088mg; DL-metionin ipari tisztaságú 4000mg; Taurin 1000mg; L-karnitin 300mg. Érzékszervi tulajdonságokat javító adalékanyagok: zöldtea kivonat 100mg; rozmaring kivonat. Antioxidánsok: növényi olajokból származó tokoferol kivonatok. ANALITIKAI ÖSSZETEVŐK: nyersfehérje 28.00%; nyerszsír 18.00%; nyersrost 2.90%; nedvesség 9.00%; nyershamu 8.20%; kalcium 1.10%; foszfor 0.80%; Omega-6 3.30%; Omega-3 0.90%; DHA 0.50%; EPA 0.30%; glükozamin 1200mg/kg; kondroitin-szulfát 900mg/kg. Tovább olvasok"}
{"breadcrumb": "Főoldal/Kutya/Eledelek/Száraz eledelek/N&D Ancestral Grain Puppy száraz kutyaeledel medium&maxi bárány 12kg", "product_name": "N&D Ancestral Grain Puppy száraz kutyaeledel medium&maxi bárány 12kgN&D Ancestral Grain Puppy száraz kutyaeledel medium&maxi bárány 12kg", "brand": "N&DAncestralKölyök10,1 – 12kgjuh&bárány&kecskeközepes testű 11-25kg, nagytestű 26kg-tól", "regular_price": "3 799", "selling_price": "3 299", "price_per_unit": "1 kg=2175 Ft", "product_url": "https://webshop.fressnapf.hu/termekek/nd-ancestral-grain-puppy-szaraz-kutyaeledel-mediummaxi-barany-12kg/", "product_description": "Teljes értékű száraz eledel, közepes és nagytestű kölyök kutyák és vemhes vagy szoptató szuka kutyák részére. ÖSSZETEVŐK: bárány (20%), dehidratált bárányfehérje (20%), tönkölybúza (10%), zab (10%), csirkezsír, hering, dehidratált heringfehérje, szárított tojás, szárított répaszelet, halolaj (heringből), szárított sárgarépa, lucernaliszt, csirke porc (glükózamin és kondroitin-szulfát forrása), inulin, frukto-oligoszacharidok, élesztő kivonat (manno-oligoszacharidok forrása), szárított áfonya (0.5%), szárított spenót, útifűmaghéj (0.3%), szárított alma, szárított édesnarancs, szárított gránátalma, nátrium-klorid, szárított sörélesztő, kurkuma (0.2%), aloe vera kivonat. ADALÉKANYAGOK KILOGRAMMONKÉNT: Tápértékkel rendelkező adalékanyagok: A-vitamin 16000NE; D3-vitamin 1600NE; E-vitamin 600mg; C-vitamin 160mg; niacin 40mg; kalcium-D-pantotenát 16mg; B2-vitamin 8mg; B6-vitamin 6.4mg; B1-vitamin 4.8mg; biotin 0.40mg; folsav 0.48mg; B12-vitamin 0.1mg; kolin-klorid 2800mg; béta‐karotin 1.5mg; cink (metionin-hidroxi-analóg cinkkelátja): 163.8mg; mangan (metionin-hidroxi-analóg mangánkelátja): 64.6mg; vas (glicin-hidrát vas (II)-kelátja): 58.3mg; réz (metionin-hidroxi-analóg rézkelátja): 15.8mg; szelén (szeléntartalmú inaktivált élesztő): 0.00088mg; DL-metionin ipari tisztaságú 6000mg; Taurin 1000mg; L-karnitin 300mg. Érzékszervi tulajdonságokat javító adalékanyagok: zöldtea kivonat 100mg; rozmaring kivonat. Antioxidánsok: növényi olajokból származó tokoferol kivonatok. ANALITIKAI ÖSSZETEVŐK: nyersfehérje 35.00%; nyerszsír 20.00%; nyersrost 1.70%; nedvesség 9.00%; nyershamu 8.00%; kalcium 1.10%; foszfor 0.91%; Omega‐6 3.40%; Omega‐3 0.90%; DHA 0.50%; EPA 0.30%; glükozamin 1400mg/kg; kondroitin-szulfát 1100mg/kg. Tovább olvasok"}
{"breadcrumb": "Főoldal/Kutya/Eledelek/Száraz eledelek/N&D Grain Free bárány&áfonya sütőtökkel adult medium&large száraz kutyaeledel 12kg", "product_name": "N&D Grain Free bárány&áfonya sütőtökkel adult medium&large száraz kutyaeledel 12kgN&D Grain Free bárány&áfonya sütőtökkel adult medium&large száraz kutyaeledel 12kg", "brand": "N&DPumpkin10,1 – 12kgFelnőttjuh&bárány&kecskegabonamentesközepes testű 11-25kg, nagytestű 26kg-tól", "regular_price": "9 999", "selling_price": "8 999", "price_per_unit": "1 kg=2160 Ft", "product_url": "https://webshop.fressnapf.hu/termekek/nd-grain-free-baranyafonya-sutotokkel-adult-mediumlarge-szaraz-kutyaeledel-12kg/", "product_description": "N&D Sütőtökkel – Bárány, sütőtök és áfonya receptúra. Teljes értékű száraz eledel, közepes és nagytestű felnőtt kutyák részére. Összetevők: bárány (22%), dehidratált bárányfehérje (20%), borsó keményítő, csirkezsír, sütőtök (5%), szárított tojás, hering, dehidratált heringfehérje, halolaj (heringből), borsórost, szárított sárgarépa, lucernaliszt, inulin, frukto-oligoszacharidok, élesztő kivonat (manno-oligoszacharidok forrása), szárított áfonya (0,5%), szárított alma, szárított gránátalma, szárított édesnarancs, szárított spenót, útifűmaghéj (0,3%), nátrium-klorid, szárított sörélesztő, kurkuma (0,2%), aloe vera kivonat, glükozamin, kondroitin-szulfát. Adalékanyagok kilogrammonként: Tápértékkel rendelkező adalékanyagok: A-vitamin 15000NE; D3-vitamin 1500NE; E-vitamin 600mg; C-vitamin 150mg; niacin 37,5mg; kalcium-D-pantotenát 15mg; B2-vitamin 7,5mg; B6-vitamin 6mg; B1-vitamin 4,5mg; biotin 0,38mg; folsav 0,45mg; B12-vitamin 0,1mg; kolin-klorid 2500mg; béta-karotin 1,5mg; Cink (metionin-hidroxi-analóg cinkkelátja): 163,8mg; Mangan (metionin-hidroxi-analóg mangánkelátja): 64,6mg; Vas (glicin-hidrát vas (II)-kelátja): 58,3mg; Réz (metionin-hidroxi-analóg rézkelátja): 15,8mg; Szelén (szeléntartalmú inaktivált élesztő): 0,00088mg; DL-metionin ipari tisztaságú 4000mg; taurin 1000mg; L-karnitin 300mg. Érzékszervi tulajdonságokat javító adalékanyagok: zöldtea kivonat 100mg; rozmaring kivonat. Antioxidánsok: növényi olajokból származó tokoferol kivonatok. Analitikai összetevők: nyersfehérje 28,00%; nyerszsír 18,00%; nyersrost 2,90%; nedvesség 9,00%; nyershamu 8,60%; kalcium 1,10%; foszfor 0,80%; Omega-6 3,30%; Omega-3 0,90%; DHA 0,50%; EPA 0,30%; glükozamin 1200mg/kg; kondroitin-szulfát 900mg/kg. Tovább olvasok"}
{"breadcrumb": "Főoldal/Kutya/Eledelek/Száraz eledelek/N&D Grain Free bárány&áfonya sütőtökkel adult mini száraz kutyaeledel 2,5kg", "product_name": "N&D Grain Free bárány&áfonya sütőtökkel adult mini száraz kutyaeledel 2,5kgN&D Grain Free bárány&áfonya sütőtökkel adult mini száraz kutyaeledel 2,5kg", "brand": "N&DPumpkin1,1kg – 4kgFelnőttjuh&bárány&kecskegabonamenteskistestű 10kg-ig", "regular_price": "9 999", "selling_price": "8 999", "price_per_unit": "1 kg=4280 Ft", "product_url": "https://webshop.fressnapf.hu/termekek/nd-grain-free-baranyafonya-sutotokkel-adult-mini-szaraz-kutyaeledel-25kg/", "product_description": "N&D Sütőtökkel – Bárány, sütőtök és áfonya receptúra. Teljes értékű száraz eledel, kistestű felnőtt kutyák részére. Összetétel: friss csontozott bárány (22%), dehidratált bárányhús (20%), borsó keményítő (20%), állati eredetű zsiradék, dehidratált sütőtök (5%), szárított egész tojás, friss hering, szárított hering, halolaj, szárított cukorrépapép, borsó rost, szárított sárgarépa, szárított lucerna, inulin, frukto-oligoszacharidok, mannán-oligoszacharidok, áfonya por (0,5%), dehidratált alma, gránátalma por, dehidratált édes narancs, spenót por, útifű (0,3%), porított feketeribizli, nátrium-klorid, szárított sörélesztő, kurkuma gyökér (0,2%), glükózamin, kondroitin-szulfát, körömvirág kivonat (lutein forrás). Adalékanyagok/kg: tápértékkel rendelkező adalékanyagok: A-vitamin 15000NE; D3-vitamin 1500NE; E-vitamin 600mg; C-vitamin 150mg; niacin 37,5; pantoténsav 15mg; B2-vitamin 7,5 mg; B6-vitamin 6 mg; B1-vitamin 4,5 mg; H-vitamin 0.38mg; folsav 0.45mg; B12-vitamin 0,1 mg; kolin-klorid 2500mg; béta-karotin 1,5 mg; analóg metionin hidroxiláz cink-kelátja 910mg; analóg metionin hidroxiláz mangán kelátja 380 mg; glicin-hidrát vas kelátja 250mg; analóg metionin hidroxiláz réz kelátja 88 mg; szelenometionin 0.40mg; DL-metionin 4000mg; taurin 1000 mg; L-karnitin 300 mg. Érzékszervi adalékanyagok: aloe vera kivonat 1000 mg; zöld tea kivonat 100 mg; rozmaring kivonat. Antioxidánsok: természetes eredetű tokoferolban gazdag kivonatok. Analitikai összetétel: nyersfehérje 28.00%; nyers zsírok és olajok 18,00%; nyersrost 2,90%; nyershamu 8,60%; kalcium 1,40%; foszfor 1,10%; omega-6 3,30%; omega-3 0,90%; DHA 0,50%; EPA 0,30%; glükozamin 1200 mg / kg; kondroitin 900 mg / kg. Energia érték: ME 3740kcal / kg – 15.7MJ / kg. Tovább olvasok"}
{"breadcrumb": "Főoldal/Kutya/Eledelek/Száraz eledelek/N&D Grain Free bárány&áfonya sütőtökkel adult mini száraz kutyaeledel 7kg", "product_name": "N&D Grain Free bárány&áfonya sütőtökkel adult mini száraz kutyaeledel 7kgN&D Grain Free bárány&áfonya sütőtökkel adult mini száraz kutyaeledel 7kg", "brand": "N&DPumpkin4,1kg – 10kgFelnőttjuh&bárány&kecskegabonamenteskistestű 10kg-ig", "regular_price": "3 799", "selling_price": "3 299", "price_per_unit": "1 kg=2657 Ft", "product_url": "https://webshop.fressnapf.hu/termekek/nd-grain-free-baranyafonya-sutotokkel-adult-mini-szaraz-kutyaeledel-7kg/", "product_description": "N&D Sütőtökkel – Bárány, sütőtök és áfonya receptúra. Teljes értékű száraz eledel, kistestű felnőtt kutyák részére. Összetétel: friss csontozott bárány (22%), dehidratált bárányhús (20%), borsó keményítő (20%), állati eredetű zsiradék, dehidratált sütőtök (5%), szárított egész tojás, friss hering, szárított hering, halolaj, szárított cukorrépapép, borsó rost, szárított sárgarépa, szárított lucerna, inulin, frukto-oligoszacharidok, mannán-oligoszacharidok, áfonya por (0,5%), dehidratált alma, gránátalma por, dehidratált édes narancs, spenót por, útifű (0,3%), porított feketeribizli, nátrium-klorid, szárított sörélesztő, kurkuma gyökér (0,2%), glükózamin, kondroitin-szulfát, körömvirág kivonat (lutein forrás). Adalékanyagok/kg: tápértékkel rendelkező adalékanyagok: A-vitamin 15000NE; D3-vitamin 1500NE; E-vitamin 600mg; C-vitamin 150mg; niacin 37,5; pantoténsav 15mg; B2-vitamin 7,5 mg; B6-vitamin 6 mg; B1-vitamin 4,5 mg; H-vitamin 0.38mg; folsav 0.45mg; B12-vitamin 0,1 mg; kolin-klorid 2500mg; béta-karotin 1,5 mg; analóg metionin hidroxiláz cink-kelátja 910mg; analóg metionin hidroxiláz mangán kelátja 380 mg; glicin-hidrát vas kelátja 250mg; analóg metionin hidroxiláz réz kelátja 88 mg; szelenometionin 0.40mg; DL-metionin 4000mg; taurin 1000 mg; L-karnitin 300 mg. Érzékszervi adalékanyagok: aloe vera kivonat 1000 mg; zöld tea kivonat 100 mg; rozmaring kivonat. Antioxidánsok: természetes eredetű tokoferolban gazdag kivonatok. Analitikai összetétel: nyersfehérje 28.00%; nyers zsírok és olajok 18,00%; nyersrost 2,90%; nyershamu 8,60%; kalcium 1,40%; foszfor 1,10%; omega-6 3,30%; omega-3 0,90%; DHA 0,50%; EPA 0,30%; glükozamin 1200 mg / kg; kondroitin 900 mg / kg. Energia érték: ME 3740kcal / kg – 15.7MJ / kg. Tovább olvasok"}
{"breadcrumb": "Főoldal/Kutya/Eledelek/Száraz eledelek/N&D Grain Free bárány&áfonya sütőtökkel adult mini száraz kutyaeledel 800g", "product_name": "N&D Grain Free bárány&áfonya sütőtökkel adult mini száraz kutyaeledel 800gN&D Grain Free bárány&áfonya sütőtökkel adult mini száraz kutyaeledel 800g", "brand": "N&DPumpkin601g – 800gFelnőttjuh&bárány&kecskegabonamenteskistestű 10kg-ig", "regular_price": "3 799", "selling_price": "3 299", "price_per_unit": "1 kg=5874 Ft", "product_url": "https://webshop.fressnapf.hu/termekek/nd-grain-free-baranyafonya-sutotokkel-adult-mini-szaraz-kutyaeledel-800g/", "product_description": "N&D Sütőtökkel – Bárány, sütőtök és áfonya receptúra. Teljes értékű száraz eledel, kistestű felnőtt kutyák részére. Összetétel: friss csontozott bárány (22%), dehidratált bárányhús (20%), borsó keményítő (20%), állati eredetű zsiradék, dehidratált sütőtök (5%), szárított egész tojás, friss hering, szárított hering, halolaj, szárított cukorrépapép, borsó rost, szárított sárgarépa, szárított lucerna, inulin, frukto-oligoszacharidok, mannán-oligoszacharidok, áfonya por (0,5%), dehidratált alma, gránátalma por, dehidratált édes narancs, spenót por, útifű (0,3%), porított feketeribizli, nátrium-klorid, szárított sörélesztő, kurkuma gyökér (0,2%), glükózamin, kondroitin-szulfát, körömvirág kivonat (lutein forrás). Adalékanyagok/kg: tápértékkel rendelkező adalékanyagok: A-vitamin 15000NE; D3-vitamin 1500NE; E-vitamin 600mg; C-vitamin 150mg; niacin 37,5; pantoténsav 15mg; B2-vitamin 7,5 mg; B6-vitamin 6 mg; B1-vitamin 4,5 mg; H-vitamin 0.38mg; folsav 0.45mg; B12-vitamin 0,1 mg; kolin-klorid 2500mg; béta-karotin 1,5 mg; analóg metionin hidroxiláz cink-kelátja 910mg; analóg metionin hidroxiláz mangán kelátja 380 mg; glicin-hidrát vas kelátja 250mg; analóg metionin hidroxiláz réz kelátja 88 mg; szelenometionin 0.40mg; DL-metionin 4000mg; taurin 1000 mg; L-karnitin 300 mg. Érzékszervi adalékanyagok: aloe vera kivonat 1000 mg; zöld tea kivonat 100 mg; rozmaring kivonat. Antioxidánsok: természetes eredetű tokoferolban gazdag kivonatok. Analitikai összetétel: nyersfehérje 28.00%; nyers zsírok és olajok 18,00%; nyersrost 2,90%; nyershamu 8,60%; kalcium 1,40%; foszfor 1,10%; omega-6 3,30%; omega-3 0,90%; DHA 0,50%; EPA 0,30%; glükozamin 1200 mg / kg; kondroitin 900 mg / kg. Energia érték: ME 3740kcal / kg – 15.7MJ / kg. Tovább olvasok"}
{"breadcrumb": "Főoldal/Kutya/Eledelek/Száraz eledelek/N&D Grain Free bárány&áfonya sütőtökkel puppy medium&large száraz kutyaeledel 12kg", "product_name": "N&D Grain Free bárány&áfonya sütőtökkel puppy medium&large száraz kutyaeledel 12kgN&D Grain Free bárány&áfonya sütőtökkel puppy medium&large száraz kutyaeledel 12kg", "brand": "N&DPumpkin10,1 – 12kgKölyökjuh&bárány&kecskegabonamentesközepes testű 11-25kg, nagytestű 26kg-tól", "regular_price": "9 999", "selling_price": "8 999", "price_per_unit": "1 kg=2567 Ft", "product_url": "https://webshop.fressnapf.hu/termekek/nd-grain-free-baranyafonya-sutotokkel-puppy-mediumlarge-szaraz-kutyaeledel-12kg/", "product_description": "N&D Sütőtökkel – Bárány, sütőtök és áfonya receptúra. Teljes értékű, száraz eledel közepes és nagytestű kölyökkutyák, valamint vemhes és szoptatós szukák részére. Összetevők: bárány (24%), dehidratált bárányfehérje (24%), borsó keményítő, csirkezsír, dehidratált heringfehérje, sütőtök (5%), hering, szárított tojás, halolaj (heringből), borsórost, szárított sárgarépa, lucernaliszt, csirke porc (glükozamin és kondroitinszulfátforrás), inulin, frukto-oligoszacharidok, élesztő kivonat (manno-oligoszacharidok forrása), szárított áfonya (0,5%), szárított spenót, útifűmaghéj (0,3%), szárított alma, szárított édesnarancs, szárított gránátalma, nátrium-klorid, szárított sörélesztő, kurkuma (0,2%), aloe vera kivonat. Adalékanyagok kilogrammonként: Tápértékkel rendelkező adalékanyagok: A-vitamin 16000NE; D3-vitamin 1600NE; E-vitamin 600mg; C-vitamin 160mg; niacin 40mg; kalcium-D-pantotenát 16mg; B2-vitamin 8mg; B6-vitamin 6,4mg; B1-vitamin 4,8mg; biotin 0,40mg; folsav 0,48mg; B12-vitamin 0,1mg; kolin-klorid 2800mg; béta-karotin 1,5mg; Cink (metionin-hidroxi-analóg cinkkelátja): 163,8mg; Mangan (metionin-hidroxi-analóg mangánkelátja): 64,6mg; Vas (glicin-hidrát vas (II)-kelátja): 58,3mg; Réz (metionin-hidroxi-analóg rézkelátja): 15,8mg; Szelén (szeléntartalmú inaktivált élesztő): 0,00088mg; DL-metionin ipari tisztaságú 6000mg; taurin 1000mg; L-karnitin 300mg. Érzékszervi tulajdonságokat javító adalékanyagok: zöldtea kivonat 100mg; rozmaring kivonat. Antioxidánsok: növényi olajokból származó tokoferol kivonatok. Analitikai összetevők: nyersfehérje 35,00%; nyerszsír 20,00%; nyersrost 1,90%; nedvesség 9,00%; nyershamu 8,10%; kalcium 1,10%; foszfor 0,91%; Omega-6 3,40%; Omega-3 0,90%; DHA 0,50%; EPA 0,30%; glükozamin 1400mg/kg; kondroitin-szulfát 1100mg/kg. Tovább olvasok"}
{"breadcrumb": "Főoldal/Kutya/Eledelek/Száraz eledelek/N&D Grain Free bárány&áfonya sütőtökkel puppy mini száraz kutyaeledel 2,5kg", "product_name": "N&D Grain Free bárány&áfonya sütőtökkel puppy mini száraz kutyaeledel 2,5kgN&D Grain Free bárány&áfonya sütőtökkel puppy mini száraz kutyaeledel 2,5kg", "brand": "N&DPumpkin1,1kg – 4kgKölyökjuh&bárány&kecskegabonamenteskistestű 10kg-ig", "regular_price": "3 799", "selling_price": "3 299", "price_per_unit": "1 kg=4280 Ft", "product_url": "https://webshop.fressnapf.hu/termekek/nd-grain-free-baranyafonya-sutotokkel-puppy-mini-szaraz-kutyaeledel-25kg/", "product_description": "N&D Sütőtökkel – Bárány, sütőtök és áfonya receptúra. Teljes értékű, száraz eledel kistestű kölyökkutyák, valamint vemhes és szoptatós szukák részére. Összetevők: bárány (24%), dehidratált bárányfehérje (24%), borsó keményítő, csirkezsír, dehidratált heringfehérje, sütőtök (5%), hering, szárított tojás, halolaj (heringből), borsórost, szárított sárgarépa, lucernaliszt, csirke porc (glükozamin és kondroitinszulfátforrás), inulin, frukto-oligoszacharidok, élesztő kivonat (manno-oligoszacharidok forrása), szárított áfonya (0,5%), szárított spenót, útifűmaghéj (0,3%), szárított alma, szárított édesnarancs, szárított gránátalma, nátrium-klorid, szárított sörélesztő, kurkuma (0,2%), aloe vera kivonat. Adalékanyagok kilogrammonként: Tápértékkel rendelkező adalékanyagok: A-vitamin 16000NE; D3-vitamin 1600NE; E-vitamin 600mg; C-vitamin 160mg; niacin 40mg; kalcium-D-pantotenát 16mg; B2-vitamin 8mg; B6-vitamin 6,4mg; B1-vitamin 4,8mg; biotin 0,40mg; folsav 0,48mg; B12-vitamin 0,1mg; kolin-klorid 2800mg; béta-karotin 1,5mg; Cink (metionin-hidroxi-analóg cinkkelátja): 163,8mg; Mangan (metionin-hidroxi-analóg mangánkelátja): 64,6mg; Vas (glicin-hidrát vas (II)-kelátja): 58,3mg; Réz (metionin-hidroxi-analóg rézkelátja): 15,8mg; Szelén (szeléntartalmú inaktivált élesztő): 0,00088mg; DL-metionin ipari tisztaságú 6000mg; taurin 1000mg; L-karnitin 300mg. Érzékszervi tulajdonságokat javító adalékanyagok: zöldtea kivonat 100mg; rozmaring kivonat. Antioxidánsok: növényi olajokból származó tokoferol kivonatok. Analitikai összetevők: nyersfehérje 35,00%; nyerszsír 20,00%; nyersrost 1,90%; nedvesség 9,00%; nyershamu 8,10%; kalcium 1,10%; foszfor 0,91%; Omega-6 3,40%; Omega-3 0,90%; DHA 0,50%; EPA 0,30%; glükozamin 1400mg/kg; kondroitin-szulfát 1100mg/kg. Tovább olvasok"}
{"breadcrumb": "Főoldal/Kutya/Eledelek/Száraz eledelek/N&D Grain Free bárány&áfonya sütőtökkel puppy mini száraz kutyaeledel 7kg", "product_name": "N&D Grain Free bárány&áfonya sütőtökkel puppy mini száraz kutyaeledel 7kgN&D Grain Free bárány&áfonya sütőtökkel puppy mini száraz kutyaeledel 7kg", "brand": "N&DPumpkin4,1kg – 10kgKölyökjuh&bárány&kecskegabonamenteskistestű 10kg-ig", "regular_price": "3 799", "selling_price": "3 299", "price_per_unit": "1 kg=2828 Ft", "product_url": "https://webshop.fressnapf.hu/termekek/nd-grain-free-baranyafonya-sutotokkel-puppy-mini-szaraz-kutyaeledel-7kg/", "product_description": "N&D Sütőtökkel – Bárány, sütőtök és áfonya receptúra. Teljes értékű, száraz eledel kistestű kölyökkutyák, valamint vemhes és szoptatós szukák részére. Összetevők: bárány (24%), dehidratált bárányfehérje (24%), borsó keményítő, csirkezsír, dehidratált heringfehérje, sütőtök (5%), hering, szárított tojás, halolaj (heringből), borsórost, szárított sárgarépa, lucernaliszt, csirke porc (glükozamin és kondroitinszulfátforrás), inulin, frukto-oligoszacharidok, élesztő kivonat (manno-oligoszacharidok forrása), szárított áfonya (0,5%), szárított spenót, útifűmaghéj (0,3%), szárított alma, szárított édesnarancs, szárított gránátalma, nátrium-klorid, szárított sörélesztő, kurkuma (0,2%), aloe vera kivonat. Adalékanyagok kilogrammonként: Tápértékkel rendelkező adalékanyagok: A-vitamin 16000NE; D3-vitamin 1600NE; E-vitamin 600mg; C-vitamin 160mg; niacin 40mg; kalcium-D-pantotenát 16mg; B2-vitamin 8mg; B6-vitamin 6,4mg; B1-vitamin 4,8mg; biotin 0,40mg; folsav 0,48mg; B12-vitamin 0,1mg; kolin-klorid 2800mg; béta-karotin 1,5mg; Cink (metionin-hidroxi-analóg cinkkelátja): 163,8mg; Mangan (metionin-hidroxi-analóg mangánkelátja): 64,6mg; Vas (glicin-hidrát vas (II)-kelátja): 58,3mg; Réz (metionin-hidroxi-analóg rézkelátja): 15,8mg; Szelén (szeléntartalmú inaktivált élesztő): 0,00088mg; DL-metionin ipari tisztaságú 6000mg; taurin 1000mg; L-karnitin 300mg. Érzékszervi tulajdonságokat javító adalékanyagok: zöldtea kivonat 100mg; rozmaring kivonat. Antioxidánsok: növényi olajokból származó tokoferol kivonatok. Analitikai összetevők: nyersfehérje 35,00%; nyerszsír 20,00%; nyersrost 1,90%; nedvesség 9,00%; nyershamu 8,10%; kalcium 1,10%; foszfor 0,91%; Omega-6 3,40%; Omega-3 0,90%; DHA 0,50%; EPA 0,30%; glükozamin 1400mg/kg; kondroitin-szulfát 1100mg/kg. Tovább olvasok"}
{"breadcrumb": "Főoldal/Kutya/Eledelek/Száraz eledelek/N&D Grain Free bárány&áfonya sütőtökkel puppy mini száraz kutyaeledel 800g", "product_name": "N&D Grain Free bárány&áfonya sütőtökkel puppy mini száraz kutyaeledel 800gN&D Grain Free bárány&áfonya sütőtökkel puppy mini száraz kutyaeledel 800g", "brand": "N&DPumpkin601g – 800gKölyökjuh&bárány&kecskegabonamenteskistestű 10kg-ig", "regular_price": "3 799", "selling_price": "3 299", "price_per_unit": "1 kg=5874 Ft", "product_url": "https://webshop.fressnapf.hu/termekek/nd-grain-free-baranyafonya-sutotokkel-puppy-mini-szaraz-kutyaeledel-800g/", "product_description": "N&D Sütőtökkel – Bárány, sütőtök és áfonya receptúra. Teljes értékű, száraz eledel kistestű kölyökkutyák, valamint vemhes és szoptatós szukák részére. Összetevők: bárány (24%), dehidratált bárányfehérje (24%), borsó keményítő, csirkezsír, dehidratált heringfehérje, sütőtök (5%), hering, szárított tojás, halolaj (heringből), borsórost, szárított sárgarépa, lucernaliszt, csirke porc (glükozamin és kondroitinszulfátforrás), inulin, frukto-oligoszacharidok, élesztő kivonat (manno-oligoszacharidok forrása), szárított áfonya (0,5%), szárított spenót, útifűmaghéj (0,3%), szárított alma, szárított édesnarancs, szárított gránátalma, nátrium-klorid, szárított sörélesztő, kurkuma (0,2%), aloe vera kivonat. Adalékanyagok kilogrammonként: Tápértékkel rendelkező adalékanyagok: A-vitamin 16000NE; D3-vitamin 1600NE; E-vitamin 600mg; C-vitamin 160mg; niacin 40mg; kalcium-D-pantotenát 16mg; B2-vitamin 8mg; B6-vitamin 6,4mg; B1-vitamin 4,8mg; biotin 0,40mg; folsav 0,48mg; B12-vitamin 0,1mg; kolin-klorid 2800mg; béta-karotin 1,5mg; Cink (metionin-hidroxi-analóg cinkkelátja): 163,8mg; Mangan (metionin-hidroxi-analóg mangánkelátja): 64,6mg; Vas (glicin-hidrát vas (II)-kelátja): 58,3mg; Réz (metionin-hidroxi-analóg rézkelátja): 15,8mg; Szelén (szeléntartalmú inaktivált élesztő): 0,00088mg; DL-metionin ipari tisztaságú 6000mg; taurin 1000mg; L-karnitin 300mg. Érzékszervi tulajdonságokat javító adalékanyagok: zöldtea kivonat 100mg; rozmaring kivonat. Antioxidánsok: növényi olajokból származó tokoferol kivonatok. Analitikai összetevők: nyersfehérje 35,00%; nyerszsír 20,00%; nyersrost 1,90%; nedvesség 9,00%; nyershamu 8,10%; kalcium 1,10%; foszfor 0,91%; Omega-6 3,40%; Omega-3 0,90%; DHA 0,50%; EPA 0,30%; glükozamin 1400mg/kg; kondroitin-szulfát 1100mg/kg. Tovább olvasok"}
{"breadcrumb": "Főoldal/Kutya/Eledelek/Száraz eledelek/N&D Grain Free csirke&gránátalma sütőtökkel adult mini száraz kutyaeledel 800g", "product_name": "N&D Grain Free csirke&gránátalma sütőtökkel adult mini száraz kutyaeledel 800gN&D Grain Free csirke&gránátalma sütőtökkel adult mini száraz kutyaeledel 800g", "brand": "N&DPumpkin601g – 800gFelnőttszárnyasgabonamenteskistestű 10kg-ig", "regular_price": "3 799", "selling_price": "3 299", "price_per_unit": "1 kg=5874 Ft", "product_url": "https://webshop.fressnapf.hu/termekek/nd-grain-free-csirkegranatalma-sutotokkel-adult-mini-szaraz-kutyaeledel-800g/", "product_description": "N&D Sütőtökkel – Csirke, sütőtök és gránátalma receptúra. Teljes értékű száraz eledel, kistestű felnőtt kutyák részére. Összetevők: csontmentes csirke (24%), dehidratált csirkefehérje (22%), borsó keményítő, csirkezsír, sütőtök (5%), szárított tojás, hering, dehidratált heringfehérje, halolaj (heringből), borsórost, szárított sárgarépa, lucernaliszt, inulin, frukto-oligoszacharidok, élesztő kivonat (manno-oligoszacharidok forrása), szárított gránátalma (0,5%), szárított alma, szárított spenót, útifűmaghéj (0,3%), szárított édesnarancs, szárított áfonya, nátrium-klorid, szárított sörélesztő, kurkuma (0,2%), aloe vera kivonat, glükozamin, kondroitin-szulfát. Adalékanyagok kilogrammonként: Tápértékkel rendelkező adalékanyagok: A-vitamin 15000NE; D3-vitamin 1500NE; E-vitamin 600mg; C-vitamin 150mg; niacin 37,5mg; kalcium-D-pantotenát 15mg; B2-vitamin 7,5mg; B6-vitamin 6mg; B1-vitamin 4,5mg; biotin 0,38mg; folsav 0,45mg; B12-vitamin 0,1mg; kolin-klorid 2500mg; béta-karotin 1,5mg; Cink (metionin-hidroxi-analóg cinkkelátja): 163,8mg; Mangan (metionin-hidroxi-analóg mangánkelátja): 64,6mg; Vas (glicin-hidrát vas (II)-kelátja): 58,3mg; Réz (metionin-hidroxi-analóg rézkelátja): 15,8mg; Szelén (szeléntartalmú inaktivált élesztő): 0,00088mg; DL-metionin ipari tisztaságú 4000mg; taurin 1000mg; L-karnitin 300mg. Érzékszervi tulajdonságokat javító adalékanyagok: zöldtea kivonat 100mg; rozmaring kivonat. Antioxidánsok: növényi olajokból származó tokoferol kivonatok. Analitikai összetevők: nyersfehérje 30,00%; nyerszsír 18,00%; nyersrost 2,90%; nedvesség 9,00%; nyershamu 7,00%; kalcium 0,90%; foszfor 0,80%; Omega-6 3,30%; Omega-3 0,90%; DHA 0,50%; EPA 0,30%; glükozamin 1200mg/kg; kondroitin-szulfát 900mg/kg. Tovább olvasok"}
{"breadcrumb": "Főoldal/Kutya/Eledelek/Száraz eledelek/N&D Grain Free vaddisznó&alma sütőtökkel adult mini száraz kutyaeledel 2,5kg", "product_name": "N&D Grain Free vaddisznó&alma sütőtökkel adult mini száraz kutyaeledel 2,5kgN&D Grain Free vaddisznó&alma sütőtökkel adult mini száraz kutyaeledel 2,5kg", "brand": "N&DPumpkin1,1kg – 4kgFelnőttvadgabonamenteskistestű 10kg-ig", "regular_price": "9 999", "selling_price": "8 999", "price_per_unit": "1 kg=4400 Ft", "product_url": "https://webshop.fressnapf.hu/termekek/nd-grain-free-vaddisznoalma-sutotokkel-adult-mini-szaraz-kutyaeledel-25kg/", "product_description": "N&D Sütőtökkel – Vaddisznó, sütőtök és alma receptúra. Teljes értékű száraz eledel, kistestű felnőtt kutyák részére. Összetevők: vaddisznó (24%), dehidratált vaddisznófehérje (22%), borsó keményítő, csirkezsír, sütőtök (5%), szárított tojás, halolaj (heringből), borsórost, szárított sárgarépa, lucernaliszt, inulin, frukto-oligoszacharidok, élesztő kivonat (manno-oligoszacharidok forrása), szárított alma (0,5%), szárított spenót, útifűmaghéj (0,3%), szárított gránátalma, szárított édesnarancs, szárított áfonya, nátrium-klorid, szárított sörélesztő, kurkuma (0,2%), aloe vera kivonat, glükozamin, kondroitin-szulfát. Adalékanyagok kilogrammonként: Tápértékkel rendelkező adalékanyagok: A-vitamin 15000NE; D3-vitamin 1500NE; E-vitamin 600mg; C-vitamin 150mg; niacin 37,5mg; kalcium-D-pantotenát 15mg; B2-vitamin 7,5mg; B6-vitamin 6mg; B1-vitamin 4,5mg; biotin 0,38mg; folsav 0,45mg; B12-vitamin 0,1mg; kolin-klorid 2500mg; béta-karotin 1,5mg; Cink (metionin-hidroxi-analóg cinkkelátja): 163,8mg; Mangan (metionin-hidroxi-analóg mangánkelátja): 64,6mg; Vas (glicin-hidrát vas (II)-kelátja): 58,3mg; Réz (metionin-hidroxi-analóg rézkelátja): 15,8mg; Szelén (szeléntartalmú inaktivált élesztő): 0,00088mg; DL-metionin ipari tisztaságú 4000mg; taurin 1000mg; L-karnitin 300mg. Érzékszervi tulajdonságokat javító adalékanyagok: zöldtea kivonat 100mg; rozmaring kivonat. Antioxidánsok: növényi olajokból származó tokoferol kivonatok. Analitikai összetevők: nyersfehérje 30,00%; nyerszsír 18,00%; nyersrost 2,90%; nedvesség 9,00%; nyershamu 6,60%; kalcium 0,90%; foszfor 0,70%; Omega-6 3,30%; Omega-3 0,90%; DHA 0,50%; EPA 0,30%; glükozamin 1200mg/kg; kondroitin-szulfát 900mg/kg. Tovább olvasok"}
{"breadcrumb": "Főoldal/Kutya/Eledelek/Száraz eledelek/N&D Grain Free vaddisznó&alma sütőtökkel adult mini száraz kutyaeledel 7kg", "product_name": "N&D Grain Free vaddisznó&alma sütőtökkel adult mini száraz kutyaeledel 7kgN&D Grain Free vaddisznó&alma sütőtökkel adult mini száraz kutyaeledel 7kg", "brand": "N&DPumpkin4,1kg – 10kgFelnőttvadgabonamenteskistestű 10kg-ig", "regular_price": "3 699", "selling_price": "3 499", "price_per_unit": "1 kg=2828 Ft", "product_url": "https://webshop.fressnapf.hu/termekek/nd-grain-free-vaddisznoalma-sutotokkel-adult-mini-szaraz-kutyaeledel-7kg/", "product_description": "N&D Sütőtökkel – Vaddisznó, sütőtök és alma receptúra. Teljes értékű száraz eledel, kistestű felnőtt kutyák részére. Összetevők: vaddisznó (24%), dehidratált vaddisznófehérje (22%), borsó keményítő, csirkezsír, sütőtök (5%), szárított tojás, halolaj (heringből), borsórost, szárított sárgarépa, lucernaliszt, inulin, frukto-oligoszacharidok, élesztő kivonat (manno-oligoszacharidok forrása), szárított alma (0,5%), szárított spenót, útifűmaghéj (0,3%), szárított gránátalma, szárított édesnarancs, szárított áfonya, nátrium-klorid, szárított sörélesztő, kurkuma (0,2%), aloe vera kivonat, glükozamin, kondroitin-szulfát. Adalékanyagok kilogrammonként: Tápértékkel rendelkező adalékanyagok: A-vitamin 15000NE; D3-vitamin 1500NE; E-vitamin 600mg; C-vitamin 150mg; niacin 37,5mg; kalcium-D-pantotenát 15mg; B2-vitamin 7,5mg; B6-vitamin 6mg; B1-vitamin 4,5mg; biotin 0,38mg; folsav 0,45mg; B12-vitamin 0,1mg; kolin-klorid 2500mg; béta-karotin 1,5mg; Cink (metionin-hidroxi-analóg cinkkelátja): 163,8mg; Mangan (metionin-hidroxi-analóg mangánkelátja): 64,6mg; Vas (glicin-hidrát vas (II)-kelátja): 58,3mg; Réz (metionin-hidroxi-analóg rézkelátja): 15,8mg; Szelén (szeléntartalmú inaktivált élesztő): 0,00088mg; DL-metionin ipari tisztaságú 4000mg; taurin 1000mg; L-karnitin 300mg. Érzékszervi tulajdonságokat javító adalékanyagok: zöldtea kivonat 100mg; rozmaring kivonat. Antioxidánsok: növényi olajokból származó tokoferol kivonatok. Analitikai összetevők: nyersfehérje 30,00%; nyerszsír 18,00%; nyersrost 2,90%; nedvesség 9,00%; nyershamu 6,60%; kalcium 0,90%; foszfor 0,70%; Omega-6 3,30%; Omega-3 0,90%; DHA 0,50%; EPA 0,30%; glükozamin 1200mg/kg; kondroitin-szulfát 900mg/kg. Tovább olvasok"}
{"breadcrumb": "Főoldal/Kutya/Eledelek/Száraz eledelek/N&D Grain Free vaddisznó&alma sütőtökkel adult mini száraz kutyaeledel 800g", "product_name": "N&D Grain Free vaddisznó&alma sütőtökkel adult mini száraz kutyaeledel 800gN&D Grain Free vaddisznó&alma sütőtökkel adult mini száraz kutyaeledel 800g", "brand": "N&DPumpkin601g – 800gFelnőttvadgabonamenteskistestű 10kg-ig", "regular_price": "3 799", "selling_price": "3 299", "price_per_unit": "1 kg=5874 Ft", "product_url": "https://webshop.fressnapf.hu/termekek/nd-grain-free-vaddisznoalma-sutotokkel-adult-mini-szaraz-kutyaeledel-800g/", "product_description": "N&D Sütőtökkel – Vaddisznó, sütőtök és alma receptúra. Teljes értékű száraz eledel, kistestű felnőtt kutyák részére. Összetevők: vaddisznó (24%), dehidratált vaddisznófehérje (22%), borsó keményítő, csirkezsír, sütőtök (5%), szárított tojás, halolaj (heringből), borsórost, szárított sárgarépa, lucernaliszt, inulin, frukto-oligoszacharidok, élesztő kivonat (manno-oligoszacharidok forrása), szárított alma (0,5%), szárított spenót, útifűmaghéj (0,3%), szárított gránátalma, szárított édesnarancs, szárított áfonya, nátrium-klorid, szárított sörélesztő, kurkuma (0,2%), aloe vera kivonat, glükozamin, kondroitin-szulfát. Adalékanyagok kilogrammonként: Tápértékkel rendelkező adalékanyagok: A-vitamin 15000NE; D3-vitamin 1500NE; E-vitamin 600mg; C-vitamin 150mg; niacin 37,5mg; kalcium-D-pantotenát 15mg; B2-vitamin 7,5mg; B6-vitamin 6mg; B1-vitamin 4,5mg; biotin 0,38mg; folsav 0,45mg; B12-vitamin 0,1mg; kolin-klorid 2500mg; béta-karotin 1,5mg; Cink (metionin-hidroxi-analóg cinkkelátja): 163,8mg; Mangan (metionin-hidroxi-analóg mangánkelátja): 64,6mg; Vas (glicin-hidrát vas (II)-kelátja): 58,3mg; Réz (metionin-hidroxi-analóg rézkelátja): 15,8mg; Szelén (szeléntartalmú inaktivált élesztő): 0,00088mg; DL-metionin ipari tisztaságú 4000mg; taurin 1000mg; L-karnitin 300mg. Érzékszervi tulajdonságokat javító adalékanyagok: zöldtea kivonat 100mg; rozmaring kivonat. Antioxidánsok: növényi olajokból származó tokoferol kivonatok. Analitikai összetevők: nyersfehérje 30,00%; nyerszsír 18,00%; nyersrost 2,90%; nedvesség 9,00%; nyershamu 6,60%; kalcium 0,90%; foszfor 0,70%; Omega-6 3,30%; Omega-3 0,90%; DHA 0,50%; EPA 0,30%; glükozamin 1200mg/kg; kondroitin-szulfát 900mg/kg. Tovább olvasok"}
{"breadcrumb": "Főoldal/Kutya/Eledelek/Száraz eledelek/N&D Ocean Grain Free Adult mini száraz kutyaeledel tőkehal 2,5kg", "product_name": "N&D Ocean Grain Free Adult mini száraz kutyaeledel tőkehal 2,5kgN&D Ocean Grain Free Adult mini száraz kutyaeledel tőkehal 2,5kg", "brand": "N&DOceanFelnőtt1,1kg – 4kghal&tenger gyümölcseigabonamenteskistestű 10kg-ig", "regular_price": "11 499", "selling_price": "9 999", "price_per_unit": "1 kg=3480 Ft", "product_url": "https://webshop.fressnapf.hu/termekek/nd-ocean-grain-free-adult-mini-szaraz-kutyaeledel-tokehal-25kg/", "product_description": "Teljes értékű, gabonamentes, száraz eledel, kistestű felnőtt kutyák részére. ÖSSZETEVŐK: tőkehal (25%), dehidratált tőkehalfehérje (25%), borsó keményítő, halolaj (heringből), szárított sütőtök (5%), borsórost, szárított sárgarépa, alfalfaliszt, inulin, frukto-oligoszacharidok, élesztő kivonat (manno-oligoszacharidok forrása), szárított édesnarancs (0,5%), szárított alma, szárított gránátalma, szárított spenót, útifűmaghéj (0,3%), szárított áfonya, nátrium-klorid, szárított sörélesztő, kurkuma (0,2%), aloe vera kivonat, glükózamin, kondroitin-szulfát. ADALÉKANYAGOK KILOGRAMMONKÉNT: Tápértékkel rendelkező adalékanyagok: A-vitamin 15000NE; D3-vitamin 1500NE; E-vitamin 600mg; C-vitamin 150mg; niacin 37,5mg; Kalcium-D-pantotenát 15mg; B2-vitamin 7,5mg; B6-vitamin 6mg; B1-vitamin 4,5mg; Biotin 0,38mg; Folsav 0,45mg; B12-vitamin 0,1mg; Kolin-klorid 2500mg; Béta-karotin 1,5mg; Cink (metionin-hidroxi-analóg cinkkelátja): 163,8mg; Mangán (metionin-hidroxi-analóg mangánkelátja): 64,6mg; Vas (glicin-hidrát vas (II)-kelátja): 58,3mg; Réz (metionin-hidroxi-analóg rézkelátja): 15,8mg; Szelén (szeléntartalmú inaktivált élesztő): 0,00088mg; DL-metionin, ipari tisztaságú 4000mg; taurin 1000mg; L-karnitin 300mg. Érzékszervi tulajdonságokat javító adalékanyagok: zöld tea kivonat 100mg; rozmaring kivonat. Antioxidánsok: növényi olajokból származó tokoferol kivonatok. ANALITIKAI ÖSSZETEVŐK: nyersfehérje 30%; nyerszsír 18%; nyersrost 2,9%; nedvesség 9%, nyershamu 7,3%; kalcium 0,8%; foszfor 0,70%; omega-6 1,6%; omega-3 2,3%; DHA 1%; EPA 0,7%; glükozamin 1200mg/kg; kondroitin-szulfát 900mg/kg. Tovább olvasok"}
{"breadcrumb": "Főoldal/Kutya/Eledelek/Száraz eledelek/N&D Ocean Grain Free Adult mini száraz kutyaeledel tőkehal 7kg", "product_name": "N&D Ocean Grain Free Adult mini száraz kutyaeledel tőkehal 7kgN&D Ocean Grain Free Adult mini száraz kutyaeledel tőkehal 7kg", "brand": "N&DOceanFelnőtt4,1kg – 10kghal&tenger gyümölcseigabonamenteskistestű 10kg-ig", "regular_price": "3 499", "selling_price": "2 999", "price_per_unit": "1 kg=2814 Ft", "product_url": "https://webshop.fressnapf.hu/termekek/nd-ocean-grain-free-adult-mini-szaraz-kutyaeledel-tokehal-7kg/", "product_description": "Teljes értékű, gabonamentes, száraz eledel, kistestű felnőtt kutyák részére. ÖSSZETEVŐK: tőkehal (25%), dehidratált tőkehalfehérje (25%), borsó keményítő, halolaj (heringből), szárított sütőtök (5%), borsórost, szárított sárgarépa, alfalfaliszt, inulin, frukto-oligoszacharidok, élesztő kivonat (manno-oligoszacharidok forrása), szárított édesnarancs (0,5%), szárított alma, szárított gránátalma, szárított spenót, útifűmaghéj (0,3%), szárított áfonya, nátrium-klorid, szárított sörélesztő, kurkuma (0,2%), aloe vera kivonat, glükózamin, kondroitin-szulfát. ADALÉKANYAGOK KILOGRAMMONKÉNT: Tápértékkel rendelkező adalékanyagok: A-vitamin 15000NE; D3-vitamin 1500NE; E-vitamin 600mg; C-vitamin 150mg; niacin 37,5mg; Kalcium-D-pantotenát 15mg; B2-vitamin 7,5mg; B6-vitamin 6mg; B1-vitamin 4,5mg; Biotin 0,38mg; Folsav 0,45mg; B12-vitamin 0,1mg; Kolin-klorid 2500mg; Béta-karotin 1,5mg; Cink (metionin-hidroxi-analóg cinkkelátja): 163,8mg; Mangán (metionin-hidroxi-analóg mangánkelátja): 64,6mg; Vas (glicin-hidrát vas (II)-kelátja): 58,3mg; Réz (metionin-hidroxi-analóg rézkelátja): 15,8mg; Szelén (szeléntartalmú inaktivált élesztő): 0,00088mg; DL-metionin, ipari tisztaságú 4000mg; taurin 1000mg; L-karnitin 300mg. Érzékszervi tulajdonságokat javító adalékanyagok: zöld tea kivonat 100mg; rozmaring kivonat. Antioxidánsok: növényi olajokból származó tokoferol kivonatok. ANALITIKAI ÖSSZETEVŐK: nyersfehérje 30%; nyerszsír 18%; nyersrost 2,9%; nedvesség 9%, nyershamu 7,3%; kalcium 0,8%; foszfor 0,70%; omega-6 1,6%; omega-3 2,3%; DHA 1%; EPA 0,7%; glükozamin 1200mg/kg; kondroitin-szulfát 900mg/kg. Tovább olvasok"}
{"breadcrumb": "Főoldal/Kutya/Eledelek/Száraz eledelek/N&D Quinoa Digestion száraz kutyaeledel bárány 7kg", "product_name": "N&D Quinoa Digestion száraz kutyaeledel bárány 7kgN&D Quinoa Digestion száraz kutyaeledel bárány 7kg", "brand": "N&DQuinoaFelnőtt4,1kg – 10kgjuh&bárány&kecskeérzékeny emésztésű", "regular_price": "3 799", "selling_price": "3 299", "price_per_unit": "1 kg=3286 Ft", "product_url": "https://webshop.fressnapf.hu/termekek/nd-quinoa-digestion-szaraz-kutyaeledel-barany-7kg/", "product_description": "N&D Quinoa Digestion egy teljes értékű diétás eledel felnőtt kutyák számára melyet a rossz emésztés kiegyenlítése és exokrin hasnyálmirigy-elégtelenségre. ÖSSZETEVŐK: bárány (22%), borsó keményítő, dehidratált bárányfehérje (12%), csirkezsír, dehidratált tojás, quinoamag extrahált (8%), dehidratált heringfehérje, halolaj (heringből), szárított édeskömény (2.0%), szárított menta (2.0%), szárított articsóka (2.0%), inulin (0.6%), frukto-oligoszacharidok (0.4%), élesztő kivonat (manno-oligoszacharidok forrása) (0.4%), kalcium-karbonát, útifűmaghéj, kálium-klorid, nátrium-klorid, aloe vera kivonat, glükozamin, kondroitin-szulfát. ADALÉKANYAGOK KILOGRAMMONKÉNT: Tápértékkel rendelkező adalékanyagok: A-vitamin 15000NE; D3-vitamin 1500NE; E-vitamin 600mg; C-vitamin 150mg; niacin 37.5mg; Kalcium-D-pantotenát 15mg; B2-vitamin 7.5mg; B6- vitamin 6mg; B1-vitamin 4.5mg; Biotin 0.38mg; Folsav 0.45mg; B12-vitamin 0.1mg; Kolin-klorid 2500mg; Béta-karotin 1.5mg; Cink (metionin-hidroxi-analóg cinkkelátja): 163.8mg; Mangan (metionin-hidroxi-analóg mangánkelátja): 64.6mg; Vas (glicin-hidrát vas (II)-kelátja): 58.3mg; Réz (metionin-hidroxi-analóg rézkelátja): 15.8mg; Szelén (szeléntartalmú inaktivált élesztő): 0.00088mg; DL-metionin ipari tisztaságú 2000mg; Taurin 1000mg; L-karnitin 250mg. Érzékszervi tulajdonságokat javító adalékanyagok: zöldtea kivonat 100mg; rozmaring kivonat. Antioxidánsok: növényi olajokból származó tokoferol kivonatok. ANALITIKAI ÖSSZETEVŐK: nyersfehérje 25.00%; nyerszsír 12.00%; nyersrost 1.90%; nedvesség 9.00%; nyershamu 7.50%; kalcium 0.90%; foszfor 0.60%; nátrium 0.40%; kálium 0.60%; magnézium 0.09%; Omega-6 zsírsavak 1.90%; Omega-3 zsírsavak 0.40%; DHA 0.20%; EPA 0.15%; glükozamin 1200mg/kg; kondroitin-szulfát 900mg/kg. Tovább olvasok"}
{"breadcrumb": "Főoldal/Kutya/Eledelek/Száraz eledelek/N&D Quinoa Skin&Coat száraz kutyaeledel hering 2,5kg", "product_name": "N&D Quinoa Skin&Coat száraz kutyaeledel hering 2,5kgN&D Quinoa Skin&Coat száraz kutyaeledel hering 2,5kg", "brand": "N&DQuinoaFelnőtt1,1kg – 4kghal&tenger gyümölcseibőr&szőr ápoló", "regular_price": "3 399", "selling_price": "2 999", "price_per_unit": "1 kg=4800 Ft", "product_url": "https://webshop.fressnapf.hu/termekek/nd-quinoa-skincoat-szaraz-kutyaeledel-hering-25kg/", "product_description": "N&D Quinoa Skin&Coat egy teljes értékű diétás eledel felnőtt kutyák számára valamely összetevővel vagy tápanyaggal szembeni érzékenység csökkentésére. ÖSSZETEVŐK: hering (20%), dehidratált heringfehérje (20%), borsó keményítő, halolaj (heringből), quinoamag extrahált (8%), lenmag, szárított kókusz (2.5%), kurkuma (2.5%), inulin, frukto-oligoszacharidok, élesztő kivonat (manno-oligoszacharidok forrása), kalcium-karbonát, dikalcium-foszfát, útifűmaghéj, kálium-klorid, nátrium-klorid, szárított sörélesztő, aloe vera kivonat, glükozamin, kondroitin-szulfát. Fehérje forrás: hering, dehidratált heringfehérje. Szénhidrát forrás: borsó keményítő, quinoamag extrahált. ADALÉKANYAGOK KILOGRAMMONKÉNT: Tápértékkel rendelkező adalékanyagok: A-vitamin 15000NE; D3-vitamin 1500NE; E-vitamin 600mg; C-vitamin 150mg; niacin 37.5mg; Kalcium-D-pantotenát 15mg; B2-vitamin 7.5mg; B6-vitamin 6mg; B1-vitamin 4.5mg; Biotin 0.38mg; Folsav 0.45mg; B12-vitamin 0.1mg; Kolin-klorid 2500mg; Béta-karotin 1.5mg; Cink (metionin-hidroxi-analóg cinkkelátja): 163.8mg; Mangan (metionin-hidroxi-analóg mangánkelátja): 64.6mg; Vas (glicin-hidrát vas (II)-kelátja): 58.3mg; Réz (metionin-hidroxi-analóg rézkelátja): 15.8mg; Szelén (szeléntartalmú inaktivált élesztő): 0.00088mg; DL-metionin ipari tisztaságú 4000mg; Taurin 1000mg; L-karnitin 300mg. Érzékszervi tulajdonságokat javító adalékanyagok: zöldtea kivonat 100mg; rozmaring kivonat. Antioxidánsok: növényi olajokból származó tokoferol kivonatok. ANALITIKAI ÖSSZETEVŐK: nyersfehérje 23.00%; nyerszsír 12.00%; nyersrost 2.80%; nedvesség 9.00%; nyershamu 7.90%; kalcium 1.00%; foszfor 0.80%; Omega-3 zsírsavak 1.80%; Omega-6 zsírsavak 1.50%; DHA 0.70%; EPA 0.50%; glükozamin 1200mg/kg; kondroitin-szulfát 900mg/kg. Tovább olvasok"}
{"breadcrumb": "Főoldal/Kutya/Eledelek/Száraz eledelek/N&D Quinoa Skin&Coat száraz kutyaeledel vadhús 7kg", "product_name": "N&D Quinoa Skin&Coat száraz kutyaeledel vadhús 7kgN&D Quinoa Skin&Coat száraz kutyaeledel vadhús 7kg", "brand": "N&DQuinoaFelnőtt4,1kg – 10kgvadbőr&szőr ápoló", "regular_price": "3 499", "selling_price": "2 999", "price_per_unit": "1 kg=3286 Ft", "product_url": "https://webshop.fressnapf.hu/termekek/nd-quinoa-skincoat-szaraz-kutyaeledel-vadhus-7kg/", "product_description": "N&D Quinoa Skin&Coat egy teljes értékű diétás eledel felnőtt kutyák számára valamely összetevővel vagy tápanyaggal szembeni érzékenység csökkentésére. ÖSSZETEVŐK: csontmentes kacsa (20%), dehidratált kacsafehérje (20%), borsó keményítő, halolaj (heringből), quinoamag extrahált (8%), lenmag, szárított kókusz (2.5%), kurkuma (2.5%), inulin, frukto-oligoszacharidok, élesztő kivonat (manno-oligoszacharidok forrása), kalcium-karbonát, dikalcium foszfát, útifűmaghéj, kálium-klorid, nátrium-klorid, szárított sörélesztő, aloe vera kivonat, glükozamin, kondroitin-szulfát. Fehérje forrás: csontmentes kacsa, dehidratált kacsafehérje. Szénhidrát forrás: borsó keményítő, quinoamag extrahált. ADALÉKANYAGOK KILOGRAMMONKÉNT: Tápértékkel rendelkező adalékanyagok: A-vitamin 15000NE; D3-vitamin 1500NE; E-vitamin 600mg; C-vitamin 150mg; niacin 37.5mg; Kalcium-D-pantotenát 15mg; B2-vitamin 7.5mg; B6-vitamin 6mg; B1-vitamin 4.5mg; Biotin 0.38mg; Folsav 0.45mg; B12-vitamin 0.1mg; Kolin-klorid 2500mg; Béta-karotin 1.5mg; Cink (metionin-hidroxi-analóg cinkkelátja): 163.8mg; Mangan (metionin-hidroxi-analóg mangánkelátja): 64.6mg; Vas (glicin-hidrát vas (II)-kelátja): 58.3mg; Réz (metionin-hidroxi-analóg rézkelátja): 15.8mg; Szelén (szeléntartalmú inaktivált élesztő): 0.00088mg; DL-metionin ipari tisztaságú 4000mg; Taurin 1000mg; L-karnitin 300mg. Érzékszervi tulajdonságokat javító adalékanyagok: zöldtea kivonat 100mg; rozmaring kivonat. Antioxidánsok: növényi olajokból származó tokoferol kivonatok. ANALITIKAI ÖSSZETEVŐK: nyersfehérje 23.00%; nyerszsír 12.00%; nyersrost 2.80%; nedvesség 9.00%; nyershamu 7.90%; kalcium 1.00%; foszfor 0.80%; Omega-3 zsírsavak 0.40%; Omega-6 zsírsavak 2.20%; DHA 0.20%; EPA 0.10%; glükozamin 1200mg/kg; kondroitin-szulfát 900mg/kg. Tovább olvasok"}
{"breadcrumb": "Főoldal/Kutya/Eledelek/Száraz eledelek/N&D Quinoa súlykontroll száraz kutyaeledel bárány 2,5kg", "product_name": "N&D Quinoa súlykontroll száraz kutyaeledel bárány 2,5kgN&D Quinoa súlykontroll száraz kutyaeledel bárány 2,5kg", "brand": "N&DQuinoaFelnőtt1,1kg – 4kgjuh&bárány&kecskelight", "regular_price": "3 799", "selling_price": "3 299", "price_per_unit": "1 kg=4800 Ft", "product_url": "https://webshop.fressnapf.hu/termekek/nd-quinoa-sulykontroll-szaraz-kutyaeledel-barany-25kg/", "product_description": "N&D Quinoa Súlykontroll teljes értékű diétás eledel felnőtt kutyák számára, amely a túlzott testtömeg csökkentésében nyújt segítséget. ÖSSZETEVŐK: bárány (20%), dehidratált bárányfehérje (20%), borsó keményítő, borsórost, quinoamag extrahált (8%), csirkezsír, lenmag, dehidratált heringfehérje, halolaj (heringből), szárított brokkoli (2.5%), szárított spárga (2.5%), dikalcium foszfát, alfalfaliszt, útifűmaghéj, kálium-klorid, kalcium-karbonát, nátrium-klorid, aloe vera kivonat, glükozamin, kondroitin-szulfát. ADALÉKANYAGOK KILOGRAMMONKÉNT: Tápértékkel rendelkező adalékanyagok: A-vitamin 15000NE; D3-vitamin 1500NE; E-vitamin 600mg; C-vitamin 150mg; niacin 37.5mg; Kalcium-D-pantotenát 15mg; B2-vitamin 7.5mg; B6-vitamin 6mg; B1-vitamin 4.5mg; Biotin 0.38mg; Folsav 0.45mg; B12-vitamin 0.1mg; Kolin-klorid 2500mg; Béta-karotin 1.5mg; Cink (metionin-hidroxi-analóg cinkkelátja): 163.8mg; Mangan (metionin-hidroxi-analóg mangánkelátja): 64.6mg; Vas (glicin-hidrát vas (II)-kelátja): 58.3mg; Réz (metionin-hidroxi-analóg rézkelátja): 15.8mg; Szelén (szeléntartalmú inaktivált élesztő): 0.00088mg; DL-metionin ipari tisztaságú 3000mg; Taurin 1000mg; L-karnitin 250mg. Érzékszervi tulajdonságokat javító adalékanyagok: zöldtea kivonat 100mg; rozmaring kivonat. Antioxidánsok: Növényi olajokból származó tokoferol kivonatok. ANALITIKAI ÖSSZETEVŐK: nyersfehérje 28.00%; nyerszsír 8.00%; nyersrost 8.20%; nedvesség 9.00%; nyershamu 7.90%; kalcium 0.90%; foszfor 0.80%; nátrium 0.30%, kálium 0.65%, magnézium 0.12%, Omega-6 zsírsavak 1.20%; Omega-3 zsírsavak 0.25%; DHA 0.12%; EPA 0.10%; glükozamin 1200mg/kg; kondroitin-szulfát 900mg/kg. Tovább olvasok"}
{"breadcrumb": "Főoldal/Kutya/Eledelek/Száraz eledelek/Naturally Good adult száraz kutyaeledel csirke 1kg", "product_name": "Naturally Good adult száraz kutyaeledel csirke 1kgNaturally Good adult száraz kutyaeledel csirke 1kg", "brand": "Naturally GoodVeggies, Veggies&Meat801g – 1kgFelnőttszárnyas", "regular_price": "3 999", "selling_price": "3 499", "price_per_unit": "1 kg=3499 Ft", "product_url": "https://webshop.fressnapf.hu/termekek/naturally-good-adult-szaraz-kutyaeledel-csirke-1kg/", "product_description": "A NATURALLY GOOD Zöldség és hús Csirke Csicseriborsóval mindent megad a kutyádnak, amire szüksége van! A zöldségek és a hús optimálisan kiegyensúlyozott keverékének köszönhetően receptúráink minden fontos tápanyagot és vitamint tartalmaznak. Kevesebb húst használunk, mert a növények is optimálisan fedezik kutyád fehérjeszükségletét. Ezzel nem csak kutyádat szeretnénk boldoggá tenni, hanem a mi életünket is egy kicsit jobbá tehetjük. HAPPY PET – HAPPY LIFE! Optimális étrend a növényi és állati fehérjék révén. Mi a Naturally Goodnál hiszünk abban, hogy ha kevesebb húst fogyasztunk, jobb életet biztosíthatunk magunk és háziállataink számára. Cselekedjünk helyesen – etessünk több zöldséget. Kevesebb hús, több zöldség. Kiváló minőségű teljes értékű eledel kifejlett kutyák számára. Csicseriborsó, válogatott növényi fehérjeforrásként, friss csirkehússal optimálisan kiegészítve. Gabonamentes receptúra. Hozzáadott cukor nélkül. Mesterséges tartósítószerek, színezékek és ízesítők felhasználása nélkül. Tedd boldoggá háziállatod a Naturally Gooddal. Teljes értékű eledel kifejlett kutyák számára 11-24 hónapos kortól (a kutya termetétől függően). Analitikai összetevők: Fehérje 21%, zsírtartalom 10%, nyershamu 6,5%, nyersrost 2,5%, kalcium 0,9%, foszfor 0,7%. Összetevők: Édesburgonya, szárítva (21,5%), borsókeményítő (21,5%), friss csirkehús (15%), csirkefehérje, szárítva (12%), csicseriborsó (10%), zöldborsó (10%), csirkezsír (3%), májhidrolizátum (1,5%), alma, szárítva (1%), szárított répapép, sárgarépa, szárítva (0,5%), cikória, szárítva (0,5%), lazacolaj (0,5%), lenmag (0,5%), ásványi anyagok, élesztősejtek falai (0,3%), édeskömény, szárítva (0,01%). Adalékanyagok kilogrammonként: D3-vitamin 1500 NE, taurin 1000 mg, réz 10 mg, vas 50 mg, jód 1,5 mg, mangán 15 mg, szelén 0,3 mg, cink 62,5 mg. Tovább olvasok"}
{"breadcrumb": "Főoldal/Kutya/Eledelek/Száraz eledelek/Naturally Good adult száraz kutyaeledel marha 1kg", "product_name": "Naturally Good adult száraz kutyaeledel marha 1kgNaturally Good adult száraz kutyaeledel marha 1kg", "brand": "Naturally GoodVeggies, Veggies&Meat801g – 1kgFelnőttmarha&borjú", "regular_price": "3 999", "selling_price": "3 499", "price_per_unit": "1 kg=3499 Ft", "product_url": "https://webshop.fressnapf.hu/termekek/naturally-good-adult-szaraz-kutyaeledel-marha-1kg/", "product_description": "A NATURALLY GOOD Zöldség és hús Marha Lóbabbal mindent megad a kutyádnak, amire szüksége van! A zöldségek és a hús optimálisan kiegyensúlyozott keverékének köszönhetően receptúráink minden fontos tápanyagot és vitamint tartalmaznak. Kevesebb húst használunk, mert a növények is optimálisan fedezik kutyád fehérjeszükségletét. Ezzel nem csak kutyádat szeretnénk boldoggá tenni, hanem a mi életünket is egy kicsit jobbá tehetjük. HAPPY PET – HAPPY LIFE! Optimális étrend a növényi és állati fehérjék révén. Mi a Naturally Goodnál hiszünk abban, hogy ha kevesebb húst fogyasztunk, jobb életet biztosíthatunk magunk és háziállataink számára. Cselekedjünk helyesen – etessünk több zöldséget. Kevesebb hús, több zöldség. Kiváló minőségű teljes értékű eledel kifejlett kutyák számára. Lóbab, válogatott növényi fehérjeforrásként, friss marhahússal optimálisan kiegészítve. Gabonamentes receptúra. Hozzáadott cukor nélkül. Mesterséges tartósítószerek, színezékek és ízesítők felhasználása nélkül. Tedd boldoggá háziállatod a Naturally Gooddal. Teljes értékű eledel kifejlett kutyák számára 11-24 hónapos kortól (a kutya termetétől függően). Összetétel: szárított édesburgonya (19%), borsókeményítő (19%), szárított marhafehérje (15%), friss marhahús (15%), lóbab (10%), zöldborsó (10%), baromfizsír, szárított répaszeletek, hidrolizált máj, szárított alma (1%), szárított sárgarépa (0,5%), szárított cikória (0,5%), lazacolaj (0,5%), lenmag (0,5%), élesztősejtfal (0,3%), ásványi anyagok, szárított édeskömény (0,01%). Nyomokban egyéb összetevőket is tartalmazhat. Tovább olvasok"}
{"breadcrumb": "Főoldal/Kutya/Eledelek/Jutalomfalatok&rágcsák/Naturally Good Fruitbar kutya jutalomfalat banán 4db 100g", "product_name": "Naturally Good Fruitbar kutya jutalomfalat banán 4db 100gNaturally Good Fruitbar kutya jutalomfalat banán 4db 100g", "brand": "Naturally GoodFruitbar0g – 100gFelnőttzöldség&gyümölcspuha falatok", "regular_price": "699", "selling_price": "", "price_per_unit": "1 KG=6990 Ft", "product_url": "https://webshop.fressnapf.hu/termekek/naturally-good-fruitbar-kutya-jutalomfalat-banan-4db-100g/", "product_description": "NATURALLY GOOD Take A Bite Out Of Life Fruit Bar banánnal. Cselekedjünk helyesen – etessünk több zöldséget. Vegetáriánus jutalomfalat és csemege edzéshez. Puha jutalomszelet 14% gyümölcspürével. 100%-ban vegetáriánus mindössze 6 összetevőből. Hozzáadott cukor, színezékek és aroma anyagok nélkül. Tedd boldoggá háziállatod a NATURALLY GOOD-dal. Kiegészítő eledel kutyák számára. Analitikai összetevők: Fehérje 4,5%, zsírtartalom 2%, nyershamu 3%, nyersrost 7%. Összetevők: Almatörköly, burgonyaliszt, glicerin, 10% almapüré, 4% banánpüré, só. Technológiai adalékanyagok: Tartósítószer Tovább olvasok"}
{"breadcrumb": "Főoldal/Kutya/Eledelek/Jutalomfalatok&rágcsák/Naturally Good Fruitbar kutya jutalomfalat eper 4db 100g", "product_name": "Naturally Good Fruitbar kutya jutalomfalat eper 4db 100gNaturally Good Fruitbar kutya jutalomfalat eper 4db 100g", "brand": "Naturally GoodFruitbar0g – 100gFelnőttzöldség&gyümölcspuha falatok", "regular_price": "699", "selling_price": "", "price_per_unit": "1 KG=6990 Ft", "product_url": "https://webshop.fressnapf.hu/termekek/naturally-good-fruitbar-kutya-jutalomfalat-eper-4db-100g/", "product_description": "NATURALLY GOOD Take A Bite Out Of Life Fruit Bar eperrel. Cselekedjünk helyesen – etessünk több zöldséget. Vegetáriánus jutalomfalat és csemege edzéshez. Puha jutalomszelet 14% gyümölcspürével. 100%-ban vegetáriánus mindössze 6 összetevőből. Hozzáadott cukor, színezékek és aroma anyagok nélkül. Tedd boldoggá háziállatod a NATURALLY GOOD-dal. Kiegészítő eledel kutyák számára. Analitikai összetevők: Fehérje 4,5%, zsírtartalom 2%, nyershamu 3%, nyersrost 7%. Összetevők: Almamaghús, burgonyaliszt, glicerin, 10% almapüré, 4% eperpüré, só. Technológiai adalékanyagok: Tartósítószer. Tovább olvasok"}
{"breadcrumb": "Főoldal/Kutya/Eledelek/Száraz eledelek/Naturally Good junior száraz kutyaeledel marha 1kg", "product_name": "Naturally Good junior száraz kutyaeledel marha 1kgNaturally Good junior száraz kutyaeledel marha 1kg", "brand": "Naturally GoodVeggies, Veggies&Meat801g – 1kgKölyökmarha&borjú", "regular_price": "3 999", "selling_price": "3 499", "price_per_unit": "1 kg=3499 Ft", "product_url": "https://webshop.fressnapf.hu/termekek/naturally-good-junior-szaraz-kutyaeledel-marha-1kg/", "product_description": "A NATURALLY GOOD Zöldség és hús Marha Lóbabbal mindent megad a kutyádnak, amire szüksége van! A zöldségek és a hús optimálisan kiegyensúlyozott keverékének köszönhetően receptúráink minden fontos tápanyagot és vitamint tartalmaznak. Kevesebb húst használunk, mert a növények is optimálisan fedezik kutyád fehérjeszükségletét. Ezzel nem csak kutyádat szeretnénk boldoggá tenni, hanem a mi életünket is egy kicsit jobbá tehetjük. HAPPY PET – HAPPY LIFE! Optimális étrend a növényi és állati fehérjék révén. Mi a Naturally Goodnál hiszünk abban, hogy ha kevesebb húst fogyasztunk, jobb életet biztosíthatunk magunk és háziállataink számára. Cselekedjünk helyesen – etessünk több zöldséget. Kevesebb hús, több zöldség. Kiváló minőségű teljes értékű eledel kölyökkutyák és fiatal kutyák számára. Lóbab, válogatott növényi fehérjeforrásként, friss marhahússal optimálisan kiegészítve. Gabonamentes receptúra. Hozzáadott cukor nélkül. Mesterséges tartósítószerek, színezékek és ízesítők felhasználása nélkül. Tedd boldoggá háziállatod a Naturally Gooddal. Teljes értékű eledel bármilyen fajtájú és termetű kölyök és növendék kutya számára, az elválasztástól kb. 24 hónapos életkorig (a kutya termetétől függően). Analitikai összetevők: Fehérje 27%, zsírtartalom 16%, nyershamu 7%, nyersrost 3%, kalcium 1,4%, foszfor 0,9%. Összetétel: Marhafehérje, szárítva (22%), édesburgonya, szárítva (17%), mezei bab (17%), zöldborsó (17%), friss marhahús (10%), csirkezsír, szárított répapép, májhidrolizátum, ásványi anyagok, alma, szárítva (1%), sárgarépa, szárítva (0,5%), cikória, szárítva (0,5%), lenmag (0,5%), lazacolaj (0,5%), élesztősejtfal (0,3%), édeskömény, szárítva (0,01%). Adalékanyagok kilogrammonként: D3-vitamin 1500 NE, taurin 1000 mg, réz 10 mg, vas 50 mg, jód 1,5 mg, mangán 15 mg, szelén 0,2 mg, cink 62,5 mg. Tovább olvasok"}
{"breadcrumb": "Főoldal/Kutya/Eledelek/Nedves eledelek/Naturally Good konzerv junior pulyka&borsó 6x400g", "product_name": "Naturally Good konzerv junior pulyka&borsó 6x400gNaturally Good konzerv junior pulyka&borsó 6x400g", "brand": "Naturally GoodVeggies, Veggies&Meat201g – 400gKölyökszárnyaspástétomkonzerv", "regular_price": "5 094", "selling_price": "4 794", "price_per_unit": "1 399 Ft", "product_url": "https://webshop.fressnapf.hu/termekek/naturally-good-konzerv-junior-pulykaborso-6x400g/", "product_description": "Zöldség és hús. Cselekedjünk helyesen – etessünk több zöldséget. Optimális étrend a növényi és állati fehérjék révén. Hozzáadott cukor nélkül. Búzamentes receptúra. Teljes értékű eledel kölyök- és fiatal kutyák számára. Analitikai összetevők: Fehérje 7,5%, zsírtartalom 4%, nyershamu 1,75%, nyersrost 0,5%, kalcium 0,25%, foszfor 0,2%. Összetétel: Pulyka (10% húsból, szívből, májból) 20%, sütőtök 8%, borsó 5%, borsófehérje 5%, cékla 4%, ásványi anyagok, napraforgóolaj, rizs Nedvességtartalom 83% Adalékanyagok kilogrammonként: D3-vitamin 170 NE, réz 1 mg, jód 0,75 mg, mangán 1,4 mg, cink 25 mg Tovább olvasok"}
{"breadcrumb": "Főoldal/Kutya/Eledelek/Nedves eledelek/Naturally Good konzerv junior pulyka&borsó 6x800g", "product_name": "Naturally Good konzerv junior pulyka&borsó 6x800gNaturally Good konzerv junior pulyka&borsó 6x800g", "brand": "Naturally GoodVeggies, Veggies&Meat601g – 800gKölyökszárnyaspástétomkonzerv", "regular_price": "5 094", "selling_price": "4 794", "price_per_unit": "2 299 Ft", "product_url": "https://webshop.fressnapf.hu/termekek/naturally-good-konzerv-junior-pulykaborso-6x800g/", "product_description": "Zöldség és hús. Cselekedjünk helyesen – etessünk több zöldséget. Optimális étrend a növényi és állati fehérjék révén. Hozzáadott cukor nélkül. Búzamentes receptúra. Teljes értékű eledel kölyök- és fiatal kutyák számára. Analitikai összetevők: Fehérje 7,5%, zsírtartalom 4%, nyershamu 1,75%, nyersrost 0,5%, kalcium 0,25%, foszfor 0,2%. Összetétel: Pulyka (10% húsból, szívből, májból) 20%, sütőtök 8%, borsó 5%, borsófehérje 5%, cékla 4%, ásványi anyagok, napraforgóolaj, rizs Nedvességtartalom 83% Adalékanyagok kilogrammonként: D3-vitamin 170 NE, réz 1 mg, jód 0,75 mg, mangán 1,4 mg, cink 25 mg Tovább olvasok"}
{"breadcrumb": "Főoldal/Kutya/Eledelek/Nedves eledelek/Naturally Good kutya konzerv adult borsó&marha 6x400g", "product_name": "Naturally Good kutya konzerv adult borsó&marha 6x400gNaturally Good kutya konzerv adult borsó&marha 6x400g", "brand": "Naturally GoodVeggies, Veggies&Meat201g – 400gFelnőttmarha&borjúpástétomkonzerv", "regular_price": "5 094", "selling_price": "4 794", "price_per_unit": "1 399 Ft", "product_url": "https://webshop.fressnapf.hu/termekek/naturally-good-kutya-konzerv-adult-borsomarha-6x400g/", "product_description": "Cselekedjünk helyesen – etessünk több zöldséget. Optimális étrend a növényi és állati fehérjék révén. Hozzáadott cukor nélkül. Búzamentes receptúra. Teljes értékű eledel kifejlett kutyák számára. Analitikai összetevők: Fehérje 7,5%, zsírtartalom 4%, nyershamu 1,9%, nyersrost 0,5%, kalcium 0,3%, foszfor 0,2%. Összetétel: Marhahús (szívből, 6% húsból, májból) 20%, borsó 5%, borsófehérje 5%, cékla 4%, ásványi anyagok, lazacolaj, édesköménypor, rizs, erjesztett rizs. Adalékanyagok kilogrammonként: D3-vitamin 170 NE, réz 1 mg, jód 0,75 mg, mangán 1,4 mg, cink 25 mg. Tovább olvasok"}
{"breadcrumb": "Főoldal/Kutya/Eledelek/Nedves eledelek/Naturally Good kutya konzerv adult borsó&marha 6x800g", "product_name": "Naturally Good kutya konzerv adult borsó&marha 6x800gNaturally Good kutya konzerv adult borsó&marha 6x800g", "brand": "Naturally GoodVeggies, Veggies&Meat601g – 800gFelnőttmarha&borjúpástétomkonzerv", "regular_price": "8 994", "selling_price": "8 394", "price_per_unit": "2 299 Ft", "product_url": "https://webshop.fressnapf.hu/termekek/naturally-good-kutya-konzerv-adult-borsomarha-6x800g/", "product_description": "Cselekedjünk helyesen – etessünk több zöldséget. Optimális étrend a növényi és állati fehérjék révén. Hozzáadott cukor nélkül. Búzamentes receptúra. Teljes értékű eledel kifejlett kutyák számára. Analitikai összetevők: Fehérje 7,5%, zsírtartalom 4%, nyershamu 1,9%, nyersrost 0,5%, kalcium 0,3%, foszfor 0,2%. Összetétel: Marhahús (szívből, 6% húsból, májból) 20%, borsó 5%, borsófehérje 5%, cékla 4%, ásványi anyagok, lazacolaj, édesköménypor, rizs, erjesztett rizs. Adalékanyagok kilogrammonként: D3-vitamin 170 NE, réz 1 mg, jód 0,75 mg, mangán 1,4 mg, cink 25 mg. Tovább olvasok"}
{"breadcrumb": "Főoldal/Kutya/Eledelek/Nedves eledelek/Naturally Good kutya konzerv adult lencse&csirke 6x400g", "product_name": "Naturally Good kutya konzerv adult lencse&csirke 6x400gNaturally Good kutya konzerv adult lencse&csirke 6x400g", "brand": "Naturally GoodVeggies, Veggies&Meat201g – 400gFelnőttszárnyaspástétomkonzerv", "regular_price": "8 994", "selling_price": "8 394", "price_per_unit": "1 399 Ft", "product_url": "https://webshop.fressnapf.hu/termekek/naturally-good-kutya-konzerv-adult-lencsecsirke-6x400g/", "product_description": "ZÖLDSÉG ÉS HÚS. Cselekedjünk helyesen – etessünk több zöldséget. Optimális étrend a növényi és állati fehérjék révén. Hozzáadott cukor nélkül. Búzamentes receptúra. Teljes értékű eledel kifejlett kutyák számára. Analitikai összetevők: Fehérje 7%, zsírtartalom 3%, nyershamu 2,2%, nyersrost 0,5%, kalcium 0,37%, foszfor 0,25%. Összetétel: Csirke (10% húsból, zúzából, májból) 20%, szárított lencse 5%, brokkoli 4%, édesburgonya 4%, borsófehérje 3%, ásványi anyagok, napraforgóolaj, rizs, fermentált. Adalékanyagok/kg: D3-vitamin 170 NE, taurin 1500 mg, réz 1 mg, jód 0,75 mg, mangán 1,4 mg, cink 25 mg. Tovább olvasok"}
{"breadcrumb": "Főoldal/Kutya/Eledelek/Nedves eledelek/Naturally Good kutya konzerv adult lencse&csirke 6x800g", "product_name": "Naturally Good kutya konzerv adult lencse&csirke 6x800gNaturally Good kutya konzerv adult lencse&csirke 6x800g", "brand": "Naturally GoodVeggies, Veggies&Meat601g – 800gFelnőttszárnyaspástétomkonzerv", "regular_price": "5 094", "selling_price": "4 794", "price_per_unit": "2 299 Ft", "product_url": "https://webshop.fressnapf.hu/termekek/naturally-good-kutya-konzerv-adult-lencsecsirke-6x800g/", "product_description": "ZÖLDSÉG ÉS HÚS. Cselekedjünk helyesen – etessünk több zöldséget. Optimális étrend a növényi és állati fehérjék révén. Hozzáadott cukor nélkül. Búzamentes receptúra. Teljes értékű eledel kifejlett kutyák számára. Analitikai összetevők: Fehérje 7%, zsírtartalom 3%, nyershamu 2,2%, nyersrost 0,5%, kalcium 0,37%, foszfor 0,25%. Összetétel: Csirke (10% húsból, zúzából, májból) 20%, szárított lencse 5%, brokkoli 4%, édesburgonya 4%, borsófehérje 3%, ásványi anyagok, napraforgóolaj, rizs, fermentált. Adalékanyagok/kg: D3-vitamin 170 NE, taurin 1500 mg, réz 1 mg, jód 0,75 mg, mangán 1,4 mg, cink 25 mg. Tovább olvasok"}
{"breadcrumb": "Főoldal/Kutya/Eledelek/Nedves eledelek/Naturally Good kutya konzerv adult lencse&lazac 6x400g", "product_name": "Naturally Good kutya konzerv adult lencse&lazac 6x400gNaturally Good kutya konzerv adult lencse&lazac 6x400g", "brand": "Naturally GoodVeggies, Veggies&Meat201g – 400gFelnőtthal&tenger gyümölcseipástétomkonzerv", "regular_price": "8 994", "selling_price": "8 394", "price_per_unit": "1 399 Ft", "product_url": "https://webshop.fressnapf.hu/termekek/naturally-good-kutya-konzerv-adult-lencselazac-6x400g/", "product_description": "ZÖLDSÉG ÉS HÚS. Cselekedjünk helyesen – etessünk több zöldséget. Optimális étrend a növényi és állati fehérjék révén. Hozzáadott cukor nélkül. Búzamentes receptúra. Teljes értékű eledel kifejlett kutyák számára. Analitikai összetevők: Fehérje 6,5%, zsírtartalom 4%, nyershamu 2,6%, nyersrost 0,5%, kalcium 0,5%, foszfor 0,33%. Összetevők: Lazac 20%, szárított lencse 5%, spenót 4%, ásványi anyagok, lazacolaj, édesköménypor, fermentált rizs. Adalékanyagok/kg: A-vitamin 2025 NE, taurin 1500 mg, réz 1 mg, cink 20 mg. Tovább olvasok"}
{"breadcrumb": "Főoldal/Kutya/Eledelek/Nedves eledelek/Naturally Good kutya konzerv adult lencse&lazac 6x800g", "product_name": "Naturally Good kutya konzerv adult lencse&lazac 6x800gNaturally Good kutya konzerv adult lencse&lazac 6x800g", "brand": "Naturally GoodVeggies, Veggies&Meat601g – 800gFelnőtthal&tenger gyümölcseipástétomkonzerv", "regular_price": "5 094", "selling_price": "4 794", "price_per_unit": "2 299 Ft", "product_url": "https://webshop.fressnapf.hu/termekek/naturally-good-kutya-konzerv-adult-lencselazac-6x800g/", "product_description": "ZÖLDSÉG ÉS HÚS. Cselekedjünk helyesen – etessünk több zöldséget. Optimális étrend a növényi és állati fehérjék révén. Hozzáadott cukor nélkül. Búzamentes receptúra. Teljes értékű eledel kifejlett kutyák számára. Analitikai összetevők: Fehérje 6,5%, zsírtartalom 4%, nyershamu 2,6%, nyersrost 0,5%, kalcium 0,5%, foszfor 0,33%. Összetevők: Lazac 20%, szárított lencse 5%, spenót 4%, ásványi anyagok, lazacolaj, édesköménypor, fermentált rizs. Adalékanyagok/kg: A-vitamin 2025 NE, taurin 1500 mg, réz 1 mg, cink 20 mg. Tovább olvasok"}
{"breadcrumb": "Főoldal/Kutya/Eledelek/Jutalomfalatok&rágcsák/Naturally Good snack kutya jutalomfalat burgonya 150g", "product_name": "Naturally Good snack kutya jutalomfalat burgonya 150gNaturally Good snack kutya jutalomfalat burgonya 150g", "brand": "Naturally GoodVeggies101g – 200gFelnőttzöldség&gyümölcsropogós falatok", "regular_price": "999", "selling_price": "", "price_per_unit": "1 KG=6660 Ft", "product_url": "https://webshop.fressnapf.hu/termekek/naturally-good-snack-kutya-jutalomfalat-burgonya-150g/", "product_description": "NATURALLY GOOD Take lt Cheesy Potato Snack sajttal és paradicsommal. Cselekedjünk helyesen – etessünk több zöldséget. Burgonyaalapú vegetáriánus jutalomfalatok hullámos formában. Sajttal és paradicsommal a különleges ízhatásért. Hozzáadott cukor, színezékek és aromaanyagok nélkül. Tedd boldoggá háziállatod a NATURALLY GOOD-dal. Kiegészítő eledel kutyák számára. Összetétel: gabonafélék, növényi eredetű származékok (26% burgonyakeményítő, 0,1% kamillapor), növényi fehérjekivonatok, tej és tejszármazékok (4% sajtpor), zöldsé9ek (4% paradicsom), ásványi anyagok. Analitikai összetevők: fehérje 7,5%, zsírtartalom 2%, nyershamu 3,5%, nyersrost 1,7%. Nedvesség 25%. Adalékanyagok/kg: technológiai adalékanyagok: tartósítószer. Tovább olvasok"}
{"breadcrumb": "Főoldal/Kutya/Eledelek/Jutalomfalatok&rágcsák/Naturally Good snack kutya jutalomfalat harmonika 150g", "product_name": "Naturally Good snack kutya jutalomfalat harmonika 150gNaturally Good snack kutya jutalomfalat harmonika 150g", "brand": "Naturally GoodVeggies101g – 200gFelnőttzöldség&gyümölcsropogós falatok", "regular_price": "999", "selling_price": "", "price_per_unit": "1 KG=6660 Ft", "product_url": "https://webshop.fressnapf.hu/termekek/naturally-good-snack-kutya-jutalomfalat-harmonika-150g/", "product_description": "NATURALLY GOOD Happiness Comes In Waves Snack tápiókával. Cselekedjünk helyesen – etessünk több zöldséget. Vegetáriánus rágcsálnivaló hullámos formában. Hozzáadott cukor, színezékek és aromaanyagok nélkül. Tedd boldoggá háziállatod a NATURALLY GOOD-dal. Kiegészítő eledel kutyák számára. Összetétel: gabonafélék, növényi eredetű származékok (20% burgonyakeményítő, 5% tápiókakeményítő), 4% almatörköly, ásványi anyagok. Analitikai összetevők: fehérje 4%, zsírtartalom 2%, nyershamu 2%, nyersrost 2%. Nedvesség 30%. Adalékanyagok/kg: technológiai adalékanyagok: tartósítószer. Tovább olvasok"}
{"breadcrumb": "Főoldal/Kutya/Eledelek/Jutalomfalatok&rágcsák/Naturally Good snack kutya jutalomfalat szív 200g", "product_name": "Naturally Good snack kutya jutalomfalat szív 200gNaturally Good snack kutya jutalomfalat szív 200g", "brand": "Naturally GoodValentin-nap101g – 200gFelnőttzöldség&gyümölcsropogós falatok", "regular_price": "999", "selling_price": "", "price_per_unit": "1 KG=4995 Ft", "product_url": "https://webshop.fressnapf.hu/termekek/naturally-good-snack-kutya-jutalomfalat-sziv-200g/", "product_description": "NATURALLY GOOD Your Heart Will Skip A Beat Lentil Snack vöröslencsével. Cselekedjünk helyesen – etessünk több zöldséget. Növényi fehérjeforrásként vöröslencse felhasználásával készült bájos szív alakú vegetáriánus jutalomfalat és csemege edzéshez. Hozzáadott cukor, színezékek és aromaanyagok nélkül. Tedd boldoggá háziállatod a NATURALLY GOOD-dal. Kiegészítő eledel kutyák számára. Összetétel: gabonafélék, növényi eredetű származékok (26% őrölt vöröslencse), almatörköly, olajok és zsírok. Analitikai összetevők: fehérje 9%, zsírtartalom 6,5%, nyershamu 2,5%, nyersrost 4%. Nedvesség 33%. Adalékanyagok/kg: technológiai adalékanyagok: tartósítószer. Tovább olvasok"}
{"breadcrumb": "Főoldal/Kutya/Eledelek/Táplálékkiegészítők&vitaminok/NRG energia&fehérje paszta 80g", "product_name": "NRG energia&fehérje paszta 80gNRG energia&fehérje paszta 80g", "brand": "0g – 100gFelnőttkomplex", "regular_price": "3999", "selling_price": "", "price_per_unit": "1 kg=49988 Ft", "product_url": "https://webshop.fressnapf.hu/termekek/nrg-energiafeherje-paszta-80g/", "product_description": "ENERGIA -ÉS FEHÉRJEKONCENTRÁTUM (19MJ/kg) Állatgyógyászati gyógyhatású termék kutyák és macskák részére. Csökkent étvágy helyreállítására. Súlyos fokú étvágytalanság esetén mesterséges táplálásra. Műtéti beavatkozásokat követően, valamint betegségből történő lábadozáskor az elvesztett fehérje és energia pótlására. Öregedő kutyák és macskák roborálására. Fokozott megterhelés esetén munkakutyáknak, vadászkutyáknak, agility vagy egyéb versenyek előtt a szükséges extra tápanyagbevitel biztosítására. Vemhesség és szoptatás alatt. Az intenzív növekedés támogatására. A bőr és szőrzet egészséges állapotának fenntartására. ADAGOLÁS ÉS ALKALMAZÁS MÓDJA Szájon át alkalmazandó, eleségbe keverve, vagy közvetlenül az állat szájába juttatva. ADAGOLÁS KUTYÁKNAK naponta 10 ml/10 ttkg (10 egység az adagolószáron) MACSKÁKNAK 1 ml/ttkg (1 egység az adagolószáron) Súlyos fokú étvágytalanság esetén az adag háromszorosa adható. Munkakutyáknak, verseny esetén az aktivitás előtt 5-15 ml/10 ttkg, testtömegnövelés esetén az aktivitás után is. A TERMÉK ÖSSZETÉTELE: rizsfehérje, BCAA (elágazó szénláncú aminosavak: leucin, izoleucin, valin), glükóz szirup, fruktóz, halolaj, napraforgóolaj, kollagén VITAMINOK, NYOMELEMEK ÉS AMINOSAVAK 1 kg-ban: B1-vitamin 600 mg, B2-vitamin 100 mg, niacinamid (B3-vitamin) 1000 mg, kalcium-D-pantotenát (B5-vitamin) 800 mg, B6-vitamin 600 mg, B12-vitamin 1000 μg, biotin 400 mg, inozitol 1000 mg, koenzim Q10 200 mg, karnitin 1000 mg, taurin 4000 mg, lecitin 5000 mg, E-vitamin 2000 mg, mangán (E5, mangán-szulfát) 400 mg, jód (kalcium-jodid) 200 mg, cink (cink-oxid) 3000 mg, szelén (nátrium-szelenit) 200 mg, réz (réz-szulfát) 300 mg, vas (vas-oxid) 200 mg ENERGIATARTALOM: 4590 kcal/kg (19,2 MJ/kg) ELLENJAVALLATOK ÉS MELLÉKHATÁSOK Ellenjavallatok: Nem alkalmazható a termék összetevőivel szemben ismert túlérzékenység esetén. Mellékhatások: nem ismert. FIGYELMEZTETÉSEK Alacsony fehérjetartalmú étrend (például előrehaladott krónikus veseelégteleneség, hepatikus encephalopathia) vagy alacsony zsírtartalmú étrend szükségessége esetén alkalmazás előtt mindenképpen konzultáljon állatorvosával! A termék alkalmazása nem helyettesíti az egyes kórképekben szükséges állatorvosi gyógyszeres kezelést! Tovább olvasok"}
{"breadcrumb": "Főoldal/Kutya/Eledelek/Jutalomfalatok&rágcsák/Panzi ChewTime kutya rágóropi 100db", "product_name": "Panzi ChewTime kutya rágóropi 100dbPanzi ChewTime kutya rágóropi 100db", "brand": "PANZIChewTimeFelnőttmarha&borjú", "regular_price": "1899", "selling_price": "", "price_per_unit": "1 DB=19 Ft", "product_url": "https://webshop.fressnapf.hu/termekek/panzi-chewtime-kutya-ragoropi-100db/", "product_description": "Panzi színes rágó pálcikák kutyáknak Összetevők: búzapehely, marhaliszt, kukoricaliszt, kukoricaglutén, szójaliszt, előkeverék, aroma, antioxidáns. Analitikai összetétel: 20% nyersfehérje, 3,5% nyers zsír, 2,2% nyers cellulóz, 6,5% nyers hamu, 10% nedvességtartalom. Tovább olvasok"}
{"breadcrumb": "Főoldal/Kutya/Eledelek/Száraz eledelek/Panzi GetWild Sensitive adult száraz kutyaeledel bárány 15kg", "product_name": "Panzi GetWild Sensitive adult száraz kutyaeledel bárány 15kgPanzi GetWild Sensitive adult száraz kutyaeledel bárány 15kg", "brand": "PANZIGetWild12,1kg – 15kgFelnőttjuh&bárány&kecskeérzékeny emésztésű", "regular_price": "3 799", "selling_price": "3 299", "price_per_unit": "1 KG=927 Ft", "product_url": "https://webshop.fressnapf.hu/termekek/panzi-getwild-sensitive-adult-szaraz-kutyaeledel-barany-15kg/", "product_description": "Teljesértékű csirke és búzamentes szárazeledel érzékeny emésztésű felnőtt kutyák számára. Csirke- és szárnyasmentes prémium receptúra. A termék nem tartalmaz hozzáadott búzát sem, ezzel is csökkentve az érzékeny emésztésű kutyák emésztőrendszeri terhelését. A termék hozzáadott szárított lazacliszttel készült, ezzel biztosítva a természetese forrású omega 3-6 zsírsavakat. Természetesen a hozzáadott glükozamin-szulfátnak köszönhetően az ízületek támogatása sem maradhat el. Összetétel: Hús és állati összetevők (marha, sertés, bárány: min.33%, melyből bárány min.4%), kukorica, cirok, zsírok és olajok (marhazsír), rizs, szárított cukorrépa pellet, hal és halszármazékok (lazac min.2%), élelmi rost, szárított alma, F.O.S., MOS (mannanoligosaccharides), lazacolaj, yucca schidigera kivonat, glukozamin szulfát (600mg/kg) Analitikai összetétel: Nyersfehérje 25.00%, Zsírok és olajok 14.00%, Nyersrost 14.00%, Nyershamu 14.00% Hozzáadott vitamin, ásványi anyagok(/kg): vitamin A: 7.200,00NE/kg , vitamin E: 100mg/kg, Calcium: 0,34%. Tovább olvasok"}
{"breadcrumb": "Főoldal/Kutya/Eledelek/Száraz eledelek/Panzi GetWild Sensitive adult száraz kutyaeledel pulyka 15kg", "product_name": "Panzi GetWild Sensitive adult száraz kutyaeledel pulyka 15kgPanzi GetWild Sensitive adult száraz kutyaeledel pulyka 15kg", "brand": "PANZIGetWild12,1kg – 15kgFelnőttszárnyasérzékeny emésztésű", "regular_price": "9 999", "selling_price": "8 999", "price_per_unit": "1 KG=927 Ft", "product_url": "https://webshop.fressnapf.hu/termekek/panzi-getwild-sensitive-adult-szaraz-kutyaeledel-pulyka-15kg/", "product_description": "Teljesértékű búza-, és hozzáadott csirke-, és halmentes szárazeledel felnőtt kutyák számára. Csirke-, és halmentes prémium receptúra. A termék nem tartalmaz hozzáadott búzát sem, ezzel is csökkentve az érzékeny emésztésű kutyák emésztőrendszeri terhelését. Természetesen a hozzáadott glükozamin-szulfátnak köszönhetően az ízületek támogatása sem maradhat el. Összetétel: Hús és állati összetevők (pulyka húsliszt min.28%), kukorica, cirok, zsírok és olajok (marhazsír), rizs, szárított cukorrépa pellet, sörélesztő, szárított alma, F.O.S., lazacolaj, yucca schidigera kivonat, glukozamin szulfát (600mg/kg) Analitikai összetétel: Nyersfehérje (%):24.00% Zsírok és olajok (%):12.00% Nyersrost (%):2.00% Nyershamu (%):10.00% Hozzáadott vitamin, ásványi anyagok(/kg): vitamin A: 7.200,00NE/kg , vitamin E: 100mg/kg, Kalcium: 0,34%. Tovább olvasok"}
{"breadcrumb": "Főoldal/Kutya/Eledelek/Száraz eledelek/Panzi GetWild Sensitive puppy száraz kutyaeledel bárány 15kg", "product_name": "Panzi GetWild Sensitive puppy száraz kutyaeledel bárány 15kgPanzi GetWild Sensitive puppy száraz kutyaeledel bárány 15kg", "brand": "PANZIGetWild12,1kg – 15kgKölyökjuh&bárány&kecskeérzékeny emésztésű", "regular_price": "3 499", "selling_price": "2 999", "price_per_unit": "1 KG=927 Ft", "product_url": "https://webshop.fressnapf.hu/termekek/panzi-getwild-sensitive-puppy-szaraz-kutyaeledel-barany-15kg/", "product_description": "Teljesértékű csirke és búzamentes szárazeledel érzékeny emésztésű kölyök és fiatal, valamint vemhes kutyák számára. Csirke- és szárnyasmentes prémium receptúra. A termék nem tartalmaz hozzáadott búzát sem, ezzel is csökkentve az érzékeny emésztésű kutyák emésztőrendszeri terhelését. A termék hozzáadott szárított lazacliszttel készült, ezzel biztosítva a természetese forrású omega 3-6 zsírsavakat. Természetesen a hozzáadott glükozamin-szulfátnak köszönhetően az ízületek támogatása sem maradhat el. Összetétel: Hús és állati összetevők (marha, sertés, bárány: min.33%, melyből bárány min.4%), kukorica, cirok, rizs, növényi fehérjekivonat, zsírok és olajok (marhazsír), szárított cukorrépa pellet, hal és halszármazékok (lazac min.2%), sörélesztő, szárított alma, F.O.S., MOS (mannanoligosaccharides), lazacolaj, yucca schidigera kivonat, glukozamin szulfát (600mg/kg) Analitikai összetétel: Nyersfehérje: min. 28,00%, Zsírok és olajok: min. 12,00%, Nyershamu max. 12,00%, Nedvességtartalom: 12,00%, Nyersrost min. 5,00%. Tovább olvasok"}
{"breadcrumb": "Főoldal/Kutya/Eledelek/Táplálékkiegészítők&vitaminok/PANZI multivitamin tabletta kölyök kutyának 100db", "product_name": "PANZI multivitamin tabletta kölyök kutyának 100dbPANZI multivitamin tabletta kölyök kutyának 100db", "brand": "PANZIKölyökmultivitamintabletta", "regular_price": "799", "selling_price": "", "price_per_unit": "1 db=8 Ft", "product_url": "https://webshop.fressnapf.hu/termekek/panzi-multivitamin-tabletta-kolyok-kutyanak-100db/", "product_description": "A tabletta optimális arányban tartalmazza a fejlődő szervezetű kölyökkutyák számára szükséges vitaminokat. Rendszeres etetése biztosítja kedvencünk egészséges fejlődéséhez, jól működő immunrendszeréhez és növekedéséhez szükséges vitaminokat. A PANZI MULTIVITAMIN KÖLYÖK etetésével tudja a vemhes szukák terhessége alatt megnövekedő vitaminszükségletet biztosítani, valamint a szoptatós szukák számára is fontos kiegészítő, mellyel az alom egészséges felnevelését tudja segíteni. A termék fokhagymapor tartalma erősíti az immunrendszert, emésztést segítő és féregűző hatást biztosít. Csonterősítőt tartalmaz. Összetétel: A-vitamin 300.000 Ne/kg- D3-vitamin 20.000 Ne/kg. E-vitamin 300mg/kg, B1-vitamin 125 mg/kg, B2-vitamin 200 mg/kg, B6-vitamin 100mg/kg, Nikotinsav 1000mg/kg, Ca-d-pantotenát 500mg/kg, Kálcium11,0%, Foszfor 7,5%, Fokhagymapor 5,0%. EU által engedélyezett adalékanyagokat tartalmaz Analitikai összetétel: nyersfehérje: 12%, hamu:5,5%, nyersrost: 1% Adagolás: naponta 1 tabletta/ 5 testsúly kg-ra. Tovább olvasok"}
{"breadcrumb": "Főoldal/Kutya/Eledelek/Száraz eledelek/Panzi Regular száraz kutyaeledel adult marha 10kg", "product_name": "Panzi Regular száraz kutyaeledel adult marha 10kgPanzi Regular száraz kutyaeledel adult marha 10kg", "brand": "PANZI4,1kg – 10kgmarha&borjúFelnőttnagytestű 26kg-tól", "regular_price": "11 499", "selling_price": "9 999", "price_per_unit": "1 kg=530 Ft", "product_url": "https://webshop.fressnapf.hu/termekek/panzi-regular-szaraz-kutyaeledel-adult-marha-10kg/", "product_description": "A Panzi Dog Adult kutyaeledel az átlagos aktivitású házőrző és hobbikutyák rendszeres táplálására kifejlesztett, extrudált kutyaeledel. Élettanilag optimálisan beállított arányban tartalmazza az összes olyan tápanyagot, ásványi elemet és vitamint, amely a kutyák harmonikus fejlődéséhez szükséges. Ha a Panzi Dog Adult kutyaeledelt választja, biztos lehet abban, hogy kedvence táplálékával mindenhez hozzájut, amire jó kondíciójához, egészsége megőrzéséhez szüksége van. Az eledel magas biológiai értéke miatt könnyen, tökéletesen emészthető. Összetétel: gabonafélék, hús- és állati származékok, olajok és zsírok, ásványi anyagok, tartósítószer és adalékanyagok. Analitikai összetevők: Szárazanyag 90 %, Nyersfehérje 20 %, Nyerszsír 10 %, Nyersrost 3%, Nyershamu 7,6 %, A vitamin (E672), 2 736 NE/kg, D3 vitamin (E671)240 NE/kg,E vitamin (alfa-tokoferol, E307) 14 mg/kg Felhasználási javaslat: Minden fajta eledelváltásnál fontos a fokozatos áttérés! A Panzi kutyaeledelt többféle formában is adhatja kutyájának. Szárazon, de vízzel nedvesítve, illetve egyéb táplálékkal kiegészítve (pl.: húslé). Nagyon fontos, hogy kedvence mindig hozzájusson elegendő mennyiségű friss vízhez! Tovább olvasok"}
{"breadcrumb": "Főoldal/Kutya/Eledelek/Jutalomfalatok&rágcsák/Pedigree Biscrok Gravy Bones kutyakeksz marha 400g", "product_name": "Pedigree Biscrok Gravy Bones kutyakeksz marha 400gPedigree Biscrok Gravy Bones kutyakeksz marha 400g", "brand": "PedigreeBiscrokFelnőttmarha&borjú", "regular_price": "1149", "selling_price": "", "price_per_unit": "1 kg=2873 Ft", "product_url": "https://webshop.fressnapf.hu/termekek/pedigree-biscrok-gravy-bones-kutyakeksz-marha-400g/", "product_description": "Kiegészítő állateledel felnőtt kutyák számára. – Omega-3-zsírsavval az egészség megőrzéséért – Vitaminokkal a kutya természetes ellenállóképességének megerősítéséért – Ásványi anyagokkal és kalciummal az erős csontokért – Mesterséges színezőanyagoktól és ízesítőanyagoktól mentes – A Waltham™ kisállat-táplálkozási kutatóközpont táplálkozástani szakemberei és állatorvosai által kifejlesztett kiegészítő állateledel Öszsetétel: válogatott gabonafélék, hús és állati származékok, ásványi anyagok, növényi eredetű származékok, magvak, olajok és zsírok, fűszerek. Analitikai összetevők (%): fehérje: 12, zsírtartalom: 7, szervetlen anyagok: 8,9, nyersrost: 1, kalcium: 2,5, Omega-3 zsírsavak: 1754 mg/kg. Energia: 343 kcal/100 g. Tápértékkel rendelkező adalékanyagok/kg: A-vitamin: 5267 NE, E-vitamin: 52,7 mg, vas-szulfát monohidrát: 48,2 mg. Etetési útmutató: – kistestű kutyáknak (pl. tacskó) maximum 2 db naponta – közepes testű kutyáknak (pl. cocker spániel) maximum 3 db naponta – nagytestű kutyáknak (pl. labrador) maximum 7 db naponta A napi etetési mennyiség kialakításakor, kérjük, vegye figyelembe a jutalomfalat mennyiségét is. Mindig biztosítson friss ivóvizet kedvence számára. Száraz, hűvös helyen tárolandó. Tovább olvasok"}
{"breadcrumb": "Főoldal/Kutya/Eledelek/Jutalomfalatok&rágcsák/Pedigree Biscrok Original kutyakeksz 200g", "product_name": "Pedigree Biscrok Original kutyakeksz 200gPedigree Biscrok Original kutyakeksz 200g", "brand": "PedigreeBiscrokFelnőtthús és állati származékok", "regular_price": "649", "selling_price": "", "price_per_unit": "1 kg=3245 Ft", "product_url": "https://webshop.fressnapf.hu/termekek/pedigree-biscrok-original-kutyakeksz-200g/", "product_description": "Kiegészítő állateledel felnőtt kutyák számára. – Omega-3-zsírsavval az egészség megőrzéséért – Vitaminokkal a kutya természetes ellenállóképességének megerősítéséért – Ásványi anyagokkal és kalciummal az erős csontokért – Mesterséges színezőanyagoktól és ízesítőanyagoktól mentes – A Waltham™ kisállat-táplálkozási kutatóközpont táplálkozástani szakemberei és állatorvosai által kifejlesztett kiegészítő állateledel Összetétel: válogatott gabonafélék, hús és állati származékok (4% csirkehús a fehér színű kekszekben, 4% marhahús a barna színű kekszekben, 4% bárányhús a piros színű kekszekben), növényi eredetű származékok, olajok és zsírok, ásványi anyagok, magvak, fűszerek. Analitikai összetevők (%): fehérje: 13,5, zsírtartalom: 8, szervetlen anyagok: 6, nyersrost: 2, kalcium: 1,2, Omega-3 zsírsavak: 605 mg/kg. Energia: 359 kcal/100 g. Adalékanyagok/kg: A-vitamin: 5712 NE, E-vitamin: 57,1 mg, vas-szulfát monohidrát: 52,2 mg; antioxidánsok és tartósítószerek. Etetési útmutató: – kistestű kutyáknak (pl. tacskó) maximum 1 db naponta – közepes testű kutyáknak (pl. cocker spániel) maximum 2 db naponta – nagytestű kutyáknak (pl. labrador) maximum 4 db naponta A napi etetési mennyiség kialakításakor, kérjük, vegye figyelembe a jutalomfalat mennyiségét is. Mindig biztosítson friss ivóvizet kedvence számára. Száraz, hűvös helyen tárolandó. Tovább olvasok"}
{"breadcrumb": "Főoldal/Kutya/Eledelek/Jutalomfalatok&rágcsák/Pedigree Biscrok Original kutyakeksz 500g", "product_name": "Pedigree Biscrok Original kutyakeksz 500gPedigree Biscrok Original kutyakeksz 500g", "brand": "PedigreeBiscrokFelnőttvegyes", "regular_price": "1149", "selling_price": "", "price_per_unit": "1 kg=2298 Ft", "product_url": "https://webshop.fressnapf.hu/termekek/pedigree-biscrok-original-kutyakeksz-500g/", "product_description": "Ropogós, ízzel teli kekszek – a Pedigree® Biscrok™ Multi Mix 3 ínycsiklandó ízben a tökéletességre van fejlesztetve. – Az Omega 3 zsírsavak egész életükre fitten tartják – E-vitaminnal, ami segít fenntartani a természetes védekezőképességet – Ásványi anyagok, beleértve a kalciumot, ami a csontokat erősíti – Nem tartalmaz mesterséges ízesítőt PedigreeⓇ. Ízletes jutalomfalatkák, szájápoló jutalomfalatok, és 100%-ban teljes értékű főétkezés minden kutyának. Összetevők Válogatott gabonafélék, Hús és állati származékok (1% csirke a fehér színű kekszekben, 1% marha a barna színű kekszekben, 1% bárány a piros színű kekszekben), Olajok és zsírok, Növényi eredetű származékok, Ásványi anyagok, Magvak, Különféle cukrok, Fűszerek Analitikai összetevők: Kalcium 1,20%, foszfor 1,00%, kalcium / foszfor arány 1,20, fehérje 13,50%, zsírtartalom 8,00%, nyershamu 6,00%, nyersrost 2,00% omega-3 zsírsavak 605 mg Adalékok kg-onként: Antioxidánsok és tartósítószerek / Tápértékkel rendelkező adalékok: A-vitamin: 5712 NE, E-vitamin: 57,1 mg, vas-szulfát-monohidrát: 52,2 mg. Etetési útmutató: Kistestű kutyáknak (pl. tacskó) max. 1 keksz naponta. Közepes testű kutyáknak (pl. cocker spániel) max. 2 keksz naponta. Nagytestű kutyáknak (pl. labrador) max. 4 keksz naponta. A napi etetési mennyiség kialakításakor kérjük vegye figyelembe a jutalomfalat mennyiségét is. Ne feledkezzen meg friss ivóvizet biztosítani kedvence számára. Tovább olvasok"}
{"breadcrumb": "Főoldal/Kutya/Eledelek/Jutalomfalatok&rágcsák/Pedigree Chewy Chunx mini kutya jutalomfalat marha 68g", "product_name": "Pedigree Chewy Chunx mini kutya jutalomfalat marha 68gPedigree Chewy Chunx mini kutya jutalomfalat marha 68g", "brand": "PedigreeChewy Chunx0g – 100gFelnőttmarha&borjú", "regular_price": "699", "selling_price": "", "price_per_unit": "1 kg=10279 Ft", "product_url": "https://webshop.fressnapf.hu/termekek/pedigree-chewy-chunx-mini-kutya-jutalomfalat-marha-5x68g/", "product_description": "Pedigree DentaStix Chewy Chunx kiegészítő eledel 5-15 kg-os felnőtt kutyák számára 68 g -Tisztítja a fogakat -Hozzájárul a fogíny egészségéhez -Hozzáadott cukor nélkül -Mesterséges színezékek és ízfokozók nélkül -Újrazárható csomagolás Összetevők: Válogatott gabonafélék, Növényi eredetű származékok, Ásványi anyagok (2,7% nátrium-tripolifoszfátot tartalmaz), Hús és állati származékok, Olajok és zsírok Analitikai összetevők (%): Fehérje:7,0, Zsírtartalom:1,8, Szervetlen anyag:6,1, Nyersrost:0,60, Nedvességtartalom:18,0, Energia:314 kcal/100 g Adalékanyagok/kg: Tápértékkel rendelkező adalékanyagok: E-vitamin:1303 mg, Cink (cink-szulfát, heptahidrát): 191 mg, Íz és aromaanyagok: Marha íz:29,2 mg Tovább olvasok"}
{"breadcrumb": "Főoldal/Kutya/Eledelek/Jutalomfalatok&rágcsák/Pedigree DentaStix daily fresh kutya jutalomfalat L 270g 7db", "product_name": "Pedigree DentaStix daily fresh kutya jutalomfalat L 270g 7dbPedigree DentaStix daily fresh kutya jutalomfalat L 270g 7db", "brand": "PedigreeFelnőtthús és állati származékokfogápolásfogápolásnagytestű 26kg-tólDentaStix", "regular_price": "1299", "selling_price": "", "price_per_unit": "1 db=186 Ft", "product_url": "https://webshop.fressnapf.hu/termekek/pedigree-dentastix-daily-fresh-jutalomfalat-kutyak-szamara-270-g/", "product_description": "A három évnél idősebb kutyáknál 5-ből 4 fogínybetegségben szenved. Ennek a fogínyre lerakódott lepedék és fogkő az oka. A Pedigree® Dentastix™ Daily Fresh jutalomfalatkák Hármas Hatással + tudományosan bizonyítottan csökkentik akár 80%-kal a fogkőképződést, tisztítják a nehezen elérhető fogakat és hozzájárulnak a fogíny egészségéhez. Tartalmaznak továbbá zöld tea és eukaliptuszolaj speciális keverékét, amely bizonyítottan elősegíti a friss leheletet. Összetevők: Válogatott gabonafélék, Növényi eredetű származékok (0,2% koffeinmentes zöld tea kivonat és 0,03% eukaliptusz olaj), Ásványi anyagok (2,3% nátrium-tripolifoszfát), Hús és állati származékok, Olajok és zsírok Analitikai összetevők (%): Fehérje: 7,7, Zsírtartalom: 1,3, Szervetlen anyag: 5,4, Nyersrost: 0,70, Nedvességtartalom: 16,2 Energia: 308 kcal/100 g Tápértékkel rendelkező adalékanyagok: E-vitamin: 1365 mg, Cink-szulfát heptahidrát: 830 mg, Íz és aromaanyagok: Csirke aroma: 36,3 mg Etetési útmutató: Nagytestű kutyáknak (pl. labrador) 1 darab naponta. Kiegészítő állateledel 25 kg feletti és 4 hónaposnál idősebb kölyökkutyák számára. A frissesség felbontás utáni megőrzése érdekében zárja vissza a csomagolást a visszazáróval. Ne feledkezzen meg friss ivóvizet biztosítani kedvence számára Tovább olvasok"}
{"breadcrumb": "Főoldal/Kutya/Eledelek/Jutalomfalatok&rágcsák/Pedigree DentaStix daily fresh kutya jutalomfalat M 180g 7db", "product_name": "Pedigree DentaStix daily fresh kutya jutalomfalat M 180g 7dbPedigree DentaStix daily fresh kutya jutalomfalat M 180g 7db", "brand": "PedigreeFelnőtthús és állati származékokfogápolásfogápolásközepes testű 11-25kgDentaStix", "regular_price": "1099", "selling_price": "", "price_per_unit": "1 db=157 Ft", "product_url": "https://webshop.fressnapf.hu/termekek/pedigree-dentastix-daily-fresh-jutalomfalat-kutyak-szamara-180-g/", "product_description": "Kiegészítő eledel 4 hónaposnál idősebb kutyák számára. -csökkenti a fogkőképződést akár 80%-kal -tisztítja a nehezen elérhető fogakat -hozzájárul a fogíny egészségéhez -aktív összetevők elősegítik a friss leheletet Összetevők: Gabona, növényi melléktermékek (többek között 0,20% koffeinmentes zöld tea-kivonat és 0,06% eukaliptusz olaj), hús és állati melléktermékek, ásványi anyagok (többek között 2,4% nátrium tripoli-foszfát), növényi fehérjekivonatok, olajok és zsírok. Analitikai összetevők: fehérje: 8,4%, nyerszsír: 1,3%, nyersrost: 2,8%, hamu: 5,4%. Adalékanyagok: Tápértékkel rendelkező adalékanyagok: Cink-szulfát-heptahidrát (1.045 mg/kg)., Szenzorikus adalékanyagok: Csirke aroma (45 mg/kg). Tovább olvasok"}
{"breadcrumb": "Főoldal/Kutya/Eledelek/Jutalomfalatok&rágcsák/Pedigree DentaStix daily fresh kutya jutalomfalat S 110g 7db", "product_name": "Pedigree DentaStix daily fresh kutya jutalomfalat S 110g 7dbPedigree DentaStix daily fresh kutya jutalomfalat S 110g 7db", "brand": "PedigreeFelnőtthús és állati származékokfogápolásfogápoláskistestű 10kg-igDentaStix", "regular_price": "899", "selling_price": "", "price_per_unit": "1 db=128 Ft", "product_url": "https://webshop.fressnapf.hu/termekek/pedigree-dentastix-daily-fresh-jutalomfalat-kutyak-szamara-110-g/", "product_description": "Kiegészítő eledel 4 hónaposnál idősebb kutyák számára. -csökkenti a fogkőképződést akár 80%-kal -tisztítja a nehezen elérhető fogakat -hozzájárul a fogíny egészségéhez -aktív összetevők elősegítik a friss leheletet Összetevők: Gabona, növényi melléktermékek (többek között 0,20% koffeinmentes zöld tea-kivonat és 0,06% eukaliptusz olaj), hús és állati melléktermékek, ásványi anyagok (többek között 2,4% nátrium tripoli-foszfát), növényi fehérjekivonatok, olajok és zsírok. Analitikai összetevők: fehérje: 8,4%, nyerszsír: 1,3%, nyersrost: 2,8%, hamu: 5,4%, Adalékanyagok: Tápértékkel rendelkező adalékanyagok: Cink-szulfát-heptahidrát (1.045 mg/kg). Szenzorikus adalékanyagok: Csirke aroma (45 mg/kg). Tovább olvasok"}
{"breadcrumb": "Főoldal/Kutya/Eledelek/Jutalomfalatok&rágcsák/Pedigree DentaStix kutya jutalomfalat large 1080g 28db", "product_name": "Pedigree DentaStix kutya jutalomfalat large 1080g 28dbPedigree DentaStix kutya jutalomfalat large 1080g 28db", "brand": "PedigreeFelnőtthús és állati származékokfogápolásfogápolásnagytestű 26kg-tólDentaStix", "regular_price": "3999", "selling_price": "", "price_per_unit": "1 db=143 Ft", "product_url": "https://webshop.fressnapf.hu/termekek/pedigree-dentastix-jutalomfalat-25-kg-os-kutyaknak-28-db-1080-g/", "product_description": "A DentaStix® napi használat esetén tudományosan bizonyítottan akár 80%-kal csökkenti a foglepedék kialakulását. A különleges állag és az aktív hatóanyagok teszik a Pedigree® DentaStix® kutya fogápoló rágót hatékonnyá. A Pedigree® DentaStix® fogápoló rágókat a Waltham™ kisállat-táplálkozási kutatóközpont táplálkozástani szakemberei és állatorvosai segítségével fejlesztették ki. Alacsony zsírtartalmú kutya jutalomfalatok hozzáadott cukor, mesterséges színezékanyag és aroma nélkül. Ízletes kutya rágók kicsi és maxicsomag kiszerelésben különböző méretekben kis, közepes és nagy termetű kutyák fogainak védelméért. Kiegészítő állateledel 25 kg feletti és 4 hónaposnál idősebb kölyökkutyák számára. A Pedigree® Napi DentaStix® különleges X-alakú fogápoló pálcika, amelyről tudományosan bizonyították, hogy napi használat esetén akár 80%-kal csökkenti a foglepedék kialakulását. A Pedigree® Napi DentaStix® termékeket úgy tervezték, hogy hosszan kelljen rágni a megfelelő hatékonyság érdekében, így csökkentve a foglepedék és fogkő kialakulását enyhén érdes állagának és aktív hatóanyagainak köszönhetően. Ízletes, alacsony zsírtartalmú, hozzáadott cukor és mesterséges színezékanyag és aroma nélkül. Pedigree® – hogy meghálálhassa a kutyája jóságát! A kutyák mindenhez a szájukat használják, így alapvető a fogak és a fogíny egészséges állapota ahhoz, hogy a legjobb formájukat adják. Mégis ötből négy, háromévesnél idősebb kutya ínybetegségben szenved, ami lelassíthatja a kutyát vagy szükségessé teheti az állatorvosi kezelést is. A Waltham™ kisállat-táplálkozási kutatóközpont táplálkozástani szakemberei és állatorvosai segítségével a Pedigree® ízletes kutyarágók széles választékát fejlesztette ki, mely csökkenti a foglepedék és fogkő kialakulását, ezáltal csökkentve az ínybetegségek kockázatát. Összetevők: Válogatott gabonafélék, Növényi eredetű származékok, Ásványi anyagok 2,7% nátrium-tripolifoszfátot tartalmaz, Hús és állati származékok, Olajok és zsírok Analitikai összetevők (%): Fehérje: 7, Zsírtartalom: 1,7, Szervetlen anyag: 6, Nyersrost: 1, Nedvességtartalom: 14, Energia: 305 kcal/100 g Adalékanyagok/kg: Tápértékkel rendelkező adalékanyagok: E-vitamin: 1365 mg, Cink-szulfát heptahidrát: 1055 mg, Íz és aromaanyagok: Marha íz: 13.2 mg, Csirke aroma: 22,9 mg Tovább olvasok"}
{"breadcrumb": "Főoldal/Kutya/Eledelek/Jutalomfalatok&rágcsák/Pedigree DentaStix kutya jutalomfalat medium/large 180g 7db", "product_name": "Pedigree DentaStix kutya jutalomfalat medium/large 180g 7dbPedigree DentaStix kutya jutalomfalat medium/large 180g 7db", "brand": "PedigreeFelnőtthús és állati származékokfogápolásfogápolásközepes testű 11-25kgDentaStix", "regular_price": "1099", "selling_price": "", "price_per_unit": "1 db=157 Ft", "product_url": "https://webshop.fressnapf.hu/termekek/pedigree-dentastix-jutalomfalat-10-25-kg-os-kutyak-szamara-180-g/", "product_description": "A DentaStix® napi használat esetén tudományosan bizonyítottan akár 80%-kal csökkenti a foglepedék kialakulását. A különleges állag és az aktív hatóanyagok teszik a Pedigree® DentaStix® kutya fogápoló rágót hatékonnyá. A Pedigree® DentaStix® fogápoló rágókat a Waltham™ kisállat-táplálkozási kutatóközpont táplálkozástani szakemberei és állatorvosai segítségével fejlesztették ki. Alacsony zsírtartalmú kutya jutalomfalatok hozzáadott cukor, mesterséges színezékanyag és aroma nélkül. Ízletes kutya rágók kicsi és maxicsomag kiszerelésben különböző méretekben kis, közepes és nagy termetű kutyák fogainak védelméért. A Pedigree® Napi DentaStix® különleges X-alakú fogápoló pálcika, amelyről tudományosan bizonyították, hogy napi használat esetén akár 80%-kal csökkenti a foglepedék kialakulását. A Pedigree® Napi DentaStix® termékeket úgy tervezték, hogy hosszan kelljen rágni a megfelelő hatékonyság érdekében, így csökkentve a foglepedék és fogkő kialakulását enyhén érdes állagának és aktív hatóanyagainak köszönhetően. Ízletes, alacsony zsírtartalmú, hozzáadott cukor és mesterséges színezékanyag és aroma nélkül. Pedigree® – hogy meghálálhassa a kutyája jóságát! A kutyák mindenhez a szájukat használják, így alapvető a fogak és a fogíny egészséges állapota ahhoz, hogy a legjobb formájukat adják. Mégis ötből négy, háromévesnél idősebb kutya ínybetegségben szenved, ami lelassíthatja a kutyát vagy szükségessé teheti az állatorvosi kezelést is. A Waltham™ kisállat-táplálkozási kutatóközpont táplálkozástani szakemberei és állatorvosai segítségével a Pedigree® ízletes kutyarágók széles választékát fejlesztette ki, mely csökkenti a foglepedék és fogkő kialakulását, ezáltal csökkentve az ínybetegségek kockázatát. Összetevők: Válogatott gabonafélék, Növényi eredetű származékok, Ásványi anyagok 2,7% nátrium-tripolifoszfátot tartalmaz, Hús és állati származékok, Olajok és zsírok Analitikai összetevők (%): Fehérje: 7, Zsírtartalom: 1,7, Szervetlen anyag: 6, Nyersrost: 1, Nedvességtartalom: 14, Energia: 305 kcal/100 g Adalékanyagok/kg: Tápértékkel rendelkező adalékanyagok: E-vitamin: 1365 mg, Cink-szulfát heptahidrát: 1055 mg, Íz és aromaanyagok: Marha íz: 13.2 mg, Csirke aroma: 22,9 mg Tovább olvasok"}
{"breadcrumb": "Főoldal/Kutya/Eledelek/Jutalomfalatok&rágcsák/Pedigree DentaStix kutya jutalomfalat medium/large 77g 3db", "product_name": "Pedigree DentaStix kutya jutalomfalat medium/large 77g 3dbPedigree DentaStix kutya jutalomfalat medium/large 77g 3db", "brand": "PedigreeFelnőtthús és állati származékokfogápolásfogápolásközepes testű 11-25kgDentaStix", "regular_price": "599", "selling_price": "", "price_per_unit": "1 db=200 Ft", "product_url": "https://webshop.fressnapf.hu/termekek/pedigree-dentastix-jutalomfalat-10-25-kg-os-kutyaknak-3-db-77-g/", "product_description": "A Pedigree DentaStix egyedülálló X formájának és összetételének köszönhetően, a napi használat során segít akár 80%-kal csökkenteni a fogkő lerakódását. Jellemzők: – Továbbfejlesztett formula – Napi szájápolás – A DentaStix® napi használat esetén tudományosan bizonyítottan akár 80%-kal csökkenti a foglepedék kialakulását – A különleges állag és az aktív hatóanyagok teszik a Pedigree® DentaStix® kutya fogápoló rágót hatékonnyá – A Pedigree® DentaStix® fogápoló rágókat a Waltham™ kisállat-táplálkozási kutatóközpont táplálkozástani szakemberei és állatorvosai segítségével fejlesztették ki – Alacsony zsírtartalmú kutya jutalomfalatok hozzáadott cukor, mesterséges színezékanyag és aroma nélkül – Ízletes kutya rágók kicsi és maxicsomag kiszerelésben különböző méretekben kis, közepes és nagy termetű kutyák fogainak védelméért Összetevők: Válogatott gabonafélék; Növényi eredetű származékok; Ásványi anyagok 2,7% nátrium-tripolifoszfátot tartalmaz; Hús és állati származékok; Olajok és zsírok Adalékanyagok/kg: Tápértékkel rendelkező adalékanyagok: E-vitamin: 1365 mg; Cink-szulfát heptahidrát: 1055 mg Íz és aromaanyagok: Marha íz: 13.2 mg; Csirke aroma: 22,9 mg Tovább olvasok"}
{"breadcrumb": "Főoldal/Kutya/Eledelek/Jutalomfalatok&rágcsák/Pedigree DentaStix kutya jutalomfalat mono large 270g 7db", "product_name": "Pedigree DentaStix kutya jutalomfalat mono large 270g 7dbPedigree DentaStix kutya jutalomfalat mono large 270g 7db", "brand": "PedigreeFelnőtthús és állati származékokfogápolásfogápolásnagytestű 26kg-tólDentaStix", "regular_price": "1299", "selling_price": "", "price_per_unit": "1 db=186 Ft", "product_url": "https://webshop.fressnapf.hu/termekek/pedigree-dentastix-jutalomfalat-25-kg-os-kutyak-szamara-270-g/", "product_description": "A DentaStix® napi használat esetén tudományosan bizonyítottan akár 80%-kal csökkenti a foglepedék kialakulását. A különleges állag és az aktív hatóanyagok teszik a Pedigree® DentaStix® kutya fogápoló rágót hatékonnyá. A Pedigree® DentaStix® fogápoló rágókat a Waltham™ kisállat-táplálkozási kutatóközpont táplálkozástani szakemberei és állatorvosai segítségével fejlesztették ki. Alacsony zsírtartalmú kutya jutalomfalatok hozzáadott cukor, mesterséges színezékanyag és aroma nélkül. Ízletes kutya rágók kicsi és maxicsomag kiszerelésben különböző méretekben kis, közepes és nagy termetű kutyák fogainak védelméért. Kiegészítő állateledel 25 kg feletti és 4 hónaposnál idősebb kölyökkutyák számára. A Pedigree® Napi DentaStix® különleges X-alakú fogápoló pálcika, amelyről tudományosan bizonyították, hogy napi használat esetén akár 80%-kal csökkenti a foglepedék kialakulását. A Pedigree® Napi DentaStix® termékeket úgy tervezték, hogy hosszan kelljen rágni a megfelelő hatékonyság érdekében, így csökkentve a foglepedék és fogkő kialakulását enyhén érdes állagának és aktív hatóanyagainak köszönhetően. Ízletes, alacsony zsírtartalmú, hozzáadott cukor és mesterséges színezékanyag és aroma nélkül. Pedigree® – hogy meghálálhassa a kutyája jóságát! A kutyák mindenhez a szájukat használják, így alapvető a fogak és a fogíny egészséges állapota ahhoz, hogy a legjobb formájukat adják. Mégis ötből négy, háromévesnél idősebb kutya ínybetegségben szenved, ami lelassíthatja a kutyát vagy szükségessé teheti az állatorvosi kezelést is. A Waltham™ kisállat-táplálkozási kutatóközpont táplálkozástani szakemberei és állatorvosai segítségével a Pedigree® ízletes kutyarágók széles választékát fejlesztette ki, mely csökkenti a foglepedék és fogkő kialakulását, ezáltal csökkentve az ínybetegségek kockázatát. Összetevők: Válogatott gabonafélék, Növényi eredetű származékok, Ásványi anyagok 2,7% nátrium-tripolifoszfátot tartalmaz, Hús és állati származékok, Olajok és zsírok Analitikai összetevők (%): Fehérje: 7, Zsírtartalom: 1,7, Szervetlen anyag: 6, Nyersrost: 1, Nedvességtartalom: 14, Energia: 305 kcal/100 g Adalékanyagok/kg: Tápértékkel rendelkező adalékanyagok: E-vitamin: 1365 mg, Cink-szulfát heptahidrát: 1055 mg, Íz és aromaanyagok: Marha íz: 13.2 mg, Csirke aroma: 22,9 mg Tovább olvasok"}
{"breadcrumb": "Főoldal/Kutya/Eledelek/Jutalomfalatok&rágcsák/Pedigree DentaStix kutya jutalomfalat MV 720g 28db", "product_name": "Pedigree DentaStix kutya jutalomfalat MV 720g 28dbPedigree DentaStix kutya jutalomfalat MV 720g 28db", "brand": "PedigreeFelnőtthús és állati származékokfogápolásfogápolásközepes testű 11-25kgDentaStix", "regular_price": "3799", "selling_price": "", "price_per_unit": "1 db=136 Ft", "product_url": "https://webshop.fressnapf.hu/termekek/pedigree-dentastix-jutalomfalat-28-db-720-g/", "product_description": "A DentaStix® napi használat esetén tudományosan bizonyítottan akár 80%-kal csökkenti a foglepedék kialakulását. A különleges állag és az aktív hatóanyagok teszik a Pedigree® DentaStix® kutya fogápoló rágót hatékonnyá. A Pedigree® DentaStix® fogápoló rágókat a Waltham™ kisállat-táplálkozási kutatóközpont táplálkozástani szakemberei és állatorvosai segítségével fejlesztették ki. Alacsony zsírtartalmú kutya jutalomfalatok hozzáadott cukor, mesterséges színezékanyag és aroma nélkül. Ízletes kutya rágók kicsi és maxicsomag kiszerelésben különböző méretekben kis, közepes és nagy termetű kutyák fogainak védelméért. A Pedigree® Napi DentaStix® különleges X-alakú fogápoló pálcika, amelyről tudományosan bizonyították, hogy napi használat esetén akár 80%-kal csökkenti a foglepedék kialakulását. A Pedigree® Napi DentaStix® termékeket úgy tervezték, hogy hosszan kelljen rágni a megfelelő hatékonyság érdekében, így csökkentve a foglepedék és fogkő kialakulását enyhén érdes állagának és aktív hatóanyagainak köszönhetően. Ízletes, alacsony zsírtartalmú, hozzáadott cukor és mesterséges színezékanyag és aroma nélkül. Pedigree® – hogy meghálálhassa a kutyája jóságát! A kutyák mindenhez a szájukat használják, így alapvető a fogak és a fogíny egészséges állapota ahhoz, hogy a legjobb formájukat adják. Mégis ötből négy, háromévesnél idősebb kutya ínybetegségben szenved, ami lelassíthatja a kutyát vagy szükségessé teheti az állatorvosi kezelést is. A Waltham™ kisállat-táplálkozási kutatóközpont táplálkozástani szakemberei és állatorvosai segítségével a Pedigree® ízletes kutyarágók széles választékát fejlesztette ki, mely csökkenti a foglepedék és fogkő kialakulását, ezáltal csökkentve az ínybetegségek kockázatát. Összetevők: Gabonafélék, Növényi eredetű származékok, ásványi anyagok származékai (2,6% nátrium-tripoliátfoszfát), Állati származékok, Olajok és zsírok, Tartósítószerek. Analitikai összetevők (%): Fehérje: 8,5 Zsírtartalom: 1,8 Szervetlen anyag: 5,3 Nyersrost: 2,3 Nedvesség: 14 Energia: 300 kcal/100g Adalékok kg-onként: Táplálkozási adalékok: Cink-szulfát-monohidrát: 1100 mg Tovább olvasok"}
{"breadcrumb": "Főoldal/Kutya/Eledelek/Jutalomfalatok&rágcsák/Pedigree DentaStix kutya jutalomfalat small 45g 3db", "product_name": "Pedigree DentaStix kutya jutalomfalat small 45g 3dbPedigree DentaStix kutya jutalomfalat small 45g 3db", "brand": "PedigreeFelnőtthús és állati származékokfogápolásfogápoláskistestű 10kg-igDentaStix", "regular_price": "399", "selling_price": "", "price_per_unit": "1 db=133 Ft", "product_url": "https://webshop.fressnapf.hu/termekek/pedigree-dentastix-jutalomfalat-5-10-kg-os-kutyaknak-3-db-45-g/", "product_description": "A DentaStix® napi használat esetén tudományosan bizonyítottan akár 80%-kal csökkenti a foglepedék kialakulását. A különleges állag és az aktív hatóanyagok teszik a Pedigree® DentaStix® kutya fogápoló rágót hatékonnyá. A Pedigree® DentaStix® fogápoló rágókat a Waltham™ kisállat-táplálkozási kutatóközpont táplálkozástani szakemberei és állatorvosai segítségével fejlesztették ki. Alacsony zsírtartalmú kutya jutalomfalatok hozzáadott cukor, mesterséges színezékanyag és aroma nélkül. Ízletes kutya rágók kicsi és maxicsomag kiszerelésben különböző méretekben kis, közepes és nagy termetű kutyák fogainak védelméért. A Pedigree® Napi DentaStix® különleges X-alakú fogápoló pálcika, amelyről tudományosan bizonyították, hogy napi használat esetén akár 80%-kal csökkenti a foglepedék kialakulását. A Pedigree® Napi DentaStix® termékeket úgy tervezték, hogy hosszan kelljen rágni a megfelelő hatékonyság érdekében, így csökkentve a foglepedék és fogkő kialakulását enyhén érdes állagának és aktív hatóanyagainak köszönhetően. Ízletes, alacsony zsírtartalmú, hozzáadott cukor és mesterséges színezékanyag és aroma nélkül. Pedigree® – hogy meghálálhassa a kutyája jóságát! A kutyák mindenhez a szájukat használják, így alapvető a fogak és a fogíny egészséges állapota ahhoz, hogy a legjobb formájukat adják. Mégis ötből négy, háromévesnél idősebb kutya ínybetegségben szenved, ami lelassíthatja a kutyát vagy szükségessé teheti az állatorvosi kezelést is. A Waltham™ kisállat-táplálkozási kutatóközpont táplálkozástani szakemberei és állatorvosai segítségével a Pedigree® ízletes kutyarágók széles választékát fejlesztette ki, mely csökkenti a foglepedék és fogkő kialakulását, ezáltal csökkentve az ínybetegségek kockázatát. Összetevők: gabonafélék, növényi termékek, hús és állati termékek, ásványi anyagok (ebből 2,4% nátrium-tripolifoszfát), növényi fehérje koncentrátumok, zsírok és olajok. Analitikai összetevők (%): Fehérje: 8,5 / Zsírtartalom: 1,8 / Szervetlen anyag: 5,3 / Nyersrost: 2,3 / Nedvesség: 13,5. Tovább olvasok"}
{"breadcrumb": "Főoldal/Kutya/Eledelek/Jutalomfalatok&rágcsák/Pedigree DentaStix kutya jutalomfalat small MP 440g 28db", "product_name": "Pedigree DentaStix kutya jutalomfalat small MP 440g 28dbPedigree DentaStix kutya jutalomfalat small MP 440g 28db", "brand": "PedigreeFelnőtthús és állati származékokfogápolásfogápoláskistestű 10kg-igDentaStix", "regular_price": "2799", "selling_price": "", "price_per_unit": "1 db=100 Ft", "product_url": "https://webshop.fressnapf.hu/termekek/pedigree-dentastix-jutalomfalat-5-10-kg-os-kutyaknak-28-db-440-g/", "product_description": "A DentaStix® napi használat esetén tudományosan bizonyítottan akár 80%-kal csökkenti a foglepedék kialakulását. A különleges állag és az aktív hatóanyagok teszik a Pedigree® DentaStix® kutya fogápoló rágót hatékonnyá. A Pedigree® DentaStix® fogápoló rágókat a Waltham™ kisállat-táplálkozási kutatóközpont táplálkozástani szakemberei és állatorvosai segítségével fejlesztették ki. Alacsony zsírtartalmú kutya jutalomfalatok hozzáadott cukor, mesterséges színezékanyag és aroma nélkül. Ízletes kutya rágók kicsi és maxicsomag kiszerelésben különböző méretekben kis, közepes és nagy termetű kutyák fogainak védelméért. A Pedigree® Napi DentaStix® különleges X-alakú fogápoló pálcika, amelyről tudományosan bizonyították, hogy napi használat esetén akár 80%-kal csökkenti a foglepedék kialakulását. A Pedigree® Napi DentaStix® termékeket úgy tervezték, hogy hosszan kelljen rágni a megfelelő hatékonyság érdekében, így csökkentve a foglepedék és fogkő kialakulását enyhén érdes állagának és aktív hatóanyagainak köszönhetően. Ízletes, alacsony zsírtartalmú, hozzáadott cukor és mesterséges színezékanyag és aroma nélkül. Pedigree® – hogy meghálálhassa a kutyája jóságát! A kutyák mindenhez a szájukat használják, így alapvető a fogak és a fogíny egészséges állapota ahhoz, hogy a legjobb formájukat adják. Mégis ötből négy, háromévesnél idősebb kutya ínybetegségben szenved, ami lelassíthatja a kutyát vagy szükségessé teheti az állatorvosi kezelést is. A Waltham™ kisállat-táplálkozási kutatóközpont táplálkozástani szakemberei és állatorvosai segítségével a Pedigree® ízletes kutyarágók széles választékát fejlesztette ki, mely csökkenti a foglepedék és fogkő kialakulását, ezáltal csökkentve az ínybetegségek kockázatát. Összetevők: gabonafélék, növényi termékek, hús és állati termékek, ásványi anyagok (ebből 2,4% nátrium-tripolifoszfát), növényi fehérje koncentrátumok, zsírok és olajok. Analitikai összetevők (%): fehérje: 7; Zsírtartalom: 1,7; szervetlen anyag: 6; Nyersrost: 1; Páratartalom: 14; Energiaérték: 305 kcal / 100g. Tovább olvasok"}
{"breadcrumb": "Főoldal/Kutya/Eledelek/Jutalomfalatok&rágcsák/Pedigree DentaStix kutya jutalomfalat small MV 110g 7db", "product_name": "Pedigree DentaStix kutya jutalomfalat small MV 110g 7dbPedigree DentaStix kutya jutalomfalat small MV 110g 7db", "brand": "PedigreeFelnőtthús és állati származékokfogápolásfogápoláskistestű 10kg-igDentaStix", "regular_price": "899", "selling_price": "", "price_per_unit": "1 db=128 Ft", "product_url": "https://webshop.fressnapf.hu/termekek/pedigree-dentastix-jutalomfalat-5-10-kg-os-kutyak-szamara-110-g/", "product_description": "A DentaStix® napi használat esetén tudományosan bizonyítottan akár 80%-kal csökkenti a foglepedék kialakulását. A különleges állag és az aktív hatóanyagok teszik a Pedigree® DentaStix® kutya fogápoló rágót hatékonnyá. A Pedigree® DentaStix® fogápoló rágókat a Waltham™ kisállat-táplálkozási kutatóközpont táplálkozástani szakemberei és állatorvosai segítségével fejlesztették ki. Alacsony zsírtartalmú kutya jutalomfalatok hozzáadott cukor, mesterséges színezékanyag és aroma nélkül. Ízletes kutya rágók kicsi és maxicsomag kiszerelésben különböző méretekben kis, közepes és nagy termetű kutyák fogainak védelméért. A Pedigree® Napi DentaStix® különleges X-alakú fogápoló pálcika, amelyről tudományosan bizonyították, hogy napi használat esetén akár 80%-kal csökkenti a foglepedék kialakulását. A Pedigree® Napi DentaStix® termékeket úgy tervezték, hogy hosszan kelljen rágni a megfelelő hatékonyság érdekében, így csökkentve a foglepedék és fogkő kialakulását enyhén érdes állagának és aktív hatóanyagainak köszönhetően. Ízletes, alacsony zsírtartalmú, hozzáadott cukor és mesterséges színezékanyag és aroma nélkül. Pedigree® – hogy meghálálhassa a kutyája jóságát! A kutyák mindenhez a szájukat használják, így alapvető a fogak és a fogíny egészséges állapota ahhoz, hogy a legjobb formájukat adják. Mégis ötből négy, háromévesnél idősebb kutya ínybetegségben szenved, ami lelassíthatja a kutyát vagy szükségessé teheti az állatorvosi kezelést is. A Waltham™ kisállat-táplálkozási kutatóközpont táplálkozástani szakemberei és állatorvosai segítségével a Pedigree® ízletes kutyarágók széles választékát fejlesztette ki, mely csökkenti a foglepedék és fogkő kialakulását, ezáltal csökkentve az ínybetegségek kockázatát. Összetevők: gabonafélék, növényi termékek, hús és állati termékek, ásványi anyagok (ebből 2,4% nátrium-tripolifoszfát), növényi fehérje koncentrátumok, zsírok és olajok. Analitikai összetevők (%): fehérje: 7; Zsírtartalom: 1,7; szervetlen anyag: 6; Nyersrost: 1; Páratartalom: 14; Energiaérték: 305 kcal / 100g. Tovább olvasok"}
{"breadcrumb": "Főoldal/Kutya/Eledelek/Jutalomfalatok&rágcsák/Pedigree DentaStix large kutya jutalomfalat 2160g 56db", "product_name": "Pedigree DentaStix large kutya jutalomfalat 2160g 56dbPedigree DentaStix large kutya jutalomfalat 2160g 56db", "brand": "PedigreeDentaStixFelnőttfogápolás", "regular_price": "6999", "selling_price": "", "price_per_unit": "1 DB=125 Ft", "product_url": "https://webshop.fressnapf.hu/termekek/pedigree-dentastix-large-kutya-jutalomfalat-2160g-56db/", "product_description": "A Pedigree Dentastix különleges X-alakú fogápoló pálcika, amelyről tudományosan bizonyították, hogy napi használat esetén akár 80%-kal csökkenti a foglepedék kialakulását. A Pedigree Dentastix úgy lett tervezve, hogy hosszan kelljen rágni a megfelelő hatékonyság érdekében, így csökkentve a foglepedék és fogkő kialakulását enyhén érdes állagának és aktív hatóanyagainak köszönhetően. Ízletes, alacsony zsírtartalmú, hozzáadott cukor és mesterséges színezékanyag és aroma nélkül. Pedigree – hogy meghálálhassa a kutyája jóságát! A kutyák mindenhez a szájukat használják, így alapvető a fogak és a fogíny egészséges állapota ahhoz, hogy a legjobb formájukat adják. Mégis ötből négy, háromévesnél idősebb kutya ínybetegségben szenved, ami lelassíthatja a kutyát vagy szükségessé teheti az állatorvosi kezelést is. A Waltham kisállat-táplálkozási kutatóközpont táplálkozástani szakemberei és állatorvosai segítségével a Pedigree ízletes kutyarágók széles választékát fejlesztette ki, mely csökkenti a foglepedék és fogkő kialakulását, ezáltal csökkentve az ínybetegségek kockázatát. Etetési javaslat: Nagytestű kutyáknak (pl. Labrador) 1 darab naponta. Kiegészítő állateledel 25kg-nál nagyobb testtömegű kutyák számára. 4 hónapnál fiatalabb kölyökkutyáknak nem adható. Felbontás után 14 napon belül felhasználandó. Ne feledkezzen meg friss ivóvizet biztosítani kedvence számára. Száraz, hűvös helyen tárolandó. Összetétel: válogatott gabonafélék, növényi eredetű származékok, ásványi anyagok (ebből nátrium-tripolifoszfát 2.3%), hús és állati származékok, olajok és zsírok. Analitikai összetevők (%): fehérje: 9.6; zsírtartalom: 1.8; szervetlen anyag: 5.7; nyers rost: 0.40; energia: 320 kcal/100 g Adalékanyagok/kg: Tápértékkel rendelkező adalékanyagok: E-vitamin: 1365 mg, Cink (Cink-szulfát, heptahidrát): 190 mg / íz és aromaanyagok: Marha íz: 13.2 mg, csirke aroma: 22.9 mg Tovább olvasok"}
{"breadcrumb": "Főoldal/Kutya/Eledelek/Jutalomfalatok&rágcsák/Pedigree DentaStix medium kutya jutalomfalat 1440g 56db", "product_name": "Pedigree DentaStix medium kutya jutalomfalat 1440g 56dbPedigree DentaStix medium kutya jutalomfalat 1440g 56db", "brand": "PedigreeDentaStixFelnőttfogápolás", "regular_price": "5899", "selling_price": "", "price_per_unit": "1 DB=105 Ft", "product_url": "https://webshop.fressnapf.hu/termekek/pedigree-dentastix-medium-kutya-jutalomfalat-1440g-56db/", "product_description": "A Pedigree Dentastix különleges X-alakú fogápoló pálcika, amelyről tudományosan bizonyították, hogy napi használat esetén akár 80%-kal csökkenti a foglepedék kialakulását. A Pedigree Dentastix úgy lett tervezve, hogy hosszan kelljen rágni a megfelelő hatékonyság érdekében, így csökkentve a foglepedék és fogkő kialakulását enyhén érdes állagának és aktív hatóanyagainak köszönhetően. Ízletes, alacsony zsírtartalmú, hozzáadott cukor és mesterséges színezékanyag és aroma nélkül. Pedigree – hogy meghálálhassa a kutyája jóságát! A kutyák mindenhez a szájukat használják, így alapvető a fogak és a fogíny egészséges állapota ahhoz, hogy a legjobb formájukat adják. Mégis ötből négy, háromévesnél idősebb kutya ínybetegségben szenved, ami lelassíthatja a kutyát vagy szükségessé teheti az állatorvosi kezelést is. A Waltham kisállat-táplálkozási kutatóközpont táplálkozástani szakemberei és állatorvosai segítségével a Pedigree ízletes kutyarágók széles választékát fejlesztette ki, mely csökkenti a foglepedék és fogkő kialakulását, ezáltal csökkentve az ínybetegségek kockázatát. Etetési javaslat: Közepes testű kutyáknak (pl. Spániel) 1 darab naponta. Kiegészítő állateledel 10-25 kg testtömegű kutyák számára. 4 hónapnál fiatalabb kölyökkutyáknak nem adható. Felbontás után 14 napon belül felhasználandó. Ne feledkezzen meg friss ivóvizet biztosítani kedvence számára. Száraz, hűvös helyen tárolandó. Összetétel: válogatott gabonafélék, növényi eredetű származékok, ásványi anyagok (ebből nátrium-tripolifoszfát 2.3%), hús és állati származékok, olajok és zsírok. Analitikai összetevők (%): fehérje: 9.6; zsírtartalom: 1.8; szervetlen anyag: 5.7; nyers rost: 0.40; energia: 320 kcal/100 g Adalékanyagok/kg: Tápértékkel rendelkező adalékanyagok: E-vitamin: 1365 mg, Cink (Cink-szulfát, heptahidrát): 190 mg / íz és aromaanyagok: Marha íz: 13.2 mg, csirke aroma: 22.9 mg Tovább olvasok"}
{"breadcrumb": "Főoldal/Kutya/Eledelek/Jutalomfalatok&rágcsák/Pedigree Jumbone kutya jutalomfalat medium marha 2db", "product_name": "Pedigree Jumbone kutya jutalomfalat medium marha 2dbPedigree Jumbone kutya jutalomfalat medium marha 2db", "brand": "PedigreeFelnőttmarha&borjú", "regular_price": "899", "selling_price": "", "price_per_unit": "1 db=450 Ft", "product_url": "https://webshop.fressnapf.hu/termekek/pedigree-jumbone-kutya-jutalomfalat-medium-marha-2db/", "product_description": "Rágósnack közepes termetű kutyáknak. Ropogós burkolat húsos töltetékkel. Omega-3 zsírsavakkal és E-vitaminnal. A csont biztonságos alternatívája. 5% alatti zsírtartalommal. Mesterséges aromák nélkül. Összetevők: Gabona, növényi melléktermékek, cukor, ásványi anyagok, hús és állati melléktermékek (többek között 1,3% szárított marhamájpor, ami 2,2% marhának felel meg), szárnyasmájpor (1,1%, ami 2,5% szárnyasnak felel meg), magvak, olajok és zsírok, növényi fehérjekivonatok, gyógynövények. Adalékanyagok: Tápértékkel rendelkező adalékanyagok: A-vitamin (3.570 NE/kg), E-vitamin (35,7 mg/kg), vas (vas-(II)-szulfát-monohidrát) (10,7 mg/kg). Analitikai összetevők: fehérje 6.7 %, nyerszsír 2.0 %, nyersrost 1.5 %, hamu 4.4 %, kalcium 0.5 %, nedvesség 16.0 % Tovább olvasok"}
{"breadcrumb": "Főoldal/Kutya/Eledelek/Jutalomfalatok&rágcsák/Pedigree Jumbone kutya jutalomfalat mini marha 4db", "product_name": "Pedigree Jumbone kutya jutalomfalat mini marha 4dbPedigree Jumbone kutya jutalomfalat mini marha 4db", "brand": "PedigreeFelnőttmarha&borjú", "regular_price": "899", "selling_price": "", "price_per_unit": "1 db=225 Ft", "product_url": "https://webshop.fressnapf.hu/termekek/pedigree-jumbone-kutya-jutalomfalat-mini-marha-4db/", "product_description": "A Pedigree Mini óriáscsont egészséges rágósnack kis termetű kutyáknak: húsos töltelék ropogós burkolatban, a csont biztonságos alternatívája, 5% alatti zsírtartalommal. Marhás ízben. Mesterséges aromák nélkül. Összetevők: Gabona, növényi melléktermékek, cukor, ásványi anyagok, hús és állati melléktermékek (többek között 1,3% szárított marhamájpor, ami 2,2% marhának felel meg), szárnyasmájpor (1,1%, ami 2,5% szárnyasnak felel meg), magvak, olajok és zsírok, növényi fehérjekivonatok, gyógynövények. Adalékanyagok: Tápértékkel rendelkező adalékanyagok: A-vitamin (3.570 NE/kg), E-vitamin (35,7 mg/kg), vas (vas-(II)-szulfát-monohidrát) (10,7 mg/kg). Analitikai összetevők: fehérje 6.7 %, nyerszsír 2.0 %, nyersrost 1.5 %, hamu 4.4 %, kalcium 0.5 %, nedvesség 16.0 % Tovább olvasok"}
{"breadcrumb": "Főoldal/Kutya/Eledelek/Nedves eledelek/Pedigree kutya konzerv adult csirke&répa 12x1200g", "product_name": "Pedigree kutya konzerv adult csirke&répa 12x1200gPedigree kutya konzerv adult csirke&répa 12x1200g", "brand": "Pedigree1,1kg – 4kgFelnőttszárnyaszseléskonzerv", "regular_price": "8 994", "selling_price": "8 394", "price_per_unit": "2 099 Ft", "product_url": "https://webshop.fressnapf.hu/termekek/pedigree-kutya-konzerv-adult-csirkerepa-12x1200g/", "product_description": "Pedigree teljes értékű nedves eledel felnőtt kutyák részére csirkével és sárgarépával. Természetes összetevőkkel Aszpikban Állatorvosokkal fejlesztve Élelmi rostokkal természetes forrásokból Nem tartalmaz hozzáadott mesterséges tartósítószereket Nem tartalmaz hozzáadott mesterséges ízesítő anyagokat Összetevők Hús és állati származékok (36%, természetes* 92%, ebből csirke 4%) Válogatott gabonafélék Zöldségek (ebből sárgarépa 4%) Ásványi anyagok Növényi eredetű származékok (ebből szárított répapép 0,5%) Növényi fehérje kivonatok *Természetes összetevők Tápanyagok Analitikai összetevők (%): Fehérje: 7,0 Zsírtartalom: 3,8 Szervetlen anyag: 2,0 Nyers rost: 0,50 Nedvességtartalom: 81,5 Adalékanyagok/kg: Tápértékkel rendelkező adalékanyagok: D₃-vitamin: 300 NE Réz (Réz(II)-szulfát-pentahidrát): 1,5 mg Jód (Kalcium-jód, kötött vizet nem tartalmazó): 0,23 mg Vas (Vas(II)-szulfát, monohidrát): 3,0 mg Mangán (Mangán-szulfát, monohidrát): 1,8 mg Cink (Cink-szulfát, monohidrát): 19,4 mg Technológiai adalékanyagok: Kasszia gumi: 1970 mg Tovább olvasok"}
{"breadcrumb": "Főoldal/Kutya/Eledelek/Nedves eledelek/Pedigree kutya konzerv adult marha 24x400g", "product_name": "Pedigree kutya konzerv adult marha 24x400gPedigree kutya konzerv adult marha 24x400g", "brand": "PedigreekonzervFelnőttmarha&borjú201g – 400gközepes testű 11-25kgRendelési mennyiség *24", "regular_price": "8 994", "selling_price": "8 394", "price_per_unit": "949 Ft", "product_url": "https://webshop.fressnapf.hu/termekek/pedigree-kutya-konzerv-adult-marha-24x400g/", "product_description": "Teljes értékű nedves eledel felnőtt kutyák részére, marhával, aszpikban. – nem tartalmaz hozzáadott mesterséges tartósítószereket – nem tartalmaz hozzáadott mesterséges ízesítő anyagokat Összetétel: hús és állati származékok (36%, amelyből 92% természetes*, ebből 4% marha), válogatott gabonafélék, ásványi anyagok, növényi fehérje kivonatok, növényi eredetű származékok (0,5% szárított répapépet tartalmaz). *természetes összetevők Analitikai összetevők (%): fehérje: 7,0, zsírtartalom: 3,8, szervetlen anyag: 2,0, nyers rost: 0,50, nedvességtartalom: 81,5 Tápértékkel rendelkező adalékanyagok: D3-vitamin: 300 NE, réz (réz(II)-szulfát-pentahidrát): 1,5 mg, jód (kalcium-jód, kötött vizet nem tartalmazó): 0,23 mg, vas (vas(II)-szulfát, monohidrát): 3,0 mg, mangán (mangán-szulfát, monohidrát): 1,8 mg, cink (cink-szulfát, monohidrát): 19,4 mg. Technológiai adalékanyagok: kasszia gumi: 2100 mg. Tovább olvasok"}
{"breadcrumb": "Főoldal/Kutya/Eledelek/Nedves eledelek/Pedigree kutya konzerv junior csirke 24x400g", "product_name": "Pedigree kutya konzerv junior csirke 24x400gPedigree kutya konzerv junior csirke 24x400g", "brand": "PedigreekonzervKölyökszárnyas201g – 400gközepes testű 11-25kg", "regular_price": "8 994", "selling_price": "8 394", "price_per_unit": "949 Ft", "product_url": "https://webshop.fressnapf.hu/termekek/pedigree-kutya-konzerv-junior-csirke-24x400g/", "product_description": "A teljes értékű és kiegyensúlyozott Pedigree Puppy konzerv nem csak tápláló nedves kölyökkutya-táp, hanem olyan élvezetes mindennapos táplálék is, amely iránt minden kutya magával ragadóan lelkesedik. A Waltham kisállat-táplálkozási kutatóközpont táplálkozástani szakemberei és állatorvosai segítségével kifejlesztett Pedigree kölyökkutya-táp rendelkezik minden alapvető tápanyaggal, amely támogatja a kölyökkutya növekedését, az optimális emésztést, az egészséges bőrt és szőrzetet, a természetes ellenállóképességet és az egészséges csontozatot. A Pedigree konzerv kölyökkutya-tápja nem tartalmaz mesterséges színezéket, ízanyagot és tartósítószert. Teljes értékű és ízletes nedves kutyatáp kölyökkutyáknak. Önmagában vagy száraz kölyökkutya-eledellel együtt fogyasztva egészségessé és élvezetessé teszi az étkezést. 3. Válogatott összetevői biztosítják a kölyökkutyáknak az életük első hónapjaiban szükséges teljes tápellátást. Ez az állateledel nem tartalmaz mesterséges színezéket, ízanyagot és tartósítószert. Összetétel: hús és állati származékok (41%, 92% természetes*; ebből csirke 4% és máj 4%), válogatott gabonafélék, hal és halszármazékok*, ásványi anyagok, növényi fehérje kivonatok, növényi eredetű származékok. *Természetes összetevők. Analitikai összetevők(%): fehérje: 8.0; zsírtartalom: 6.0; szervetlen anyag: 2.0; nyers rost: 0.32; nedvességtartalom: 81.3; kalcium: 0.32; foszfor: 0.25. Tápértékkel rendelkező adalékanyagok: D₃-vitamin: 150 NE, E-vitamin: 75.0 mg, Réz (Réz(II)-szulfát-pentahidrát): 1.7 mg, Jód (Kalcium-jód, kötött vizet nem tartalmazó): 0.35 mg, Vas (Vas(II)-szulfát, monohidrát): 4.5 mg, Mangán (Mangán-szulfát, monohidrát): 2.7 mg, Cink (Cink-szulfát, monohidrát): 22.7 mg / Technológiai adalékanyagok: kasszia gumi: 1175 mg. Tovább olvasok"}
{"breadcrumb": "Főoldal/Kutya/Eledelek/Nedves eledelek/Pedigree kutya konzerv marha 12x1200g", "product_name": "Pedigree kutya konzerv marha 12x1200gPedigree kutya konzerv marha 12x1200g", "brand": "PedigreekonzervFelnőttmarha&borjú1,1kg – 4kgközepes testű 11-25kg", "regular_price": "8 994", "selling_price": "8 394", "price_per_unit": "2 099 Ft", "product_url": "https://webshop.fressnapf.hu/termekek/pedigree-kutya-konzerv-marha-1200g/", "product_description": "A teljes értékű és kiegyensúlyozott Pedigree konzerv nem csak tápláló nedves kutyatáp, hanem olyan élvezetes mindennapos táplálék is, amely iránt minden kutya magával ragadóan lelkesedik. A Waltham kisállat-táplálkozási kutatóközpont táplálkozástani szakemberei és állatorvosai segítségével kifejlesztett Pedigree kutyatáp rendelkezik minden alapvető tápanyaggal, amely támogatja az optimális emésztést, az egészséges bőrt és szőrzetet, a természetes ellenállóképességet és az egészséges csontozatot. A Pedigree konzerv kutyatápja nem tartalmaz mesterséges színezéket, ízanyagot és tartósítószert. 100%-ban teljes értékű és ízletes nedves eledel felnőtt kutyák számára. Önmagában vagy szárazeledelek ízletes kiegészítőjeként tálalva. Táplálék kutyák számára, mely segít az egészséges csontozat, a jó emésztés, az egészséges bőr és szőrzet, valamint a szervezet természetes védekezőképességének támogatásában. Nem tartalmaz mesterséges színezéket, aromát és tartósítószert. Összetétel: hús és állati származékok (36%, 92% természetes*; ebből marha 4% és máj 4%), válogatott gabonafélék, ásványi anyagok, növényi eredetű származékok (ebből szárított répapép 0.5%), növényi fehérje kivonatok. *Természetes összetevők. Analitikai összetevők(%): fehérje: 7.2; zsírtartalom: 3.8; szervetlen anyag: 2.0; nyers rost: 0.30; nedvességtartalom: 82. Tápértékkel rendelkező adalékanyagok: D₃-vitamin: 300 NE, E-vitamin: 20.0 mg, Réz (Réz(II)-szulfát-pentahidrát): 1.5 mg, Jód (Kalcium-jód, kötött vizet nem tartalmazó): 0.23 mg, Vas (Vas(II)-szulfát, monohidrát): 3.0 mg, Mangán (Mangán-szulfát, monohidrát): 1.8 mg, Cink (Cink-szulfát, monohidrát): 19.4 mg / Technológiai adalékanyagok: kasszia gumi: 2021 mg. Tovább olvasok"}
{"breadcrumb": "Főoldal/Kutya/Eledelek/Nedves eledelek/Pedigree kutya tasak adult bárány 24x100g", "product_name": "Pedigree kutya tasak adult bárány 24x100gPedigree kutya tasak adult bárány 24x100g", "brand": "PedigreetasakFelnőttjuh&bárány&kecske0g – 100gkistestű 10kg-ig", "regular_price": "8 994", "selling_price": "8 394", "price_per_unit": "329 Ft", "product_url": "https://webshop.fressnapf.hu/termekek/pedigree-kutya-tasak-adult-barany-100g/", "product_description": "Teljes értékű állateledel felnőtt kutyák számára, bárányhússal, aszpikban. – hozzáadott cukor nélkül – mesterséges színezékek, ízfokozók és tartósítószer nélkül – a könnyen nyitható tasak tökéletesen frissen tartja az egészséges ételt, amely önmagában vagy száraz kutyatáppal együtt is fogyasztható – támogatja az egészséges csontozatot, a jó emésztést, az egészséges bőrt és szőrzetet és a természetes ellenállóképességet Összetétel: hús és állati származékok (39%, ebből 4% bárányhús), ásványi anyagok, növényi eredetű származékok (ebből 0,5% szárított céklapép), olajok és zsírok (ebből 0,5% napraforgóolaj), növényi fehérjekivonatok. Analitikai összetevők (%): fehérje: 7, zsírtartalom: 6, szervetlen anyag: 2, nyersrost: 0,3, nedvességtartalom: 82,5, kalcium: 0,35 Tápértékkel rendelkező adalékanyagok/kg: D₃-vitamin: 150 NE, E-vitamin: 50 mg, kalcium-jodát (vízmentes): 0,39 mg, réz-szulfát pentahidrát: 5,7 mg, vas-szulfát monohidrát: 10 mg, mangán-szulfát monohidrát: 5,6 mg, cink-szulfát monohidrát: 107 mg; technológiai adalékanyagok/kg: kasszia gumi: 2100 mg. Felbontástól számítva 2 napig hűtve eltartható. Tovább olvasok"}
{"breadcrumb": "Főoldal/Kutya/Eledelek/Nedves eledelek/Pedigree kutya tasak adult marha 24x100g", "product_name": "Pedigree kutya tasak adult marha 24x100gPedigree kutya tasak adult marha 24x100g", "brand": "Pedigree0g – 100gFelnőttmarha&borjútasakkistestű 10kg-ig", "regular_price": "8 994", "selling_price": "8 394", "price_per_unit": "329 Ft", "product_url": "https://webshop.fressnapf.hu/termekek/pedigree-kutya-tasak-adult-marha-100g/", "product_description": "Teljes értékű állateledel felnőtt kutyák számára, marhával, aszpikban. – hozzáadott cukor nélkül – mesterséges színezékek, ízfokozók és tartósítószer nélkül – a könnyen nyitható tasak tökéletesen frissen tartja az egészséges ételt, amely önmagában vagy száraz kutyatáppal együtt is fogyasztható – támogatja az egészséges csontozatot, a jó emésztést, az egészséges bőrt és szőrzetet és a természetes ellenállóképességet Összetétel: hús és állati származékok (39%, ebből 4% marha), ásványi anyagok, növényi eredetű származékok (ebből 0,5% szárított répapép), olajok és zsírok (ebből 0,5% napraforgóolaj), növényi fehérjekivonatok. Analitikai összetevők (%): fehérje: 7, zsírtartalom: 6, szervetlen anyag: 2, nyersrost: 0,3, nedvességtartalom: 82,5, kalcium: 0,35. Tápértékkel rendelkező adalékanyagok/kg: D₃-vitamin: 150 NE, E-vitamin: 50 mg, kalcium-jodát (vízmentes): 0,39 mg, réz-szulfát pentahidrát: 5,7 mg, vas-szulfát monohidrát: 10 mg, mangán-szulfát monohidrát: 5,6 mg, cink-szulfát monohidrát: 107 mg; technológiai adalékanyagok/kg: kasszia gumi: 2100 mg. Felbontástól számítva 2 napig hűtve eltartható. Tovább olvasok"}
{"breadcrumb": "Főoldal/Kutya/Eledelek/Nedves eledelek/Pedigree kutya tasak adult marha&bárány 24x100g", "product_name": "Pedigree kutya tasak adult marha&bárány 24x100gPedigree kutya tasak adult marha&bárány 24x100g", "brand": "PedigreetasakFelnőttmarha&borjú0g – 100gkistestű 10kg-igRendelési mennyiség *24", "regular_price": "8 994", "selling_price": "8 394", "price_per_unit": "329 Ft", "product_url": "https://webshop.fressnapf.hu/termekek/pedigree-kutya-tasak-adult-marhabarany-24x100g/", "product_description": "Teljes értékű állateledel felnőtt kutyák számára, marhával és báránnyal, mártásban. – hozzáadott cukor nélkül – mesterséges színezékek, ízfokozók és tartósítószer nélkül – a könnyen nyitható tasak tökéletesen frissen tartja az egészséges ételt, amely önmagában vagy száraz kutyatáppal együtt is fogyasztható – támogatja az egészséges csontozatot, a jó emésztést, az egészséges bőrt és szőrzetet és a természetes ellenállóképességet Összetétel: hús és állati származékok (39%, ebből 4% marha, 4% bárány), válogatott gabonafélék, ásványi anyagok, növényi eredetű származékok (ebből 0,5% szárított répapép), olajok és zsírok (ebből 0,5% napraforgóolaj), növényi fehérjekivonatok. Analitikai összetevők (%): fehérje: 7, zsírtartalom: 6, szervetlen anyag: 2, nyersrost: 0,3, nedvességtartalom: 82,5, kalcium: 0,35. Tápértékkel rendelkező adalékanyagok/kg: D₃-vitamin: 150 NE, E-vitamin: 50 mg, kalcium-jodát (vízmentes): 0,39 mg, réz-szulfát pentahidrát: 5,7 mg, vas-szulfát monohidrát: 10 mg, mangán-szulfát monohidrát: 5,6 mg, cink-szulfát monohidrát: 107 mg. Felbontástól számítva 2 napig hűtve eltartható. Tovább olvasok"}
{"breadcrumb": "Főoldal/Kutya/Eledelek/Nedves eledelek/Pedigree kutya tasak MP adult csirke&marha 4x100g", "product_name": "Pedigree kutya tasak MP adult csirke&marha 4x100gPedigree kutya tasak MP adult csirke&marha 4x100g", "brand": "PedigreeFelnőttszárnyasmultipacktasakkistestű 10kg-ig", "regular_price": "5 094", "selling_price": "4 794", "price_per_unit": "1 kg=2748 Ft", "product_url": "https://webshop.fressnapf.hu/termekek/pedigree-kutya-tasak-mp-adult-csirkemarha-4x100g/", "product_description": "Teljes értékű nedves eledel felnőtt kutyák részére. 100%-ban teljes értékű eledel E-vitaminnal az immunrendszer erősítéséért Természetes rostokkal kutyája belső egészségéért Cinkkel & napraforgó olajjal az egészséges bőrért és szőrzetért Kalciummal az egészséges csontokért Hozzáadott cukor nélkül Mesterséges színezékek, ízfokozók és tartósítószer nélkül Könnyen nyitható csomagolás A könnyen nyitható tasak tökéletesen frissen tartja az egészséges ételt, amely önmagában vagy száraz kutyatáppal együtt is fogyasztható Ez az állateledel nem tartalmaz mesterséges színezéket, ízanyagot és tartósítószert Összetevők: Marhával: hús és állati származékok (39%, ebből 4% marha), ásványi anyagok, növényi eredetű származékok (0,5% ebből szárított céklapép), olajok és zsírok (0,5% ebből napraforgó olaj), növényi fehérje kivonatok Baromfival: hús és állati származékok (39%, ebből 4% baromfi), ásványi anyagok, növényi eredetű származékok (0,5% ebből szárított céklapép), olajok és zsírok (0,5% ebből napraforgó olaj), növényi fehérje kivonatok Analitikai összetevők (%): Fehérje: 7, Zsírtartalom: 6, Szervetlen anyag: 2,0, Nyers rost: 0,30, Nedvességtartalom: 82,5, Kalcium: 0,35 Adalékanyagok/kg: Tápértékkel rendelkező adalékanyagok: D3-vitamin: 150 NE, E-vitamin: 50,0 mg, Réz (Réz(II)-szulfát-pentahidrát): 5,7 mg, Kalcium-jodát (vízmentes):0,39 mg, Vas (Vas(II)-szulfát, monohidrát): 10 mg, Mangán (Mangán-szulfát, monohidrát): 5,6mg, Cink (Cink-szulfát, monohidrát): 107mg, Technológiai adalékanyagok: Kasszia gumi: 2100 mg Tovább olvasok"}
{"breadcrumb": "Főoldal/Kutya/Eledelek/Nedves eledelek/Pedigree kutya tasak MP adult marha&bárány 4x100g", "product_name": "Pedigree kutya tasak MP adult marha&bárány 4x100gPedigree kutya tasak MP adult marha&bárány 4x100g", "brand": "PedigreeFelnőttmarha&borjúmultipacktasakkistestű 10kg-ig", "regular_price": "5 094", "selling_price": "4 794", "price_per_unit": "1 kg=2748 Ft", "product_url": "https://webshop.fressnapf.hu/termekek/pedigree-kutya-tasak-mp-adult-marhabarany-4x100g/", "product_description": "Teljes értékű nedves eledel felnőtt kutyák részére. Gazdag falatok Hozzáadott mesterséges tartósítószerek nélkül Hozzáadott mesterséges aroma nélkül Erős természetes védekezőképesség: az E-vitaminnak és az ásványi anyagoknak köszönhetően Optimális emésztés: a természetes rostok segítenek megőrizni belső egészségét Könnyen nyitható tasak Kiváló minőségű fehérjékkel 100%-ban teljes értékű és kiegyensúlyozott Összetevők: Marha és bárány keverék: hús és állati származékok (35%, természetes* 93%; ebből marha 7%, bárány 7% és sertésmáj 9% keveréke a falatokban**), válogatott gabonafélék, zöldségek (ebből szárított sárgarépa 0,6%, ami egyenértékű sárgarépával 4%), növényi fehérje kivonatok, növényi eredetű származékok* (ebből szárított répapép 0,8%), olajok és zsírok, ásványi anyagok (0,6%) Pulyka: hús és állati származékok (35%, természetes* 93%; ebből pulyka 14% és sertésmáj 9% a falatokban**), válogatott gabonafélék, zöldségek (ebből szárított sárgarépa 0,6%, ami egyenértékű sárgarépával 4%), növényi fehérje kivonatok, növényi eredetű származékok* (ebből szárított répapép 0,8%), olajok és zsírok, ásványi anyagok (0,6%) *természetes összetevők **a termék rendszerint 45%-ban tartalmaz falatkát Analitikai összetevők (%): Fehérje: 7,5, Zsírtartalom:5,2, Szervetlen anyag: 1,8, Nyers rost: 0,40, Nedvességtartalom: 82,0, Adalékanyagok/kg: Tápértékkel rendelkező adalékanyagok: D3-vitamin: 200 NE, E-vitamin: 60,0 mg, Réz (Réz(II)-szulfát-pentahidrát): 1,7 mg, Jód (Kalcium-jód, kötött vizet nem tartalmazó): 0,28 mg, Vas (Vas(II)-szulfát, monohidrát): 3,6 mg, Mangán (Mangán-szulfát, monohidrát): 2,2 mg, Cink (Cink-szulfát, monohidrát): 22,7 mg, Technológiai adalékanyagok: Kasszia gumi: 2100 mg Tovább olvasok"}
{"breadcrumb": "Főoldal/Kutya/Eledelek/Nedves eledelek/Pedigree kutya tasak MP adult vegyes szószos 40x100g", "product_name": "Pedigree kutya tasak MP adult vegyes szószos 40x100gPedigree kutya tasak MP adult vegyes szószos 40x100g", "brand": "PedigreemultipackFelnőttvegyeskistestű 10kg-igtasak", "regular_price": "8 994", "selling_price": "8 394", "price_per_unit": "1 kg=2200 Ft", "product_url": "https://webshop.fressnapf.hu/termekek/pedigree-kutya-tasak-mp-adult-vegyes-40x100g/", "product_description": "Teljes értékű nedves eledel felnőtt kutyák részére 10 x Csirkével és zöldségekkel 10 x Marhával és zöldségekkel 10 x Pulykával és sárgarépával 10 x Marhával és báránnyal E-vitaminnal az immunrendszer erősítéséért Természetes rostokkal kutyája belső egészségéért Cinkkel & napraforgó olajjal az egészséges bőrért és szőrzetért Kalciummal az egészséges csontokért Hozzáadott cukor nélkül Mesterséges színezékek, ízfokozók és tartósítószer nélkül A Pedigree® Vital Protection™ úgy fejlesztettük ki, hogy biztosítsa azokat a tápanyagokat melyek a kutyák 4 kulcsfontosságú szükségletére hatnak, hogy kutyája egészséges és élettel teli legyen. Összetétel: Csirkével és zöldségekkel: hús és állati származékok (39%, ebből 4% csirke), válogatott gabonafélék, zöldségek (0,8% szárított sárgarépa és borsó keveréket tartalmaz, ami 4% sárgarépa és borsó keverékével egyenértékű), növényi fehérje kivonatok, ásványi anyagok, növényi eredetű származékok (0,5% szárított répapépet tartalmaz), olajok és zsírok (0,5% napraforgóolajat tartalmaz) Marhával és zöldségekkel: hús és állati származékok (39%, ebből 4% marha), válogatott gabonafélék, zöldségek (0,8% szárított sárgarépa és borsó keveréket tartalmaz, ami 4% sárgarépa és borsó keverékével egyenértékű), növényi fehérje kivonatok, ásványi anyagok, növényi eredetű származékok (0,5% szárított répapépet tartalmaz), olajok és zsírok (0,5% napraforgóolajat tartalmaz) Pulykával & sárgarépával: hús és állati származékok (39%, ebből 4% pulyka), válogatott gabonafélék, zöldségek (0,5% szárított sárgarépát tartalmaz, ami 4% sárgarépával egyenértékű), növényi fehérje kivonatok, ásványi anyagok, növényi eredetű származékok (0,5% szárított répapépet tartalmaz), olajok és zsírok (0,5% napraforgóolajat tartalmaz) Marhával és báránnyal: hús és állati származékok (39%, ebből 4% marha és 4% bárány), válogatott gabonafélék, növényi fehérje kivonatok, ásványi anyagok, növényi eredetű származékok (0,5% szárított répapépet tartalmaz), olajok és zsírok (0,5% napraforgóolajat tartalmaz) Analitikai összetevők: fehérje: 7,5%, zsírtartalom: 5,5%, szervetlen anyag: 2,0%, nyersrost: 0,30%, nedvességtartalom: 82,0%, kalcium: 0,40%. Tápértékkel rendelkező adalékanyagok/kg: D3-vitamin: 250 NE, E-vitamin: 60,0 mg, réz (réz(II)-szulfát-pentahidrát): 2,1 mg, jód (kalcium-jód, kötött vizet nem tartalmazó): 0,35 mg, vas (vas(II)-szulfát, monohidrát): 4,5 mg, mangán (mangán-szulfát, monohidrát): 2,7 mg, cink (cink-szulfát, monohidrát): 25,9 mg. Tovább olvasok"}
{"breadcrumb": "Főoldal/Kutya/Eledelek/Nedves eledelek/Pedigree kutya tasak MP csir&bár&pu&mar 12x100g", "product_name": "Pedigree kutya tasak MP csir&bár&pu&mar 12x100gPedigree kutya tasak MP csir&bár&pu&mar 12x100g", "brand": "multipackPedigreeFelnőttszárnyastasakkistestű 10kg-ig", "regular_price": "5 094", "selling_price": "4 794", "price_per_unit": "1 kg=2499 Ft", "product_url": "https://webshop.fressnapf.hu/termekek/pedigree-nedves-allateledel-kutyak-szamara-barany-pulyka-marha-aszpikban-alutasak-12-x-100-g/", "product_description": "Gazdag falatok Természetes összetevőkkel Hozzáadott mesterséges tartósítószerek nélkül Hozzáadott mesterséges aroma nélkül Természetes immunrendszer támogatás: E-vitaminnak köszönhetően Optimális emésztés: a természetes rostok segítenek megőrizni belső egészségét Kiváló minőségű fehérjékkel 100%-ban teljes értékű és kiegyensúlyozott Összetevők Marha és máj keverék: hús és állati származékok (40%, természetes*, 93%; ebből marha 6% és sertésmáj 9% keveréke a falatokban**), növényi fehérje kivonatok, válogatott gabonafélék, olajok és zsírok, ásványi anyagok (0,6%), növényi eredetű származékok* (ebből szárított répapép 0,5%) Csirke: hús és állati származékok (40%, természetes* 93%; ebből csirke 14% és sertésmáj 9% a falatokban**), növényi fehérje kivonatok, válogatott gabonafélék, olajok és zsírok, ásványi anyagok (0,6%), növényi eredetű származékok* (ebből szárított répapép 0,5%) Bárány és máj keverék: hús és állati származékok (40%, természetes* 93%; ebből bárány 6% és sertésmáj 9% keveréke a falatokban**), növényi fehérje kivonatok, válogatott gabonafélék, olajok és zsírok, ásványi anyagok (0,6%), növényi eredetű származékok* (ebből szárított répapép 0,5%) Baromfi: hús és állati származékok (40%, természetes* 93%; ebből baromfi 14% és sertésmáj 9% a falatokban**), növényi fehérje kivonatok, válogatott gabonafélék, olajok és zsírok, ásványi anyagok (0,6%), növényi eredetű származékok* (ebből szárított répapép 0,5%) *természetes összetevők **a termék rendszerint 48%-ban tartalmaz falatkát Analitikai összetevők (%): Fehérje: 8,5, Zsírtartalom: 5,2, Szervetlen anyag: 2,0, Nyers rost: 0,40, Nedvességtartalom: 83,2 Adalékanyagok/kg: Tápértékkel rendelkező adalékanyagok: D3-vitamin: 200 NE, E-vitamin: 60,0 mg, Réz (Réz(II)-szulfát-pentahidrát): 1,7 mg, Jód (Kalcium-jód, kötött vizet nem tartalmazó): 0,28 mg, Vas (Vas(II)-szulfát, monohidrát): 3,6 mg, Mangán (Mangán-szulfát, monohidrát): 2,2 mg, Cink (Cink-szulfát, monohidrát): 22,7 mg, Technológiai adalékanyagok: Kasszia gumi: 2100 mg Tovább olvasok"}
{"breadcrumb": "Főoldal/Kutya/Eledelek/Nedves eledelek/Pedigree kutya tasak MP húsos 12x100g", "product_name": "Pedigree kutya tasak MP húsos 12x100gPedigree kutya tasak MP húsos 12x100g", "brand": "multipackPedigreeFelnőttvegyestasakkistestű 10kg-ig", "regular_price": "8 994", "selling_price": "8 394", "price_per_unit": "1 kg=2499 Ft", "product_url": "https://webshop.fressnapf.hu/termekek/pedigree-nedves-allateledel-kutyak-szamara-husos-zoldseges-mix-martasban-alutasak-12-x-100-g/", "product_description": "Gazdag falatok Természetes összetevőkkel Hozzáadott mesterséges tartósítószerek nélkül Hozzáadott mesterséges aroma nélkül Erős természetes védekezőképesség: az E-vitaminnak és az ásványi anyagoknak köszönhetően Optimális emésztés: a természetes rostok segítenek megőrizni belső egészségét Kiváló minőségű fehérjékkel 100%-ban teljes értékű és kiegyensúlyozott Könnyen nyitható tasak Összetevők Csirke: hús és állati származékok (35%, természetes* 93%; ebből csirke 14% és sertésmáj 9% a falatokban**), válogatott gabonafélék, zöldségek (ebből szárított sárgarépa és borsó keveréke 0,8%, ami sárgarépa és borsó keverékével egyenértékű 4%), növényi fehérje kivonatok, növényi eredetű származékok* (ebből szárított répapép 0,8%), olajok és zsírok, ásványi anyagok (0,6%) Marha és máj keverék: hús és állati származékok (35%, természetes* 93%; ebből marha 6% és sertésmáj 9% keveréke a falatokban**), válogatott gabonafélék, zöldségek (ebből szárított sárgarépa és borsó keveréke 0,8%, ami sárgarépa és borsó keverékével egyenértékű 4%), növényi fehérje kivonatok, növényi eredetű származékok* (ebből szárított répapép 0,8%), olajok és zsírok, ásványi anyagok (0,6%) Pulyka: hús és állati származékok (35%, természetes* 93%; ebből pulyka 14% és sertésmáj 9% a falatokban**), válogatott gabonafélék, zöldségek (ebből szárított sárgarépa 0,6%, ami egyenértékű sárgarépával 4%), növényi fehérje kivonatok, növényi eredetű származékok* (ebből szárított répapép 0,8%), olajok és zsírok, ásványi anyagok (0,6%) Marha és bárány keverék: hús és állati származékok (35%, természetes* 93%; ebből marha 7%, bárány 7% és sertésmáj 9% keveréke a falatokban**), válogatott gabonafélék, zöldségek (ebből szárított sárgarépa 0,6%, ami egyenértékű sárgarépával 4%), növényi fehérje kivonatok, növényi eredetű származékok* (ebből szárított répapép 0,8%), olajok és zsírok, ásványi anyagok (0,6%) *természetes összetevők **a termék rendszerint 45%-ban tartalmaz falatkát Analitikai összetevők (%): Fehérje: 7,5, Zsírtartalom:5,2, Szervetlen anyag: 1,8, Nyers rost: 0,40, Nedvességtartalom: 82,0, Adalékanyagok/kg: Tápértékkel rendelkező adalékanyagok: D3-vitamin: 200 NE, E-vitamin: 60,0 mg, Réz (Réz(II)-szulfát-pentahidrát): 1,7 mg, Jód (Kalcium-jód, kötött vizet nem tartalmazó): 0,28 mg, Vas (Vas(II)-szulfát, monohidrát): 3,6 mg, Mangán (Mangán-szulfát, monohidrát): 2,2 mg, Cink (Cink-szulfát, monohidrát): 22,7 mg, Technológiai adalékanyagok: Kasszia gumi: 2100 mg Tovább olvasok"}
{"breadcrumb": "Főoldal/Kutya/Eledelek/Nedves eledelek/Pedigree kutya tasak MP junior aszpikos 12x100g", "product_name": "Pedigree kutya tasak MP junior aszpikos 12x100gPedigree kutya tasak MP junior aszpikos 12x100g", "brand": "multipackPedigreeKölyökvegyestasakkistestű 10kg-ig", "regular_price": "8 994", "selling_price": "8 394", "price_per_unit": "1 kg=2499 Ft", "product_url": "https://webshop.fressnapf.hu/termekek/pedigree-junior-nedves-allateledel-kutyak-szamara-csirke-barany-baromfi-marha-aszpikban-12-x-100-g/", "product_description": "Teljes értékű nedves eledel kölyköknek. Gazdag falatok Természetes összetevőkkel, hozzáadott vitaminokkal és ásványi anyagokkal Kiváló minőségű fehérjékkel 100%-ban teljes értékű és kiegyensúlyozott Hozzáadott mesterséges tartósítószerek nélkül Hozzáadott mesterséges aroma nélkül Erős természetes védekezőképesség: az E-vitaminnak és az ásványi anyagoknak köszönhetően Egészséges növekedés: kiegyensúlyozott kalcium- és foszfortartalommal Könnyen nyitható tasak Összetevők Csirke: hús és állati származékok (44%, természetes* 95%; ebből csirke 14% és sertésmáj 8% a falatokban**), ásványi anyagok (1,4%), válogatott gabonafélék (ebből rizsliszt 1,1%, ami főtt rizzsel egyenértékű 4%), hal és halszármazékok*, olajok és zsírok, növényi eredetű származékok*, növényi fehérje kivonatok Bárány és máj keverék: hús és állati származékok (44%, természetes* 95%; ebből bárány 7% és sertésmáj 8% keveréke a falatokban*), ásványi anyagok (1,4%), válogatott gabonafélék (ebből rizsliszt 1,1%, ami főtt rizzsel egyenértékű 4%), hal és halszármazékok*, olajok és zsírok, növényi eredetű származékok*, növényi fehérje kivonatok Baromfi: hús és állati származékok (44%, természetes* 95%; ebből baromfi 14% és sertésmáj 8% a falatokban**), ásványi anyagok (1,4%), válogatott gabonafélék (ebből rizsliszt 1,1%, ami főtt rizzsel egyenértékű 4%), hal és halszármazékok*, olajok és zsírok, növényi eredetű származékok”, növényi fehérje kivonatok Marha és máj keverék: hús és állati származékok (44%, természetes* 95%; ebből marha 7% és sertésmáj 8% a falatokban**), ásványi anyagok (1,4%), válogatott gabonafélék (ebből rizsliszt 1,1%, ami főtt rizzsel egyenértékű 4%), hal és halszármazékok*, olajok és zsírok, növényi eredetű származékok*, növényi fehérje kivonatok *természetes összetevők **a termék rendszerint 54%-ban tartalmaz falatkát Analitikai összetevők (%): Fehérje: 8,5, Zsírtartalom: 6,0, Szervetlen anyag: 2,3, Nyers rost: 0,30, Nedvességtartalom: 80,5, Kalcium: 0,40, Foszfor: 0,30 Adalékanyagok/kg: Tápértékkel rendelkező adalékanyagok: D3-vitamin: 150 NE, E-vitamin: 60,0 mg, Réz (Réz(II)-szulfát-pentahidrát): 2,1 mg, Jód (Kalcium-jód, kötött vizet nem tartalmazó): 0,35 mg, Vas (Vas(II)-szulfát, monohidrát): 4,5 mg, Mangán (Mangán-szulfát, monohidrát): 2,7 mg, Cink (Cink-szulfát, monohidrát): 24,0 mg, Technológiai adalékanyagok: Kasszia gumi: 1900 mg Tovább olvasok"}
{"breadcrumb": "Főoldal/Kutya/Eledelek/Nedves eledelek/Pedigree kutya tasak MP junior csirke&marha 4x100g", "product_name": "Pedigree kutya tasak MP junior csirke&marha 4x100gPedigree kutya tasak MP junior csirke&marha 4x100g", "brand": "PedigreeKölyökszárnyasmultipacktasakkistestű 10kg-ig", "regular_price": "8 994", "selling_price": "8 394", "price_per_unit": "1 kg=2748 Ft", "product_url": "https://webshop.fressnapf.hu/termekek/pedigree-kutya-tasak-mp-junior-csirkemarha-4x100g/", "product_description": "Teljes értékű nedves eledel kölyköknek. Gazdag falatok Természetes összetevőkkel, hozzáadott vitaminokkal és ásványi anyagokkal Kiváló minőségű fehérjékkel 100%-ban teljes értékű és kiegyensúlyozott Hozzáadott mesterséges tartósítószerek nélkül Hozzáadott mesterséges aroma nélkül Erős természetes védekezőképesség: az E-vitaminnak és az ásványi anyagoknak köszönhetően Egészséges növekedés: kiegyensúlyozott kalcium- és foszfortartalommal Könnyen nyitható tasak Összetevők Csirke: hús és állati származékok (44%, természetes* 95%; ebből csirke 14% és sertésmáj 8% a falatokban**), ásványi anyagok (1,4%), válogatott gabonafélék (ebből rizsliszt 1,1%, ami főtt rizzsel egyenértékű 4%), hal és halszármazékok*, olajok és zsírok, növényi eredetű származékok*, növényi fehérje kivonatok Marha és máj keverék: hús és állati származékok (44%, természetes* 95%; ebből marha 7% és sertésmáj 8% a falatokban**), ásványi anyagok (1,4%), válogatott gabonafélék (ebből rizsliszt 1,1%, ami főtt rizzsel egyenértékű 4%), hal és halszármazékok*, olajok és zsírok, növényi eredetű származékok*, növényi fehérje kivonatok *természetes összetevők **a termék rendszerint 54%-ban tartalmaz falatkát. Analitikai összetevők (%): Fehérje: 8,5, Zsírtartalom: 6,0, Szervetlen anyag: 2,3, Nyers rost: 0,30, Nedvességtartalom: 80,5, Kalcium: 0,40, Foszfor: 0,30 Adalékanyagok/kg: Tápértékkel rendelkező adalékanyagok: D3-vitamin: 150 NE, E-vitamin: 60,0 mg, Réz (Réz(II)-szulfát-pentahidrát): 2,1 mg, Jód (Kalcium-jód, kötött vizet nem tartalmazó): 0,35 mg, Vas (Vas(II)-szulfát, monohidrát): 4,5 mg, Mangán (Mangán-szulfát, monohidrát): 2,7 mg, Cink (Cink-szulfát, monohidrát): 24,0 mg, Technológiai adalékanyagok: Kasszia gumi: 1900 mg Tovább olvasok"}
{"breadcrumb": "Főoldal/Kutya/Eledelek/Száraz eledelek/Pedigree M/L adult száraz kutyaeledel marha&zöldség 12kg", "product_name": "Pedigree M/L adult száraz kutyaeledel marha&zöldség 12kgPedigree M/L adult száraz kutyaeledel marha&zöldség 12kg", "brand": "Pedigree10,1 – 12kgFelnőttmarha&borjú", "regular_price": "3 499", "selling_price": "2 999", "price_per_unit": "1 kg=1167 Ft", "product_url": "https://webshop.fressnapf.hu/termekek/pedigree-m-l-adult-szaraz-kutyaeledel-marhazoldseg-12kg/", "product_description": "A Pedigree teljes értékű és kiegyensúlyozott száraz kutyaeledel mindennapi fogyasztásra. A Waltham kisállat-táplálkozási kutatóközpont táplálkozástani szakemberei és állatorvosai segítségével kifejlesztett Pedigree száraz kutyaeledel rendelkezik minden alapvető tápanyaggal, amely támogatja az optimális emésztést, egészséges bőrt és szőrzetet, a természetes ellenállóképességet és a fogak védelmét. Az ételdarabkák különleges állaga segíti a felnőtt kutyák fogainak a tisztítását és támogatja a fogak védelmét, ezért ideális kiegészítője a mindennapos fogápolásnak. Szájápolás: Speciálisan kialakított textúrája, amely segít a fogak tisztításában. Fejlődés és védelem: Az egészséges fejlődés biztosítása érdekében tartalmazza az összes nélkülözhetetlen ásványi anyagot és vitamint. Egészséges emésztés: Termékünk rostokat, prebiotikumokat és jól emészthető baromfit tartalmaz, hogy a fejlődő emésztő rendszerükben könnyen felszívódjon. Immunrendszer támogatása: E-vitamint tartalmaznak, amely támogatja a természetes védekezőképességet. Összetétel: válogatott gabonafélék*, hús és állati származékok (ebből marha 4%), olajok és zsírok, növényi eredetű származékok (ebből szárított répapép 3%*), ásványi anyagok, zöldségek* (ebből szárított borsó és sárgarépa keveréke 0.7%, ami borsó és sárgarépa keverékével egyenértékű 4%), élesztő (ebből sörélesztő 0.4%). *Természetes összetevők. Adalékanyagok/kg: Antioxidánsok; Tápértékkel rendelkező adalékanyagok: B₁-vitamin:6.2mg, B₂-vitamin:10.7mg, D₃-vitamin:1500NE, E-vitamin:100mg, Biotin:0.15mg, Réz (Réz(II)-szulfát-pentahidrát):3.6mg, Jód (Kálium-jód):0.90mg, Mangán (Mangán-szulfát, monohidrát):18.0mg, Szelén (Nátrium-szelenit):0.27mg, Cink (Cink-szulfát, monohidrát):51.0mg Analitikai összetevők (%):fehérje:20.0;zsírtartalom:9.0;szervetlen anyag:7.0;nyers rost:2.5. Tovább olvasok"}
{"breadcrumb": "Főoldal/Kutya/Eledelek/Száraz eledelek/Pedigree M/L junior száraz kutyaeledel baromfi&zöldség 12kg", "product_name": "Pedigree M/L junior száraz kutyaeledel baromfi&zöldség 12kgPedigree M/L junior száraz kutyaeledel baromfi&zöldség 12kg", "brand": "Pedigree10,1 – 12kgKölyökszárnyas", "regular_price": "3 799", "selling_price": "3 299", "price_per_unit": "1 kg=1250 Ft", "product_url": "https://webshop.fressnapf.hu/termekek/pedigree-m-l-junior-szaraz-kutyaeledel-baromfizoldseg-12kg/", "product_description": "A Pedigree Puppy teljes értékű és kiegyensúlyozott, ízletes és tápláló száraz kölyökkutya-eledel mindennapi fogyasztásra. A Waltham kisállat-táplálkozási kutatóközpont táplálkozástani szakemberei és állatorvosai segítségével kifejlesztett Pedigree száraz kölyökkutya-eledel rendelkezik minden alapvető tápanyaggal, amely támogatja az optimális életkezdést, fogvédelmet, könnyű emésztést, egészséges bőrt és szőrzetet, a természetes ellenállóképességet immunrendszert. Az optimális kálcium- és foszfortartalmának, valamint a különleges állagának köszönhetően, a Pedigree Vital Protection Puppy szárazeledel nagyszerűen támogatja az egészséges fog- és csontfejlődést. Nem tartalmaz mesterséges színezőanyagot. Szájápolás: Az eledel megfelelő mennyiségű kalciumot tartalmaz, hogy támogassa a fogak egészséges fejlődését. A szemcsék méretét kifejezetten a kölyökkutyák állkapcsához terveztük. Fejlődés és védelem: Az egészséges fejlődés biztosítása érdekében tartalmazza az összes nélkülözhetetlen ásványi anyagot és vitamint. Egészséges emésztés: Termékünk rostokat, prebiotikumokat és jól emészthető baromfit tartalmaz, hogy a fejlődő emésztő rendszerükben könnyen felszívódjon. Immunrendszer támogatása: E-vitamint tartalmaznak, amely támogatja a természetes védekezőképességet. Összetétel: válogatott gabonafélék**, hús és állati származékok (ebből baromfi 4%), olajok és zsírok, növényi eredetű származékok (ebből szárított répapép 3%**), ásványi anyagok, zöldségek** (ebből szárított borsó és sárgarépa keveréke 0.7%, ami borsó és sárgarépa keverékével egyenértékű 4%), élesztő (ebből sörélesztő 0.4%). **Természetes összetevők. Adalékanyagok/kg: Antioxidánsok; Tápértékkel rendelkező adalékanyagok: B₁-vitamin:4.2mg, B₂-vitamin:7.1mg, D₃-vitamin:1031NE, E-vitamin:100mg, Biotin:0.10mg, Réz (Réz(II)-szulfát-pentahidrát):5.1mg, Jód (Kálium-jód):1.3mg, Mangán (Mangán-szulfát, monohidrát):22.5mg, Szelén (Nátrium-szelenit):0.15mg, Cink (Cink-szulfát, monohidrát):63.8mg. Analitikai összetevők (%):fehérje:25.0;zsírtartalom:10.0;szervetlen anyag:8.0;nyers rost:2.4;kalcium:1.4;foszfor:0.90. Tovább olvasok"}
{"breadcrumb": "Főoldal/Kutya/Eledelek/Száraz eledelek/Pedigree M/L junior száraz kutyaeledel baromfi&zöldség 3kg", "product_name": "Pedigree M/L junior száraz kutyaeledel baromfi&zöldség 3kgPedigree M/L junior száraz kutyaeledel baromfi&zöldség 3kg", "brand": "PedigreeKölyökszárnyas", "regular_price": "3 699", "selling_price": "3 299", "price_per_unit": "1 kg=1666 Ft", "product_url": "https://webshop.fressnapf.hu/termekek/pedigree-m-l-junior-szaraz-kutyaeledel-baromfizoldseg-3kg/", "product_description": "A Pedigree Puppy teljes értékű és kiegyensúlyozott, ízletes és tápláló száraz kölyökkutya-eledel mindennapi fogyasztásra. A Waltham kisállat-táplálkozási kutatóközpont táplálkozástani szakemberei és állatorvosai segítségével kifejlesztett Pedigree száraz kölyökkutya-eledel rendelkezik minden alapvető tápanyaggal, amely támogatja az optimális életkezdést, fogvédelmet, könnyű emésztést, egészséges bőrt és szőrzetet, a természetes ellenállóképességet immunrendszert. Az optimális kálcium- és foszfortartalmának, valamint a különleges állagának köszönhetően, a Pedigree Vital Protection Puppy szárazeledel nagyszerűen támogatja az egészséges fog- és csontfejlődést. Nem tartalmaz mesterséges színezőanyagot. Szájápolás: Az eledel megfelelő mennyiségű kalciumot tartalmaz, hogy támogassa a fogak egészséges fejlődését. A szemcsék méretét kifejezetten a kölyökkutyák állkapcsához terveztük. Fejlődés és védelem: Az egészséges fejlődés biztosítása érdekében tartalmazza az összes nélkülözhetetlen ásványi anyagot és vitamint. Egészséges emésztés: Termékünk rostokat, prebiotikumokat és jól emészthető baromfit tartalmaz, hogy a fejlődő emésztő rendszerükben könnyen felszívódjon. Immunrendszer támogatása: E-vitamint tartalmaznak, amely támogatja a természetes védekezőképességet. Összetétel: válogatott gabonafélék**, hús és állati származékok (ebből baromfi 4%), olajok és zsírok, növényi eredetű származékok (ebből szárított répapép 3%**), ásványi anyagok, zöldségek** (ebből szárított borsó és sárgarépa keveréke 0.7%, ami borsó és sárgarépa keverékével egyenértékű 4%), élesztő (ebből sörélesztő 0.4%). **Természetes összetevők. Adalékanyagok/kg: Antioxidánsok; Tápértékkel rendelkező adalékanyagok: B₁-vitamin:4.2mg, B₂-vitamin:7.1mg, D₃-vitamin:1031NE, E-vitamin:100mg, Biotin:0.10mg, Réz (Réz(II)-szulfát-pentahidrát):5.1mg, Jód (Kálium-jód):1.3mg, Mangán (Mangán-szulfát, monohidrát):22.5mg, Szelén (Nátrium-szelenit):0.15mg, Cink (Cink-szulfát, monohidrát):63.8mg. Analitikai összetevők (%):fehérje:25.0;zsírtartalom:10.0;szervetlen anyag:8.0;nyers rost:2.4;kalcium:1.4;foszfor:0.90. Tovább olvasok"}
{"breadcrumb": "Főoldal/Kutya/Eledelek/Jutalomfalatok&rágcsák/Pedigree Markies kutyakeksz mini 500g", "product_name": "Pedigree Markies kutyakeksz mini 500gPedigree Markies kutyakeksz mini 500g", "brand": "PedigreeFelnőttmarha&borjúkekszkistestű 10kg-ig", "regular_price": "1149", "selling_price": "", "price_per_unit": "1 kg=2298 Ft", "product_url": "https://webshop.fressnapf.hu/termekek/pedigree-markies-kutyakeksz-mini-500g/", "product_description": "Ropogós kekszek, zamatos ízzel telve – a Pedigree Markies™ kívülről csodálatosan ropogós és belülről ínycsiklandóan zamatos. – Az Omega 3 zsírsavak egész életükre fitten tartják – E-vitaminnal, ami segít fenntartani a természetes védekezőképességet – Ásványi anyagok, beleértve a kalciumot, ami a csontokat erősíti – Nem tartalmaz mesterséges ízesítőt Pedigree. Ízletes jutalomfalatkák, szájápoló jutalomfalatok, és 100%-ban teljes értékű főétkezés minden kutyának. Összetevők: Válogatott gabonafélék, Hús és állati származékok (ebből 10% velőscsont), Különféle cukrok, Olajok és zsírok, Ásványi anyagok, Növényi eredetű származékok Analitikai összetevők (%): Fehérje: 14,0, Zsírtartalom: 10,7, Szervetlen anyag: 8,0, Nyers rost: 1,3, , Kalcium: 1,9, Omega-3 zsírsavak: 1035 mg/kg Adalékanyagok/kg: Tápértékkel rendelkező adalékanyagok: Antioxidánsok, A-vitamin: 4826 NE, E-vitamin: 48,3 mg, Vas (Vas(ll)-szulfát, monohidrát): 14,5 mg Tovább olvasok"}
{"breadcrumb": "Főoldal/Kutya/Eledelek/Jutalomfalatok&rágcsák/Pedigree Markies kutyakeksz velőscsonttal 150g", "product_name": "Pedigree Markies kutyakeksz velőscsonttal 150gPedigree Markies kutyakeksz velőscsonttal 150g", "brand": "PedigreeFelnőttmarha&borjúkeksz101g – 200gközepes testű 11-25kg", "regular_price": "649", "selling_price": "", "price_per_unit": "1 kg=4327 Ft", "product_url": "https://webshop.fressnapf.hu/termekek/pedigree-markies-kutyakeksz-veloscsonttal-150g/", "product_description": "Kiegészítő állateledel felnőtt kutyák számára. – Ízletes, töltött, gurítható kutyakeksz, ropogós héjjal és zamatos töltelékkel – Mesterséges színezőanyagoktól és ízesítőanyagoktól mentes – Omega-3-zsírsavval az egészség megőrzéséért, vitaminokkal a természetes ellenállóképesség megerősítéséért és ásványi anyagokkal, kalciummal az erős csontokért Összetétel: válogatott gabonafélék, hús és állati származékok (ebből 4% velőscsont), különféle cukrok, olajok és zsírok, ásványi anyagok, növényi eredetű származékok, magvak, fűszerek. Analitikai összetevők (%): fehérje: 14,3, zsírtartalom: 13, szervetlen anyag: 9,3, nyersrost: 2,5, kalcium: 1,6, energia: 356 kcal/100 g, Omega-3 zsírsavak: 2000 mg/kg. Adalékanyagok/kg: antioxidánsok, A-vitamin: 8683 NE, E-vitamin: 86,8 mg, vas-szulfát monohidrát: 86,8 mg. Etetési útmutató: közepes testű kutyáknak (pl. spániel) max. 8 keksz hetente. Nagytestű kutyáknak (pl. labrador) max. 16 keksz hetente. A napi etetési mennyiség kialakításakor kérjük vegye figyelembe a jutalomfalat mennyiségét is. Ne feledkezzen meg friss ivóvizet biztosítani kedvence számára. Tovább olvasok"}
{"breadcrumb": "Főoldal/Kutya/Eledelek/Jutalomfalatok&rágcsák/Pedigree Markies kutyakeksz velőscsonttal 500g", "product_name": "Pedigree Markies kutyakeksz velőscsonttal 500gPedigree Markies kutyakeksz velőscsonttal 500g", "brand": "PedigreeFelnőttmarha&borjúkeksz", "regular_price": "1149", "selling_price": "", "price_per_unit": "1 kg=2298 Ft", "product_url": "https://webshop.fressnapf.hu/termekek/pedigree-markies-kutyakeksz-veloscsonttal-500g/", "product_description": "Ropogós kekszek, zamatos ízzel telve – a Pedigree Markies™ kívülről csodálatosan ropogós és belülről ínycsiklandóan zamatos. – Az Omega 3 zsírsavak egész életükre fitten tartják – E-vitaminnal, ami segít fenntartani a természetes védekezőképességet – Ásványi anyagok, beleértve a kalciumot, ami a csontokat erősíti – Nem tartalmaz mesterséges ízesítőt Pedigree. Ízletes jutalomfalatkák, szájápoló jutalomfalatok, és 100%-ban teljes értékű főétkezés minden kutyának. Összetevők: Válogatott gabonafélék, Hús és állati származékok (ebből 10% velőscsont), Különféle cukrok, Olajok és zsírok, Ásványi anyagok, Növényi eredetű származékok Analitikai összetevők (%): Fehérje: 14,0, Zsírtartalom: 10,7, Szervetlen anyag: 8,0, Nyers rost: 1,3, , Kalcium: 1,9, Omega-3 zsírsavak: 1035 mg/kg Adalékanyagok/kg: Tápértékkel rendelkező adalékanyagok: Antioxidánsok, A-vitamin: 4826 NE, E-vitamin: 48,3 mg, Vas (Vas(ll)-szulfát, monohidrát): 14,5 mg Tovább olvasok"}
{"breadcrumb": "Főoldal/Kutya/Eledelek/Száraz eledelek/Pedigree mini junior száraz kutyaeledel csirke 1,4kg", "product_name": "Pedigree mini junior száraz kutyaeledel csirke 1,4kgPedigree mini junior száraz kutyaeledel csirke 1,4kg", "brand": "Pedigree1,1kg – 4kgKölyökszárnyas", "regular_price": "3 699", "selling_price": "3 499", "price_per_unit": "1 kg=1928 Ft", "product_url": "https://webshop.fressnapf.hu/termekek/pedigree-mini-junior-szaraz-kutyaeledel-csirke-14kg/", "product_description": "Teljes értékű száraz eledel kölyökkutyák számára. A Pedigree® Vital Protection™ Szárazeledelt úgy fejlesztették ki, hogy az a következő négy területre koncentrálva ellátja kutyáját a szükséges tápanyagokkal: elősegíti az ellenálló immunrendszert, az egészséges bőrt, szőrzetet, a jó emésztést, valamint segíti megőrizni a fogak tisztaságát. A Pedigree® Vital Protection™ segít megőrizni kutyája egészségét és vitalitását. Az egészséges fejlődés biztosítása érdekében tartalmazza az összes nélkülözhetetlen ásványi anyagot és vitamint Minden kölyökkutya megérdemli az egészséges szájat. A kölyökkutyák élete során a szájuk elsődleges szerepet játszik. Ezért az eledel megfelelő foszfor-kalcium egyensúlya támogatja a fogak egészségét és a csontok fejlődését. Minden kölyökkutya megérdemli az egészséges pocakot. Termékünk a fejlődésben lévő emésztőrendszernek megfelelő, könnyen emészthető csirkét és rizst tartalmaz. Minden kölyökkutya megérdemli, hogy egészségesen nézzen ki, és úgy is érezze magát. A speciális fejlesztésű, új receptúránk napraforgóolajat és cinket, valamint természetes omega-6 zsírsavforrást tartalmaz, melyek táplálják kölyökkutyája bőrét és szőrzetét. Minden kölyökkutya megérdemel egy kis extra védelmet. A kölyökkutyák szeretik felfedezni a világot. Önnek azonban nem kell aggódnia: termékünk köztudottan antioxidáns hatású E-vitamint, valamint olyan ásványi anyagokat tartalmaz, melyek támogatják az erős immunrendszert. Összetevők: Válogatott gabonafélék** (ebből 4% rizs), Hús és állati származékok (34%, ebből 14% csirke), Olajok és zsírok (0,5% napraforgó olajat tartalmaz), Növényi eredetű származékok, Ásványi anyagok **Természetes összetevők Tápanyagok Analitikai összetevők (%): fehérje: 30,0 zsírtartalom: 18,0 szervetlen anyag: 6,5 nyers rost: 2,0 kalcium: 1,5 omega-6 zsírsavak: 4,1 Foszfor: 1,0 Adalékanyagok/kg: antioxidánsok Tápértékkel rendelkező adalékanyagok: A-vitamin: 10200 NE D₃-vitamin: 1125 NE E-vitamin: 85,0 mg Réz (Réz(II)-szulfát-pentahidrát): 7,9 mg Jód (Kálium-jód): 2,0 mg Mangán (Mangán-szulfát, monohidrát): 27,0 mg Szelén (Nátrium-szelenit): 0,11 mg Cink (Cink-szulfát, monohidrát): 76,5 mg Tovább olvasok"}
{"breadcrumb": "Főoldal/Kutya/Eledelek/Száraz eledelek/Pedigree mini száraz kutyaeledel marha&zöldség 2kg", "product_name": "Pedigree mini száraz kutyaeledel marha&zöldség 2kgPedigree mini száraz kutyaeledel marha&zöldség 2kg", "brand": "Pedigree1,1kg – 4kgFelnőttmarha&borjú", "regular_price": "9 999", "selling_price": "8 999", "price_per_unit": "1 kg=1850 Ft", "product_url": "https://webshop.fressnapf.hu/termekek/pedigree-mini-szaraz-kutyaeledel-marhazoldseg-2kg/", "product_description": "Teljes értékű száraz eledel felnőtt kutyák számára. A Pedigree® Vital Protection™ Szárazeledelt úgy fejlesztették ki, hogy az a következő négy területre koncentrálva ellátja kutyáját a szükséges tápanyagokkal: elősegíti az ellenálló immunrendszert, az egészséges bőrt, szőrzetet, a jó emésztést, valamint segíti megőrizni a fogak tisztaságát. A Pedigree® Vital Protection™ segít megőrizni kutyája egészségét és vitalitását. A B-vitamin és az ásványi anyagok segítenek megőrizni kutyája vitalitását és életerejét. Minden kutya megérdemli az egészséges szájat. Mivel a kutyák élete során szájuk elsődleges szerepet játszik, foguk és ínyük egészsége rettentő fontos számukra. Ezért a Pedigree® Mini Adult egy különleges aktív összetevőt tartalmaz, amely bizonyítottan csökkenti a fogkő kialakulását a fogak tisztaságának és az íny egészségének megőrzése érdekében. Minden kutya megérdemli az egészséges pocakot. Termékeink természetes rostokat és kiváló minőségű fehérjét tartalmaznak, melyek hozzájárulnak az egészséges emésztéshez. Minden kutya megérdemli, hogy egészségesen nézzen ki, és úgy is érezze magát. A napraforgóolaj, a természetes omega-6 zsírsavforrás és a cink láthatóan táplálják kutyája bőrét és szőrzetét. Minden kutya megérdemel egy kis extra védelmet. Receptjeink köztudottan antioxidáns hatású E-vitamint, valamint válogatott ásványi anyagokat tartalmaznak, melyek belülről segítenek védelmet nyújtani kutyája számára. Összetevők: Válogatott gabonafélék**, Hús és állati származékok (20%, ebből 4% marha a barna szemcsékben*), Olajok és zsírok (0,5% napraforgó olajat tartalmaz), Növényi eredetű származékok (ebből 4% szárított répapép**), Ásványi anyagok (0,3% nátrium-tripolifoszfátot tartalmaz aktív összetevőként a barna szemcsékben*), Zöldségek** (0,5% szárított sárgarépát tartalmaz (ami 4% sárgarépával egyenértékű) a narancssárga szemcsékben* és 1% szárított borsót tartalmaz (ami 4% borsóval egyenértékű) a zöld szemcsékben*), Növényi fehérje kivonatok *Barna szemcsék megléte 80%-ban jellemző a termékben, a narancssárga és zöld szemcsék mindkettőjének megléte 10%-ban jellemző a termékben **Természetes összetevők Tápanyagok Analitikai összetevők (%): fehérje: 22,0 zsírtartalom: 13,0 szervetlen anyag: 7,0 nyers rost: 2,3 omega-6 zsírsavak: 2,7 vas: 12,6 mg/100 g Adalékanyagok/kg: antioxidánsok Tápértékkel rendelkező adalékanyagok: A-vitamin: 14450 NE B₁-vitamin: 6,8 mg B₂-vitamin: 11,6 mg B₆-vitamin: 3,0 mg D₃-vitamin: 1594 NE E-vitamin: 100 mg Réz (Réz(II)-szulfát-pentahidrát): 6,9 mg Jód (Kálium-jód): 1,7 mg Mangán (Mangán-szulfát, monohidrát): 31,5 mg Szelén (Nátrium-szelenit): 0,28 mg Cink (Cink-szulfát, monohidrát): 89,3 mg Tovább olvasok"}
{"breadcrumb": "Főoldal/Kutya/Eledelek/Jutalomfalatok&rágcsák/Pedigree Ranchos kutya jutalomfalat marha 70g", "product_name": "Pedigree Ranchos kutya jutalomfalat marha 70gPedigree Ranchos kutya jutalomfalat marha 70g", "brand": "Pedigree0g – 100gFelnőttmarha&borjúrágócsontok&rágórudak", "regular_price": "899", "selling_price": "", "price_per_unit": "1 kg=12843 Ft", "product_url": "https://webshop.fressnapf.hu/termekek/pedigree-ranchos-kutya-jutalomfalat-marha-7x70g/", "product_description": "Kiegészítő állateledel felnőtt kutyák számára. Ínycsiklandó töltött rudak velőscsonttal, mesterséges színezőanyagok és ízesítőanyagok hozzáadása nélkül. A Pedigree Ranchos jutalomfalatokat kíméletesen szárították, hogy megőrizhessék a kutyák által kedvelt szagokat és ízeket. Összetevők: Hús és állati származékok (összesen 95%, ebből 4% marha), Ásványi anyagok, Olajok és zsírok Analitikai összetevők (%): Fehérje: 41,0, Zsírtartalom: 22,0, Szervetlen anyag: 7,5, Nyersrost: 1,0, Nedvességtartalom: 27,0, Energia: 359 kcal/100 g Adalékanyagok/kg: Tápértékkel rendelkező adalékanyagok: A-vitamin: 4992 NE, D-vitamin: 499 NE, E-vitamin: 52,0 mg, Tartósítószerek Etetési útmutató: Kis testű kutyáknál, pl. Tacskóknál, adjon fél adagot naponta. Közepes testű kutyáknál, pl. Cocker spanielnél, adjon egy adagot naponta. Nagy testű kutyáknál, pl. Labradornál, adjon két adagot naponta. A napi etetési mennyiség kialakításakor kérjük vegye figyelembe a jutalomfalat mennyiségét is. Ne feledkezzen meg friss ivóvizet biztosítani kedvence számára. Száraz, hűvös helyen tárolandó! Tovább olvasok"}
{"breadcrumb": "Főoldal/Kutya/Eledelek/Jutalomfalatok&rágcsák/Pedigree Rodeo Duos kutya jutalomfalat csirke&szalonna 7db", "product_name": "Pedigree Rodeo Duos kutya jutalomfalat csirke&szalonna 7dbPedigree Rodeo Duos kutya jutalomfalat csirke&szalonna 7db", "brand": "PedigreeFelnőttszárnyasrágócsíkok", "regular_price": "899", "selling_price": "", "price_per_unit": "1 kg=7309 Ft", "product_url": "https://webshop.fressnapf.hu/termekek/pedigree-rodeo-duos-kutya-jutalomfalat-csirkeszalonna-7db/", "product_description": "Kiegészítő állateledel 5 kg feletti és 4 hónaposnál idősebb kölyökkutyák számára. Mesterséges színezékek és ízfokozók nélkül. Összetétel: növényi eredetű származékok, válogatott gabonafélék, hús és állati származékok (2,5% szárított baromfimájport tartalmaz, ami 4% csirkével egyenértékű), ásványi anyagok, különféle cukrok, olajok és zsírok, tojás és tojásszármazékok. Analitikai összetevők (%): fehérje: 24, zsírtartalom: 3,5, szervetlen anyag: 6, nyersrost: 2, nedvességtartalom: 15, kalcium: 0,8; Omega-3 zsírsavak: 380 mg/kg. Tápértékkel rendelkező adalékanyagok/kg: A-vitamin: 5000 NE, E-vitamin: 50 NE, vas (vas(II)-szulfát, monohidrát): 15 mg. Egyéb adalékanyagok/kg: szalonna-ízesítés 1,5 mg; antioxidánsok. Etetési útmutató: – kistestű kutyáknak (5-9 kg), max. 3 darab hetente -közepes testű kutyáknak (10-24 kg), max. 6 darab hetente – nagytestű kutyáknak (25 kg felett), max. 12 darab hetente A napi etetési mennyiség kialakításakor, kérjük, vegye figyelembe a jutalomfalat mennyiségét is. Ne feledkezzen meg friss ivóvizet biztosítani kedvence számára. Száraz, hűvös helyen tárolandó. A balesetek elkerülése érdekében a csomagolóanyagot tartsa távol csecsemőktől, kisgyermekektől és háziállatoktól. Tovább olvasok"}
{"breadcrumb": "Főoldal/Kutya/Eledelek/Jutalomfalatok&rágcsák/Pedigree Rodeo Duos kutya jutalomfalat marha&sajt 7db", "product_name": "Pedigree Rodeo Duos kutya jutalomfalat marha&sajt 7dbPedigree Rodeo Duos kutya jutalomfalat marha&sajt 7db", "brand": "PedigreeFelnőttmarha&borjúrágócsíkok", "regular_price": "899", "selling_price": "", "price_per_unit": "1 kg=7309 Ft", "product_url": "https://webshop.fressnapf.hu/termekek/pedigree-rodeo-duos-kutya-jutalomfalat-marhasajt-7db/", "product_description": "Kiegészítő állateledel 5 kg feletti és 4 hónaposnál idősebb kölyökkutyák számára. Mesterséges színezékek és ízfokozók nélkül. Összetétel: növényi eredetű származékok, válogatott gabonafélék, hús és állati származékok (3% szárított marhamájport tartalmaz, ami 5% marhával egyenértékű), ásványi anyagok, különféle cukrok, olajok és zsírok, növényi fehérjekivonatok, tej és tejszármazékok (0,2% szárított sajtport tartalmaz, ami 0,3% sajttal egyenértékű), magvak, fűszerek. Analitikai összetevők (%): fehérje: 24,5, zsírtartalom: 3,5, szervetlen anyag: 6, nyersrost: 2,3, nedvességtartalom: 18,5, kalcium: 0,78; Omega-3 zsírsavak: 380 mg/kg. Tápértékkel rendelkező adalékanyagok/kg: A-vitamin: 5007 NE, E-vitamin: 50,1 NE, vas (vas(II)-szulfát, monohidrát): 15 mg. Etetési útmutató: – kistestű kutyáknak (5-9 kg), max. 3 darab hetente -közepes testű kutyáknak (10-24 kg), max. 6 darab hetente – nagytestű kutyáknak (25 kg felett), max. 12 darab hetente A napi etetési mennyiség kialakításakor, kérjük, vegye figyelembe a jutalomfalat mennyiségét is. Ne feledkezzen meg friss ivóvizet biztosítani kedvence számára. Száraz, hűvös helyen tárolandó. A balesetek elkerülése érdekében a csomagolóanyagot tartsa távol csecsemőktől, kisgyermekektől és háziállatoktól. Tovább olvasok"}
{"breadcrumb": "Főoldal/Kutya/Eledelek/Jutalomfalatok&rágcsák/Pedigree Rodeo kutya jutalomfalat marha 70g", "product_name": "Pedigree Rodeo kutya jutalomfalat marha 70gPedigree Rodeo kutya jutalomfalat marha 70g", "brand": "PedigreeFelnőttmarha&borjúrágócsíkok0g – 100gközepes testű 11-25kg", "regular_price": "649", "selling_price": "", "price_per_unit": "1 kg=9271 Ft", "product_url": "https://webshop.fressnapf.hu/termekek/pedigree-rodeo-kutya-jutalomfalat-marha-70g/", "product_description": "Kiegészítő állateledel 5 kg feletti és 4 hónaposnál idősebb kölyökkutyák számára. Mesterséges színezékek és ízfokozók nélkül. Összetétel: növényi eredetű származékok, válogatott gabonafélék, hús és állati származékok (3,5% szárított marhamájport tartalmaz, ami 5% marhával egyenértékű), különféle cukrok, ásványi anyagok, olajok és zsírok, növényi fehérje kivonatok, magvak, fűszerek. Analitikai összetevők (%): fehérje: 23,0, zsírtartalom: 3,5, szervetlen anyag: 5,7, nyers rost: 1,5, nedvességtartalom: 17,8, kalcium: 0,75, Omega-3 zsírsavak: 603 mg/kg, energia: 303 kcal/100 g. Tápértékkel rendelkező adalékanyagok/kg: A-vitamin: 5290 NE, E-vitamin: 52,9 mg, vas (vas(II)-szulfát, monohidrát): 15,9 mg. Etetési útmutató: kistestű kutyáknak (5-9 kg), max. 4 darab hetente. Közepes testű kutyáknak (10-24 kg), max. 7 darab hetente. Nagytestű kutyáknak (25 kg felett), max. 13 darab hetente. A napi etetési mennyiség kialakításakor kérjük vegye figyelembe a jutalomfalat mennyiségét is. Ne feledkezzen meg friss ivóvizet biztosítani kedvence számára. Tovább olvasok"}
{"breadcrumb": "Főoldal/Kutya/Eledelek/Jutalomfalatok&rágcsák/Pedigree Schmackos kutya jutalomfalat 20db", "product_name": "Pedigree Schmackos kutya jutalomfalat 20dbPedigree Schmackos kutya jutalomfalat 20db", "brand": "PedigreeFelnőtthús és állati származékokrágócsíkok", "regular_price": "899", "selling_price": "", "price_per_unit": "1 kg=6243 Ft", "product_url": "https://webshop.fressnapf.hu/termekek/pedigree-schmackos-kutya-jutalomfalat-20db/", "product_description": "Marha, bárány & baromfi ízesítésű kiegészítő állateledel felnőtt kutyák számára. Mesterséges színezékek és ízfokozók nélkül. Összetevők: hús és állati származékok (40%, ebből 11% baromfi, 22% marha és 5% bárány), növényi eredetű származékok, válogatott gabonafélék, ásványi anyagok, különféle cukrok, olajok és zsírok. Analitikai összetevők (%): fehérje: 28, zsírtartalom: 12, szervetlen anyag: 8, nyersrost: 3, nedvességtartalom: 19, kalcium: 1; Omega-6 zsírsavak: 12028 mg/kg. Adalékanyagok/kg: A-vitamin: 2288 NE, E-vitamin: 22,9 mg, vas (vas(II)-szulfát, monohidrát): 13,7 mg; antioxidánsok. Etetési útmutató: – kistestű kutyáknak (5-9 kg), max. 1 darab naponta – közepes testű kutyáknak (10-24 kg), max. 2 darab naponta – nagytestű kutyáknak (25 kg felett), max. 4 darab naponta A napi etetési mennyiség kialakításakor, kérjük, vegye figyelembe a jutalomfalat mennyiségét is. Ne feledkezzen meg friss ivóvizet biztosítani kedvence számára. Felbontás után 14 napon belül felhasználandó. Száraz, hűvös helyen tárolandó. A balesetek elkerülése érdekében a csomagolóanyagot tartsa távol csecsemőktől, kisgyermekektől és háziállatoktól. Tovább olvasok"}
{"breadcrumb": "Főoldal/Kutya/Eledelek/Jutalomfalatok&rágcsák/Pedigree Schmackos kutya jutalomfalat 5db", "product_name": "Pedigree Schmackos kutya jutalomfalat 5dbPedigree Schmackos kutya jutalomfalat 5db", "brand": "PedigreeFelnőtthús és állati származékokrágócsíkok", "regular_price": "399", "selling_price": "", "price_per_unit": "1 db=399 Ft", "product_url": "https://webshop.fressnapf.hu/termekek/pedigree-schmackos-kutya-jutalomfalat-5db/", "product_description": "Marha, bárány & baromfi ízesítésű kiegészítő állateledel felnőtt kutyák számára. Mesterséges színezékek és ízfokozók nélkül. Összetevők: hús és állati származékok (40%, ebből 11% baromfi, 22% marha és 5% bárány), növényi eredetű származékok, válogatott gabonafélék, ásványi anyagok, különféle cukrok, olajok és zsírok. Analitikai összetevők (%): fehérje: 28, zsírtartalom: 12, szervetlen anyag: 8, nyersrost: 3, nedvességtartalom: 19, kalcium: 1; Omega-6 zsírsavak: 12028 mg/kg. Adalékanyagok/kg: A-vitamin: 2288 NE, E-vitamin: 22,9 mg, vas (vas(II)-szulfát, monohidrát): 13,7 mg; antioxidánsok. Etetési útmutató: – kistestű kutyáknak (5-9 kg), max. 1 darab naponta – közepes testű kutyáknak (10-24 kg), max. 2 darab naponta – nagytestű kutyáknak (25 kg felett), max. 4 darab naponta A napi etetési mennyiség kialakításakor, kérjük, vegye figyelembe a jutalomfalat mennyiségét is. Ne feledkezzen meg friss ivóvizet biztosítani kedvence számára. Felbontás után 14 napon belül felhasználandó. Száraz, hűvös helyen tárolandó. A balesetek elkerülése érdekében a csomagolóanyagot tartsa távol csecsemőktől, kisgyermekektől és háziállatoktól. Tovább olvasok"}
{"breadcrumb": "Főoldal/Kutya/Eledelek/Száraz eledelek/Pedigree Small adult száraz kutyaeledel baromfi&zöldség 2kg", "product_name": "Pedigree Small adult száraz kutyaeledel baromfi&zöldség 2kgPedigree Small adult száraz kutyaeledel baromfi&zöldség 2kg", "brand": "PedigreeFelnőttszárnyas", "regular_price": "3 799", "selling_price": "3 299", "price_per_unit": "1 kg=1850 Ft", "product_url": "https://webshop.fressnapf.hu/termekek/pedigree-small-adult-szaraz-kutyaeledel-baromfizoldseg-2kg/", "product_description": "A Pedigree teljes értékű és kiegyensúlyozott, különösen ízletes és tápláló mindennapos száraz kutyaeledel kistestű kutyák számára. Az apróbb méretének és finom ízesítésének köszönhetően még a válogatósabb kutyusok is könnyen és élvezettel rágcsálják. A Waltham kisállat-táplálkozási kutatóközpont táplálkozástani szakemberei és állatorvosai segítségével kifejlesztett Pedigree Small Dogs száraz kutyaeledel rendelkezik minden alapvető tápanyaggal, amely támogatja az optimális emésztést, az egészséges bőrt és szőrzetet, erősíti a természetes ellenállóképességet immunrendszert és a védi a fogakat. A kistermetű kutyusok igényeinek megfelelően támogatja az egészséges ízületeket, a húgyutakat és az egészséges testsúlyt. Az ételdarabkák különleges állaga segíti a felnőtt kutyák fogainak a tisztítását és támogatja a fogak védelmét, ezért ideális kiegészítője a mindennapos fogápolásnak. Szájápolás: Szemcséinknek speciálisan kialakított textúrája és egy speciális aktív összetevője, segít a fogaik tisztításában. Egészséges bőr és szőrzet: Válogatott B-vitaminokkal és cinkkel, hogy a lehető legjobban nézzen ki, és úgy is érezze magát. Egészséges emésztés: Természetes rostokat, prebiotikumokat és kiváló minőségű fehérjét tartalmaznak, melyek támogatják az egészséges emésztő rendszert. Immunrendszer támogatása: E-vitamint tartalmaznak, amely támogatja kutyája természetes védekezőképességet Összetétel: válogatott gabonafélék*, hús és állati származékok (ebből baromfi 4%), olajok és zsírok, növényi eredetű származékok (ebből szárított répapép 3%*), ásványi anyagok (ebből nátrium-tripolifoszfát 0.4%), zöldségek* (ebből szárított borsó és sárgarépa keveréke 0.7%, ami borsó és sárgarépa keverékével egyenértékű 4%), élesztő (ebből sörélesztő 0.4%). *Természetes összetevők. Adalékanyagok/kg: Antioxidánsok; Tápértékkel rendelkező adalékanyagok: B₁-vitamin:6.2mg, B₂-vitamin:10.7mg, D₃-vitamin:1500NE, E-vitamin:100mg, Biotin:0.15mg, Réz (Réz(II)-szulfát-pentahidrát):3.6mg, Jód (Kálium-jód):0.90mg, Mangán (Mangán-szulfát, monohidrát):18.0mg, Szelén (Nátrium-szelenit):0.28mg, Cink (Cink-szulfát, monohidrát):51.0mg. Analitikai összetevők (%):fehérje:20.0;zsírtartalom:9.1;szervetlen anyag:7.0;nyers rost:2.5. Tovább olvasok"}
{"breadcrumb": "Főoldal/Kutya/Eledelek/Száraz eledelek/Pedigree Small adult száraz kutyaeledel marha&zöldség 12kg", "product_name": "Pedigree Small adult száraz kutyaeledel marha&zöldség 12kgPedigree Small adult száraz kutyaeledel marha&zöldség 12kg", "brand": "Pedigree10,1 – 12kgFelnőttmarha&borjúkistestű 10kg-ig", "regular_price": "9 999", "selling_price": "8 999", "price_per_unit": "1 kg=1333 Ft", "product_url": "https://webshop.fressnapf.hu/termekek/pedigree-small-adult-szaraz-kutyaeledel-marhazoldseg-12kg/", "product_description": "A Pedigree-nél hiszünk abban, hogy a kutyák jót tesznek velünk. Csodálatos ártatlanságukkal minden nap előcsalogatják a bennünk rejlő jót. A Pedigree az ízletes és egészséges kutyaeledelek és jutalomfalatkák teljes kínálatát nyújtja, amely mindent megad a kutyáknak, biztosítva a kitörő életörömükhöz nélkülözhetetlen energiaellátást. Így a gazdik táplálékkal hálálhatják meg kutyájuk jóságát nap mint nap. A széles választékú, teljesértékű, ízletes és kiegyensúlyozott kutyaeledelekkel a Pedigree mindent megad, ami csak kell a kutyák boldogulásához. Ételeket, amelyek annyira ízletesek, hogy a kutyák alig győzik csóválni a farkukat és szemmel láthatóan gyarapodnak tőlük. A Pedigree teljes értékű és kiegyensúlyozott, különösen ízletes és tápláló mindennapos száraz kutyaeledel kistestű kutyák számára. Az apróbb méretének és finom ízesítésének köszönhetően még a válogatósabb kutyusok is könnyen és élvezettel rágcsálják. A Waltham kisállat-táplálkozási kutatóközpont táplálkozástani szakemberei és állatorvosai segítségével kifejlesztett Pedigree Small Dogs száraz kutyaeledel rendelkezik minden alapvető tápanyaggal, amely támogatja az optimális emésztést, az egészséges bőrt és szőrzetet, erősíti a természetes ellenállóképességet immunrendszert és a védi a fogakat. A kistermetű kutyusok igényeinek megfelelően támogatja az egészséges ízületeket, a húgyutakat és az egészséges testsúlyt. Az ételdarabkák különleges állaga segíti a felnőtt kutyák fogainak a tisztítását és támogatja a fogak védelmét, ezért ideális kiegészítője a mindennapos fogápolásnak. Szájápolás: Szemcséinknek speciálisan kialakított textúrája és egy speciális aktív összetevője, segít a fogaik tisztításában. Egészséges bőr és szőrzet: Válogatott B-vitaminokkal és cinkkel, hogy a lehető legjobban nézzen ki, és úgy is érezze magát. Egészséges emésztés: Természetes rostokat, prebiotikumokat és kiváló minőségű fehérjét tartalmaznak, melyek támogatják az egészséges emésztő rendszert. Immunrendszer támogatása: E-vitamint tartalmaznak, amely támogatja kutyája természetes védekezőképességet Összetétel: válogatott gabonafélék*, hús és állati származékok (ebből marha 4%), olajok és zsírok, növényi eredetű származékok (ebből szárított répapép 3%*), ásványi anyagok (ebből nátrium-tripolifoszfát 0.4%), zöldségek* (ebből szárított borsó és sárgarépa keveréke 0.7%, ami borsó és sárgarépa keverékével egyenértékű 4%), élesztő (ebből sörélesztő 0.4%). *Természetes összetevők. Adalékanyagok/kg: Antioxidánsok; Tápértékkel rendelkező adalékanyagok: B₁-vitamin:6.2mg, B₂-vitamin:10.7mg, D₃-vitamin:1500NE, E-vitamin:100mg, Biotin:0.15mg, Réz (Réz(II)-szulfát-pentahidrát):3.6mg, Jód (Kálium-jód):0.90mg, Mangán (Mangán-szulfát, monohidrát):18.0mg, Szelén (Nátrium-szelenit):0.28mg, Cink (Cink-szulfát, monohidrát):51.0mg. Analitikai összetevők (%):fehérje:20.0;zsírtartalom:9.2;szervetlen anyag:7.0;nyers rost:2.4 Tovább olvasok"}
{"breadcrumb": "Főoldal/Kutya/Eledelek/Száraz eledelek/Pedigree Small junior száraz kutyaeledel baromfi&zöldség 1,4kg", "product_name": "Pedigree Small junior száraz kutyaeledel baromfi&zöldség 1,4kgPedigree Small junior száraz kutyaeledel baromfi&zöldség 1,4kg", "brand": "PedigreeKölyökszárnyas", "regular_price": "9 999", "selling_price": "8 999", "price_per_unit": "1 kg=1928 Ft", "product_url": "https://webshop.fressnapf.hu/termekek/pedigree-small-junior-szaraz-kutyaeledel-baromfizoldseg-14kg/", "product_description": "A Pedigree Puppy teljes értékű és kiegyensúlyozott, ízletes és tápláló száraz kölyökkutya-eledel mindennapi fogyasztásra. A Waltham kisállat-táplálkozási kutatóközpont táplálkozástani szakemberei és állatorvosai segítségével kifejlesztett Pedigree száraz kölyökkutya-eledel rendelkezik minden alapvető tápanyaggal, amely támogatja az optimális életkezdést, fogvédelmet, könnyű emésztést, egészséges bőrt és szőrzetet, a természetes ellenállóképességet immunrendszert. Az optimális kálcium- és foszfortartalmának, valamint a különleges állagának köszönhetően, a Pedigree Vital Protection Puppy szárazeledel nagyszerűen támogatja az egészséges fog- és csontfejlődést. Nem tartalmaz mesterséges színezőanyagot. Szájápolás: Az eledel megfelelő mennyiségű kalciumot tartalmaz, hogy támogassa a fogak egészséges fejlődését. A szemcsék méretét kifejezetten a kölyökkutyák állkapcsához terveztük. Fejlődés és védelem: Az egészséges fejlődés biztosítása érdekében tartalmazza az összes nélkülözhetetlen ásványi anyagot és vitamint. Egészséges emésztés: Termékünk rostokat, prebiotikumokat és jól emészthető baromfit tartalmaz, hogy a fejlődő emésztő rendszerükben könnyen felszívódjon. Immunrendszer támogatása: E-vitamint tartalmaznak, amely támogatja a természetes védekezőképességet. Összetétel: válogatott gabonafélék**, hús és állati származékok (ebből baromfi 4%), olajok és zsírok, növényi eredetű származékok (ebből szárított répapép 3%**), ásványi anyagok, zöldségek** (ebből szárított borsó és sárgarépa keveréke 0.7%, ami borsó és sárgarépa keverékével egyenértékű 4%), élesztő (ebből sörélesztő 0.4%). **Természetes összetevők. Adalékanyagok/kg: Antioxidánsok; Tápértékkel rendelkező adalékanyagok: B₁-vitamin:3.6mg, B₂-vitamin:6.2mg, D₃-vitamin:1031NE, E-vitamin:100mg, Biotin:0.09mg, Réz (Réz(II)-szulfát-pentahidrát):5.1mg, Jód (Kálium-jód):1.3mg, Mangán (Mangán-szulfát, monohidrát):22.5mg, Szelén (Nátrium-szelenit):0.15mg, Cink (Cink-szulfát, monohidrát):63.8mg. Analitikai összetevők (%):fehérje:25.0;zsírtartalom:10.0;szervetlen anyag:7.0;nyers rost:2.4;kalcium:1.4;foszfor:0.91. Tovább olvasok"}
{"breadcrumb": "Főoldal/Kutya/Eledelek/Száraz eledelek/Pedigree száraz kutyaeledel adult marha&zöldség 3kg", "product_name": "Pedigree száraz kutyaeledel adult marha&zöldség 3kgPedigree száraz kutyaeledel adult marha&zöldség 3kg", "brand": "Pedigree1,1kg – 4kgFelnőttmarha&borjú", "regular_price": "3 699", "selling_price": "3 499", "price_per_unit": "1 kg=1533 Ft", "product_url": "https://webshop.fressnapf.hu/termekek/pedigree-szaraz-kutyaeledel-adult-marhazoldseg-3kg/", "product_description": "A Pedigree teljes értékű és kiegyensúlyozott száraz kutyaeledel mindennapi fogyasztásra. A Waltham kisállat-táplálkozási kutatóközpont táplálkozástani szakemberei és állatorvosai segítségével kifejlesztett Pedigree Száraz kutyaeledel rendelkezik minden alapvető tápanyaggal, amely támogatja az optimális emésztést, egészséges bőrt és szőrzetet, a természetes ellenállóképességet és a fogak védelmét. Az ételdarabkák különleges állaga segíti a felnőtt kutyák fogainak a tisztítását és támogatja a fogak védelmét, ezért ideális kiegészítője a mindennapos fogápolásnak. A Pedigree az ízletes és egészséges kutyaeledelek és jutalomfalatkák teljes kínálatát nyújtja, amely mindent megad a kutyáknak, biztosítva a kitörő életörömükhöz nélkülözhetetlen energiaellátást. Így a gazdik táplálékkal hálálhatják meg kutyájuk jóságát nap mint nap. A széles választékú, teljes értékű, ízletes és kiegyensúlyozott kutyaeledelekkel a Pedigree mindent megad, ami csak kell a kutyák boldogulásához. Ételeket, amelyek annyira ízletesek, hogy a kutyák alig győzik csóválni a farkukat és szemmel láthatóan gyarapodnak tőlük. Összetétel: válogatott gabonafélék*, hús és állati származékok (20%, 4% marha a barna szemcsékben**), olajok és zsírok (ebből napraforgóolaj 0.4%), növényi eredetű származékok (ebből szárított répapép 3%*), növényi fehérje kivonatok, zöldségek* (0.5% szárított sárgarépát tartalmaz (ami 4% sárgarépával egyenértékű) a narancssárga szemcsékben és 1% szárított borsót tartalmaz (ami 4% borsóval egyenértékű) a zöld szemcsékben**), ásványi anyagok. *Természetes összetevők. **Barna szemcsék megléte 80%-ban jellemző a termékben, a narancssárga és zöld szemcsék mindkettőjének megléte 10%-ban jellemző a termékben. Analitikai összetevők (%): fehérje: 21.1; zsírtartalom: 11.8; szervetlen anyag: 7.0; nyers rost: 2.9; kalcium: 1.4; foszfor: 0.86. Adalékanyagok/kg: Antioxidánsok, Színezék; D₃-vitamin: 1500 NE, E-vitamin: 100 mg, Réz (Réz(II)-szulfát-pentahidrát): 6.9 mg, Jód (Kálium-jód): 1.7 mg, Mangán (Mangán-szulfát, monohidrát): 31.5 mg, Szelén (Nátrium-szelenit): 0.30 mg, Cink (Cink-szulfát, monohidrát): 89.3 mg. Tovább olvasok"}
{"breadcrumb": "Főoldal/Kutya/Eledelek/Száraz eledelek/Pedigree száraz kutyaeledel adult szárnyas 900g", "product_name": "Pedigree száraz kutyaeledel adult szárnyas 900gPedigree száraz kutyaeledel adult szárnyas 900g", "brand": "PedigreeFelnőttszárnyas", "regular_price": "9 999", "selling_price": "8 999", "price_per_unit": "1 kg=2777 Ft", "product_url": "https://webshop.fressnapf.hu/termekek/pedigree-szaraz-kutyaeledel-adult-szarnyas-900g/", "product_description": "A Pedigree teljes értékű és kiegyensúlyozott száraz kutyaeledel mindennapi fogyasztásra. A Waltham kisállat-táplálkozási kutatóközpont táplálkozástani szakemberei és állatorvosai segítségével kifejlesztett Pedigree Száraz kutyaeledel rendelkezik minden alapvető tápanyaggal, amely támogatja az optimális emésztést, egészséges bőrt és szőrzetet, a természetes ellenállóképességet és a fogak védelmét. Az ételdarabkák különleges állaga segíti a felnőtt kutyák fogainak a tisztítását és támogatja a fogak védelmét, ezért ideális kiegészítője a mindennapos fogápolásnak. A Pedigree az ízletes és egészséges kutyaeledelek és jutalomfalatkák teljes kínálatát nyújtja, amely mindent megad a kutyáknak, biztosítva a kitörő életörömükhöz nélkülözhetetlen energiaellátást. Így a gazdik táplálékkal hálálhatják meg kutyájuk jóságát nap mint nap. A széles választékú, teljes értékű, ízletes és kiegyensúlyozott kutyaeledelekkel a Pedigree mindent megad, ami csak kell a kutyák boldogulásához. Ételeket, amelyek annyira ízletesek, hogy a kutyák alig győzik csóválni a farkukat és szemmel láthatóan gyarapodnak tőlük. Összetétel: hús és állati származékok (25%, ebből baromfi 14%, amiből friss baromfi 4%), válogatott gabonafélék*, növényi eredetű származékok (ebből szárított répapép 3%*), olajok és zsírok (ebből napraforgóolaj 1%), zöldségek* (ebből sárgarépa 4%), ásványi anyagok, különféle cukrok, tej és tejszármazékok, növényi fehérje kivonatok, hal és halszármazékok. *Természetes összetevők Analitikai összetevők (%): fehérje: 18.6; zsírtartalom: 17.5; szervetlen anyag: 8.0; nyers rost: 2.9; nedvességtartalom: 17.7; kalcium: 1.4; foszfor: 1.0. Adalékanyagok/kg: Antioxidánsok; Tápértékkel rendelkező adalékanyagok: D₃-vitamin: 1425 NE, E-vitamin: 103 mg, Réz (Réz(II)-szulfát-pentahidrát): 4.6 mg, Jód (Kálium-jód): 1.4 mg, Mangán (Mangán-szulfát, monohidrát): 48.9 mg, Szelén (Nátrium-szelenit): 0.34 mg, Cink (Cink-szulfát, monohidrát): 87.7 mg. Tovább olvasok"}
{"breadcrumb": "Főoldal/Kutya/Eledelek/Száraz eledelek/Pedigree száraz kutyaeledel mini junior csirke 500g", "product_name": "Pedigree száraz kutyaeledel mini junior csirke 500gPedigree száraz kutyaeledel mini junior csirke 500g", "brand": "Pedigree401g – 600gKölyökszárnyaskistestű 10kg-ig", "regular_price": "3 799", "selling_price": "3 299", "price_per_unit": "1 kg=2398 Ft", "product_url": "https://webshop.fressnapf.hu/termekek/pedigree-szaraz-kutyaeledel-mini-junior-csirke-500g/", "product_description": "A Pedigree teljes értékű és kiegyensúlyozott száraz kutyaeledel mindennapi fogyasztásra. A Waltham kisállat-táplálkozási kutatóközpont táplálkozástani szakemberei és állatorvosai segítségével kifejlesztett Pedigree Száraz kutyaeledel rendelkezik minden alapvető tápanyaggal, amely támogatja az optimális emésztést, egészséges bőrt és szőrzetet, a természetes ellenállóképességet és a fogak védelmét. Az ételdarabkák különleges állaga segíti a kölyök kutyák fogainak a tisztítását és támogatja a fogak védelmét, ezért ideális kiegészítője a mindennapos fogápolásnak. A Pedigree az ízletes és egészséges kutyaeledelek és jutalomfalatkák teljes kínálatát nyújtja, amely mindent megad a kutyáknak, biztosítva a kitörő életörömükhöz nélkülözhetetlen energiaellátást. Így a gazdik táplálékkal hálálhatják meg kutyájuk jóságát nap mint nap. A széles választékú, teljes értékű, ízletes és kiegyensúlyozott kutyaeledelekkel a Pedigree mindent megad, ami csak kell a kutyák boldogulásához. Ételeket, amelyek annyira ízletesek, hogy a kutyák alig győzik csóválni a farkukat és szemmel láthatóan gyarapodnak tőlük. Összetétel: válogatott gabonafélék* (ebből rizs 4%), hús és állati származékok (34%, ebből csirke 14%), olajok és zsírok (ebből napraforgóolaj 0.5%), növényi eredetű származékok*, ásványi anyagok. *Természetes összetevők. Analitikai összetevők (%): fehérje: 30.0; zsírtartalom: 18.0; szervetlen anyag: 6.5; nyers rost: 2.0; kalcium: 1.4; foszfor: 1.0. Adalékanyagok/kg: Antioxidánsok; Tápértékkel rendelkező adalékanyagok: D₃-vitamin: 1125 NE, E-vitamin: 100 NE, Réz (Réz(II)-szulfát-pentahidrát): 7.9 mg, Jód (Kálium-jód): 2.0 mg, Mangán (Mangán-szulfát, monohidrát): 27.0 mg, Szelén (Nátrium szelenit): 0.11 mg, Cink (Cink-szulfát, monohidrát): 76.0 mg. Tovább olvasok"}
{"breadcrumb": "Főoldal/Kutya/Eledelek/Száraz eledelek/Perfect Fit száraz kutyaeledel adult M/L 1,4kg", "product_name": "Perfect Fit száraz kutyaeledel adult M/L 1,4kgPerfect Fit száraz kutyaeledel adult M/L 1,4kg", "brand": "Perfect Fit1,1kg – 4kgFelnőtt", "regular_price": "3 799", "selling_price": "3 299", "price_per_unit": "1 kg=2499 Ft", "product_url": "https://webshop.fressnapf.hu/termekek/perfect-fit-szaraz-kutyaeledel-adult-m-l-14kg/", "product_description": "Megnövelt E-vitamin tartalommal, ami segít fenntartani a természetes védekezőképességet. A fogak tisztítása és az egészséges íny megőrzése érdekében fogkőképződést gátló hatóanyagot tartalmaz. Kiváló minőségű fehérjékkel készült, melyek támogatják az egészséges emésztést. A recepteket úgy alakították ki, hogy tartalmazzanak minden szükséges tápanyagot és energiát, egyúttal segítsék az ideális testsúly és jó kondíció kialakulását. Cinket, napraforgó olajat és természetes eredetű Omega 6 zsírsavakat tartalmaznak, melyek segítenek a kutya bőrének és bundájának táplálásában. Rostok keverékével készült, mely köztudottan elősegíti az optimális széklet minőségét. All Perfect Fit™ eledeleket a Waltham Kisállat Élelmezési Központ élelmezési szakértői és állatorvosai közreműködésével fejlesztették ki, hogy 100%-osan teljes, kiegyensúlyozott, fejlett táplálkozást biztosítsanak. Összetevők: Szárított baromfi fehérje (ebből 14% csirke), Búza, Kukorica, Rizs, Baromfizsír, Szárított marha protein, Szárított céklapép (3%), Ásványi anyagok (0,40% nátrium-tripolifoszfátot tartalmaz), Csirkemáj kivonat, Cellulóz (1%), Napraforgó olaj (0,40%), Cikória kivonat (0,15%) Analitikai összetevők (%): fehérje: 25,0, zsírtartalom: 14,3, szervetlen anyag: 9,0, nyers rost: 2,3 Adalékanyagok/kg: antioxidánsok Tápértékkel rendelkező adalékanyagok:  A-vitamin 11900 NE, D₃-vitamin: 1313 NE, E-vitamin: 1500 mg, Réz (Réz(II)-szulfát-pentahidrát): 4,2 mg, Jód (kálium-jód): 1,1 mg, Vas (Vas(II)-szulfát, monohidrát): 30,0 mg, Mangán (Mangán-szulfát, monohidrát): 36,0 mg, Szelén (Nátrium-szelenit): 0,23 mg, Cink (Cink-szulfát, monohidrát): 102 mg Tovább olvasok"}
{"breadcrumb": "Főoldal/Kutya/Eledelek/Száraz eledelek/Perfect Fit száraz kutyaeledel adult XS/S 1,4kg", "product_name": "Perfect Fit száraz kutyaeledel adult XS/S 1,4kgPerfect Fit száraz kutyaeledel adult XS/S 1,4kg", "brand": "Perfect Fit1,1kg – 4kgFelnőtt", "regular_price": "9 999", "selling_price": "8 999", "price_per_unit": "1 kg=2499 Ft", "product_url": "https://webshop.fressnapf.hu/termekek/perfect-fit-szaraz-kutyaeledel-adult-xs-s-14kg/", "product_description": "A PERFECT FIT™ eledelt arra tervezték, hogy kutyája fiatal lelkületét egész életén át megtartsa. A kisállat-élelmezési szakértőkkel és állatorvosokkal kifejlesztett PERFECT FIT™ az egyedülálló PERFECT FIT™ Total 5 formulájának köszönhetően 5 előnyt kínál a kutyák legáltalánosabb egészségügyi szükségleteinek a kielégítésére életkoruktól és életmódjuktól függetlenül. Valamennyi PERFECT FIT™ kutya szárazeledel receptet a WALTHAM Kisállat Élelmezési Központ élelmezési szakértői és állatorvosai közreműködésével fejlesztették ki, hogy 100%-osan teljes értékű, kiegyensúlyozott, fejlett táplálkozást biztosítsanak. Az egyedülálló PERFECT FIT™ Total 5 formula valamennyi kutya 5 legfőbb egészségi szükségletét elégíti ki: jó emésztés, megfelelő szájhigiénia, erős természetes immunrendszer, egészséges bőr és szőr és ideális súly és erőnlét. Nem tartalmaz hozzáadott mesterséges színezőanyagokat. Összetevők: Szárított baromfi fehérje (ebből 20% csirke), Kukorica, Búza, Baromfizsír, Máj kivonat, Szárított céklapép (3%), Borsófehérje, Nátriumklorid, Cikória kivonat (1%), Száraz egész tojás, Nátrium-tripolifoszfát (0,7%), Kolinklorid, Napraforgó olaj (0,4%), Káliumklorid Analitikai összetevők (%): Fehérje: 27, Zsírtartalom: 17, Szervetlen anyag: 7,7, Nyersrost: 2, Kalcium: 1,3, Foszfor: 1,1, Nátrium: 0,74, Vas: 11,7 mg/100 g Adalékanyagok/kg: Tápértékkel rendelkező adalékanyagok: A-vitamin: 12921 NE, B₁-vitamin: 7,3 mg, B₂-vitamin: 12,5 mg, B₆-vitamin: 3,3 mg, D₃-vitamin: 1425 NE, E-vitamin: 405 mg, Réz-szulfát pentahidrát: 19,2 mg, Mangán-szulfát monohidrát: 117 mg, Kálium-jodid: 1,6 mg, Nátrium-szelenit: 0,52 mg, Cink-szulfát monohidrát: 313 mg Tovább olvasok"}
{"breadcrumb": "Főoldal/Kutya/Eledelek/Táplálékkiegészítők&vitaminok/PET-PHOS Ca/P 1,3 csonterősítő tabletta 100db", "product_name": "PET-PHOS Ca/P 1,3 csonterősítő tabletta 100dbPET-PHOS Ca/P 1,3 csonterősítő tabletta 100db", "brand": "PET-PHOSFelnőtttablettacsonterősítő", "regular_price": "4999", "selling_price": "", "price_per_unit": "1 db=50 Ft", "product_url": "https://webshop.fressnapf.hu/termekek/pet-phos-ca-p-13-csonterosito-tabletta-100db/", "product_description": "Kiegészítő állateledel kutyák számára Felhasználási cél: Kiegészítő állateledel gyári felnőttkutya-eledelt fogyasztó növekedésben lévő kutyáknak, házi kosztot vagy gyári állateledelt fogyasztó vemhes kutyáknak, gyári felnőttkutya-eledelt fogyasztó szoptató kutyáknak, fokozott terhelésnek kitett egyedeknek. Analitikai összetétel: Nedvesség 4,7%, Nyersfehérje 25,5%, Nyersolajok és -zsírok 2%, Nyershamu 35%, Nyersrost 7,9%, Kalcium 9%, Foszfor 7%, Magnézium 0,8%. Összetétel: Élesztő és hasonló termékek, Dikalcium-foszfát, Feldolgozott állati fehérje (sertésmáj), Magnézium-oxid, Zsírsavak mono-, di- és trigliceridjei (sztearinsav és palmitinsav). Adalékanyagok: Antioxidánsok: E310 Propilgallát 34 mg/kg, E320 Butil-hidroxi-anizol (BHA) 103 mg/kg, E321 Butil-hidroxitoluol (BHT) 72 mg/kg. Vitaminok, provitaminok és olyan kémiailag jól meghatározott anyagok, amelyeknek hasonló hatása van: E672 A-vitamin 1 000 000 NE/kg, E671 D3-vitamin (kolekalciferol) 5000 NE/kg, 3a700 E-vitamin 1 250 NE/kg, B1-vitamin 750 mg/kg, B2-vitamin 750 mg/kg, Kalcium-D-pantotenát (B5-vitamin) 5 000 mg/kg, B6-vitamin100 mg/kg, Folsav 40 mg/kg, B12-vitamin150 μg/kg, C-vitamin10 000 mg/kg, Biotin (H-vitamin) 50 mg/kg, Nikotinsav (PP-vitamin) 7 500 mg/kg, Kolin-klorid 3 000 mg/kg. Nyomelemek vegyületei: E1 Vas (vas-szulfát-monohidrát) 945 mg/kg, E2 Jód (kalcium-jodát) 110 mg/kg, E4 Réz (rézszulfát-pentahidrát) 200 mg/kg, E5 Mangán (mangán-oxid) 80 mg/kg, E6 Cink (cink-szulfát-monohidrát) 90 mg/kg. Aminosavak, sóik és analógjaik: 3c3.6.1 L-arginin-hidroklorid 2 000 mg/kg, 3.2.3 Lizin-hidroklorid 2 000 mg/kg. Felhasználási útmutató: Az ízesített tablettát az állatok közvetlenül is szívesen fogyasztják, de eleségükbe is bekeverhető. Javasolt napi adag: Kölyköknek 2 tabletta / 5 ttkg (gyári felnőttkutya-eledel), vemhes kutyáknak 1 tabletta (gyári felnőttkutya-eledel) vagy 2 tabletta (házi koszt) / 7 ttkg, szoptató anyakutyáknak 2 tabletta / 5 ttkg (gyári felnőtt kutyaeledel), roborálás céljából kifejlett kutyáknak 1 tabletta / 10 ttkg. Javasolt havonta 7-14 napon át adni. Figyelmeztetések: Gyermekek elől elzárva tartandó! Állatok elől elzárva tartandó! Az ajánlottnál több tabletta bevétele hirtelen megnövelheti a szervezet kalciumszintjét. Tulajdonságok: Az A-, a D3- és a PP-vitamin, a kalcium, a foszfor, a magnézium, a jód és a mangán elengedhetetlenek a növekedéshez és a csontosodáshoz. A B-, PP- és a B5-vitamin, valamint a lizin az energiaháztartásban és a fehérjeszintézisben játszik szerepet. Az arginin és a kolin támogatja a májműködést a növekedés és a vemhesség időszakában, valamint betegségből való lábadozás vagy fokozott igénybevétel során. Az A-vitamin, a biotin, a cink, a linolénsav a bőr és a szőr egészségéhez szükséges. A termékkel bevitt 1,3-es kalcium-foszfor arány biztosítja a növekedésben levő kutyák kiegyensúlyozott ásványianyag ellátását, de megfelel a kifejlett kutyák ásványianyag igényeinek is. Tovább olvasok"}
{"breadcrumb": "Főoldal/Kutya/Eledelek/Táplálékkiegészítők&vitaminok/PET-PHOS Ca/P 1,3 csonterősítő tabletta kutyának 100db", "product_name": "PET-PHOS Ca/P 1,3 csonterősítő tabletta kutyának 100dbPET-PHOS Ca/P 1,3 csonterősítő tabletta kutyának 100db", "brand": "Pet PartnerFelnőttcsonterősítőtabletta", "regular_price": "4999", "selling_price": "", "price_per_unit": "1 db=50 Ft", "product_url": "https://webshop.fressnapf.hu/termekek/pet-phos-ca-p-13-csonterosito-tabletta-kutyanak-100db/", "product_description": "Pet Phos® Growth Ca/P=1,3 Dog ízesített tabletta egy kalcium tartalmú táplálékkiegészítő készítmény kutyák részére erős igénybevétel, növekedés, vemhesség vagy szoptatás időszakában. Felhasználási cél: Kiegészítő állateledel felnőttkutya-eledelt fogyasztó növekedésben lévő kutyáknak, házi kosztot vagy állateledelt fogyasztó vemhes kutyáknak, felnőttkutya-eledelt fogyasztó szoptató kutyáknak, fokozott terhelésnek kitett egyedeknek. Összetétel: Élesztő és hasonló termékek, Dikalcium-foszfát, Feldolgozott állati fehérje (sertésmáj), Magnézium-oxid, Zsírsavak mono-, di- és trigliceridjei (sztearinsav és palmitinsav). Analitikai összetétel: Nedvesség 4,7%, Nyersfehérje 25,5%, Nyersolajok és – zsírok 2%, Nyershamu 35%, Nyersrost 7,9%, Kalcium 9%, Foszfor 7%, Magnézium 0,8%. Felhasználási útmutató: Az ízesített tablettát az állatok közvetlenül is szívesen fogyasztják, de eleségükbe is bekeverhető. Javasolt napi adag: Kölyköknek 2 tabletta / 5 ttkg (felnőttkutya-eledel), Vemhes kutyáknak 1 tabletta (felnőttkutya-eledel) vagy 2 tabletta (házi koszt) / 7 ttkg, Szoptató anyakutyáknak 2 tabletta / 5 ttkg (felnőttkutya- eledel), Felnőtt kutyáknak 1 tabletta 10 kg-onként 7-14 napos kezelésben, melyet havonta meg lehet ismételni. Tovább olvasok"}
{"breadcrumb": "Főoldal/Kutya/Eledelek/Táplálékkiegészítők&vitaminok/PET-PHOS Ca/P 2 csonterősítő tabletta 100db", "product_name": "PET-PHOS Ca/P 2 csonterősítő tabletta 100dbPET-PHOS Ca/P 2 csonterősítő tabletta 100db", "brand": "PET-PHOSFelnőtttablettacsonterősítő", "regular_price": "5799", "selling_price": "", "price_per_unit": "1 db=58 Ft", "product_url": "https://webshop.fressnapf.hu/termekek/pet-phos-ca-p-2-csonterosito-tabletta-100db/", "product_description": "Kiegészítő állateledel kutyák számára Felhasználási cél: Kiegészítő állateledel házi kosztot fogyasztó növekedésben lévő kutyáknak, vemhes és szoptató anyakutyáknak, valamint gyári felnőttkutya-eledelt fogyasztó nagytestű növendék és szoptató kutyáknak. Analitikai összetétel: Nedvesség 5%, Nyersfehérje 21%, Nyersolajok és -zsírok 3%, Nyershamu 46%, Kalcium 15,5%, Foszfor 7,6%, Magnézium 0,14%. Összetétel: Dikalcium-foszfát, Élesztő és hasonló termékek, Kalcium-karbonát, Feldolgozott állati fehérje (sertésmáj), Zsírsavak mono-, di- és trigliceridjei (sztearinsav és palmitinsav), Magnézium-oxid, Nyers-lecitinek. Adalékanyagok: Antioxidánsok: E310 Propil-gallát 37 mg/kg, E320 Butil-hidroxi-anizol (BHA) 113 mg/kg, E321 Butilhidroxi-toluol (BHT) 16 mg/kg. Vitaminok, provitaminok és olyan kémiailag jól meghatározott anyagok, amelyeknek hasonló hatása van: E672 A-vitamin 200 000 NE/kg, E671 D3-vitamin (kolekalciferol) 21 000 NE/kg, 3a700 E-vitamin 1250 NE/kg, B1-vitamin 150 mg/kg, B2-vitamin150 mg/kg, Kalcium-D-pantotenát B5-vitamin) 1000 mg/kg, B6-vitamin 20 mg/kg, B12-vitamin 30 µg/kg, C-vitamin 2000 mg/kg, Biotin (H-vitamin) 10 mg/kg, Nikotinsav (PP-vitamin) 1500 mg/kg, Folsav 8 mg/kg, Kolin-klorid 600 mg/kg. Nyomelemek vegyületei: E1 Vas (vas-szulfátmonohidrát) 200 mg/kg, E2 Jód (kalcium-jodát) 25 mg/kg, E4 Réz (réz-szulfát-pentahidrát) 50 mg/kg, E5 Mangán (mangán-oxid) 18 mg/kg, E6 Cink (cink-szulfát-monohidrát) 20 mg/kg. Aminosavak, sóik és analógjaik: 3c3.6.1 L-arginin-hidroklorid 400 mg/kg, 3.2.3 Lizin-hidroklorid 400 mg/kg. Felhasználási útmutató: Az ízesített tablettát az állatok közvetlenül is szívesen fogyasztják, de eleségükbe is bekeverhető. Javasolt napi adag: Kölyköknek 2 tabletta / 5 ttkg (gyári felnőttkutya-eledel), vemhes kutyáknak 1 tabletta (gyári felnőttkutya-eledel) vagy 2 tabletta (házi koszt) / 7 ttkg, szoptató anyakutyáknak 2 tabletta / 5 ttkg (gyári felnőttkutya- eledel), roborálás céljából kifejlett kutyáknak 1 tabletta / 10 ttkg. Javasolt havonta 7-14 napon át adni. Tulajdonságok: Az A-, a D3- és a PP-vitamin, a kalcium, a foszfor, a magnézium, a jód és a mangán elengedhetetlenek a növekedéshez és a csontosodáshoz. A B-, PP- és a B5-vitamin, valamint a lizin az energiaháztartásban és a fehérjeszintézisben játszik szerepet. Az arginin és a kolin támogatják a májműködést a növekedés és a vemhesség időszakában. Az A-vitamin, a biotin, a cink, a linolénsav a bőr és a szőr egészségéhez szükséges. A termékben megvalósult kettes Ca/P arányt kifejezetten a házi kosztot fogyasztó, növekedésben lévő kutyák és szoptató anyakutyák számára fejlesztették ki. Tovább olvasok"}
{"breadcrumb": "Főoldal/Kutya/Eledelek/Táplálékkiegészítők&vitaminok/PET-PHOS szőrkondicionáló tabletta 50db", "product_name": "PET-PHOS szőrkondicionáló tabletta 50dbPET-PHOS szőrkondicionáló tabletta 50db", "brand": "PET-PHOSFelnőtttablettabőr&szőr ápoló", "regular_price": "6499", "selling_price": "", "price_per_unit": "1 db=130 Ft", "product_url": "https://webshop.fressnapf.hu/termekek/pet-phos-szorkondicionalo-tabletta-50db/", "product_description": "Kiegészítő állateledel különleges táplálkozási célra, kutyák számára Felhasználási cél: Bőrfunkciók erősítése dermatózis és erős szőrhullás esetén. Használata szőr- és bőrelváltozások (pl. szőrhullás) esetén, illetve kiállításra való felkészítéskor javasolt. Analitikai összetétel: Nedvesség 4%, Nyersfehérje 26,8%, Nyersolajok és -zsírok 13,1% (Linolsav (omega-6) 6,1%, Linolénsav (omega-3) 0,5%, Olajsav (omega-9) 2,6%, Sztearinsav 0,7%), Nyershamu 33,5%, Kalcium 8,3%, Foszfor 7,3%. Összetétel: Dikalcium-foszfát, Élesztő és hasonló termékek, Feldolgozott állati fehérje (sertésmáj), Nyers-lecitinek. Adalékanyagok: Antioxidánsok: E310 Propil-gallát 70 mg/kg, E320 Butil-hidroxi-anizol (BHA) 216 mg/kg, E321 Butil-hidroxi-toluol (BHT) 112 mg/kg. Vitaminok, provitaminok és olyan kémiailag jól meghatározott anyagok, amelyeknek hasonló hatása van: E672 A-vitamin 520 000 NE/kg, 3a 700 E-vitamin 9 590 NE/kg, B2- vitamin 520 mg/kg, Kalcium-Dpantotenát (B5-vitamin) 4 800 mg/kg, B6-vitamin 260 mg/kg, 3a 314 Nikotinsav (PP-vitamin) 5 230 mg/kg, Biotin (H-vitamin) 220 mg/kg. Nyomelemek vegyületei: E4 Réz (réz-szulfát-pentahidrát) 50 mg/kg, E6 Cink (cink-szulfát-monohidrát) 5 300 mg/kg, E2 Jód (kalcium-jodát) 110 mg/kg. Felhasználási útmutató: Az ízesített tablettát az állatok közvetlenül is szívesen fogyasztják, de eleségükbe is bekeverhető. A 10 kg-nál kisebb kutyáknak naponta 1 tabletta, a 10 kg-nál nehezebb kutyáknak 1 tabletta / 10 ttkg a javasolt adag. Havonta 10-20 napon át javasolt adni. Kiállítás előtti 3 hét alatt folyamatosan adható. Legfeljebb 2 hónapig adható folyamatosan. Figyelmeztetés: Gyermekek elől elzárva tartandó! Alkalmazás előtt állatorvosi vélemény kikérése javasolt. Ügyeljen arra, hogy ne hagyja a terméket a kutya által elérhető helyen. Tulajdonságok: A telítetlen zsírsavak elengedhetetlenek a kutyák számára. Különösen a linolénsavra van nagy szükség; hiányában a szőr fénytelenné, a bőr szárazzá válik. Az A vitamin a hámréteg megújulásához nélkülözhetetlen. Az E-vitamin biztosítja a sejtmembrán épségét, valamint biztosítja a telítetlen zsírsavak hatékonyságát azáltal, hogy védi azokat az oxidációtól. A B-vitaminok javítják a szőrnövekedést és a bőrtakaró szerkezetét (B2-vitamin), seborrhoea ellenes hatásúak (B6- és B5-vitamin) és biztosítják a bőr védelmét (B2-, B5-, B6- és PP-vitamin). A H-vitamin nélkülözhetetlen a szőrnövekedés és a bőr egyensúlya szempontjából. A cink, a jód és a réz nyomelemek a keratin szintéziséhez, így a bőr szerkezetének és a megfelelő minőségű (fényes, tömött, telt színű) szőrzet kialakulásához szükségesek. Tovább olvasok"}
{"breadcrumb": "Főoldal/Kutya/Eledelek/Táplálékkiegészítők&vitaminok/PetBalance kutya ízület védelem pellet 1350g", "product_name": "PetBalance kutya ízület védelem pellet 1350gPetBalance kutya ízület védelem pellet 1350g", "brand": "PetBalanceFelnőttpelletízület védelem", "regular_price": "16999", "selling_price": "", "price_per_unit": "1 kg=12592 Ft", "product_url": "https://webshop.fressnapf.hu/termekek/petbalance-izuletvedo-pellet-kutyaknak-1350g/", "product_description": "Zöldkagylóval és zselatinnal az ízületi funkciók és a szalagok támogatása érdekében Egyszerűen használható PetBalance Support – optimalizálás és gondozás. A PetBalance Support Pellets ízületvédő táplálékkiegészítőben található, a zöldkagyló húsából származó glükózamin-glikánok zselatinhidrozáttal kombinálva pozitív hatást gyakorolnak többek között a porcszövet és az ízületi folyadék képződésére, valamint az ízületek és szalagok erősítésére. Az ördögcsáklya támogatja az ízületek egészségét. A hozzáadott C-vitamin továbbá erősíti a szervezet védekezőképességét. Kiegészítő eledel kutyáknak 6 hónapos kortól, bővebb információk a következő címen kérhetők: webshop@fressnapf.hu Analitikai összetevők 26% fehérje, 7% zsírtartalom, 14% nyershamu, 2,5% nyersrost, 1,9% kalcium, 0,26% foszfor Összetétel kukorica, zöldkagylópor (25%), tengeri alga, hidrolizált zselatin (5%), malátapor, kovaföld, szőlőmagolaj, hidrolizált halfehérje, ördögcsáklya (2%), Csalánfű, zsurló Adalékanyag/kg Táplálkozásfiziológiai adalékanyagok: 7000 mg C-vitamin (aszkorbil-monofoszfát, kalcium-nátrium só) Táplálási javaslat 1 teáskanál = kb. 5 g. Adja naponta étkezés közben vagy snackként, lásd a táblázatot. A kutya súlya Napi adagolás 5 kg 0,25 teáskanál 10 kg 0,5 teáskanál 20 kg 1 teáskanál 30-70 kg 2 teáskanál > 70kg 4 teáskanál Tovább olvasok"}
{"breadcrumb": "Főoldal/Kutya/Eledelek/Táplálékkiegészítők&vitaminok/PetBalance kutya ízület védelem por 1,2kg", "product_name": "PetBalance kutya ízület védelem por 1,2kgPetBalance kutya ízület védelem por 1,2kg", "brand": "PetBalanceFelnőttporízület védelem", "regular_price": "14999", "selling_price": "", "price_per_unit": "1 kg=12499 Ft", "product_url": "https://webshop.fressnapf.hu/termekek/petbalance-gelenk-power-kutyak-szamara-1200g/", "product_description": "zöldkagylóval és zselatinnal az ízületi funkciók és a szalagok támogatása érdekében Egyszerűen használható PetBalance Support – optimalizálás és gondozás. A PetBalance Support ízületvédő porban található, a zöldkagyló húsából származó glükózamin-glikánok zselatinhidrozáttal kombinálva pozitív hatást gyakorolnak többek között a porcszövet és az ízületi folyadék képződésére, valamint az ízületek és szalagok erősítésére. Az ördögcsáklya támogatja az ízületek egészségét. A hozzáadott élesztő béta-glükánok szintén segítséget nyújtanak a szervezet védekezőképességének erősítésében. Kiegészítő eledel kutyáknak 12 hetes kortól, bővebb információk a következő címen kérhetők: webshop@fressnapf.hu Analitikai összetevők 52% fehérje, 1,95% zsírtartalom, 10,5% nyershamu, 1,65% nyersrost Összetétel hidrolizált zselatin (27%), zöldkagylópor (20%), élesztők, tengeri algaliszt, malátapor, hidrolizált halfehérje, ördögcsáklya (2%), Kovaföld, élesztő béta-glükán (0,02%) Adalékanyag/kg Táplálkozásfiziológiai adalékanyagok: 200 000 NE A-vitamin, 8000 NE D3-vitamin. Táplálási javaslat 1 teáskanál = kb. 5 g. Naponta adagolja az eledelhez, lásd a táblázatot. Ha szükséges, nedvesítse meg egy kicsit a száraz eledelt, hogy a por jobban megtapadjon. A napi adag felét adja 2-3 napig, hogy az állat hozzászokjon a termékhez. Fiatal kutyáknak (< 1 év) fél adagot adjon. A magasabb D-vitamin-tartalom miatt csak 270 g/állat/nap mennyiségig adható. A kutya súlya Napi adagolás < 10kg 0,5 teáskanál 11-20 kg 1-1,5 teáskanál 21-30 kg 2 teáskanál > 30kg 2-3 teáskanál Tovább olvasok"}
{"breadcrumb": "Főoldal/Kutya/Eledelek/Táplálékkiegészítők&vitaminok/PetBalance kutya ízület védelem por 600g", "product_name": "PetBalance kutya ízület védelem por 600gPetBalance kutya ízület védelem por 600g", "brand": "PetBalanceFelnőttporízület védelem", "regular_price": "9499", "selling_price": "", "price_per_unit": "1 kg=15832 Ft", "product_url": "https://webshop.fressnapf.hu/termekek/petbalance-gelenk-power-kutyak-szamara-600g/", "product_description": "zöldkagylóval és zselatinnal az ízületi funkciók és a szalagok támogatása érdekében Egyszerűen használható PetBalance Support – optimalizálás és gondozás. A PetBalance Support ízületvédő porban található, a zöldkagyló húsából származó glükózamin-glikánok zselatinhidrozáttal kombinálva pozitív hatást gyakorolnak többek között a porcszövet és az ízületi folyadék képződésére, valamint az ízületek és szalagok erősítésére. Az ördögcsáklya támogatja az ízületek egészségét. A hozzáadott élesztő béta-glükánok szintén segítséget nyújtanak a szervezet védekezőképességének erősítésében. Kiegészítő eledel kutyáknak 12 hetes kortól, bővebb információk a következő címen kérhetők: webshop@fressnapf.hu Analitikai összetevők 52% fehérje, 1,95% zsírtartalom, 10,5% nyershamu, 1,65% nyersrost Összetétel hidrolizált zselatin (27%), zöldkagylópor (20%), élesztők, tengeri algaliszt, malátapor, hidrolizált halfehérje, ördögcsáklya (2%), Kovaföld, élesztő béta-glükán (0,02%) Adalékanyag/kg Táplálkozásfiziológiai adalékanyagok: 200 000 NE A-vitamin, 8000 NE D3-vitamin. Táplálási javaslat 1 teáskanál = kb. 5 g. Naponta adagolja az eledelhez, lásd a táblázatot. Ha szükséges, nedvesítse meg egy kicsit a száraz eledelt, hogy a por jobban megtapadjon. A napi adag felét adja 2-3 napig, hogy az állat hozzászokjon a termékhez. Fiatal kutyáknak (< 1 év) fél adagot adjon. A magasabb D-vitamin-tartalom miatt csak 270 g/állat/nap mennyiségig adható. A kutya súlya Napi adagolás < 10kg 0,5 teáskanál 11-20 kg 1-1,5 teáskanál 21-30 kg 2 teáskanál > 30kg 2-3 teáskanál Tovább olvasok"}
{"breadcrumb": "Főoldal/Kutya/Eledelek/Táplálékkiegészítők&vitaminok/PetBalance kutya ízület védelem tabletta 120g", "product_name": "PetBalance kutya ízület védelem tabletta 120gPetBalance kutya ízület védelem tabletta 120g", "brand": "PetBalanceFelnőtttablettaízület védelem", "regular_price": "5999", "selling_price": "", "price_per_unit": "1 kg=49992 Ft", "product_url": "https://webshop.fressnapf.hu/termekek/petbalance-izuletvedo-tabletta-kutyaknak-125g/", "product_description": "Az ellenálló mozgásszervekért Étrend-kiegészítő eledel az ízületek és szalagok számára A terhelhető mozgásszervek támogatása Támogassa kutyája egészséges ízületeit és szalagjait a PetBalance Joint Power tablettáival. Erős ízületekkel és szalagokkal kutyája sokáig aktív marad. A gyenge izmok és szalagok mellett a kutyák mozgékonyságát gyakran a porctömeg hiánya is veszélyezteti, ami az ízületek gyors kopásához és elhasználódásához vezet.  A PetBalance Power ízületvédő tabletta megfelelő támogatást nyújt a terhelhető és megerősített mozgásszervek számára. A táplálékkiegészítő aktiválja a kutya ízületi folyadékának és porctömegének képződését. A Power ízületvédő tabletták többek között zselatin-hidrolizátumot tartalmaznak, amely segíti a mozgásszervek erősítését. A kutyáknak szánt táplálékkiegészítővel kapcsolatos információkat az webshop@fressnapf.hu címen kérhet. Analitikai összetevők 55% fehérje, 6% zsírtartalom, 1,2% nyersrost, 5,5% nyershamu, 1,5% kalcium, 1,1% foszfor, 0,3% nátrium. Összetétel hús és állati eredetű melléktermékek (43,5% zselatin hidrolizátum), Élesztők, ásványi anyagok, növényi melléktermékek. Adalékanyag/kg Táplálkozásfiziológiai adalékanyagok: 60 000 NE A-vitamin, 5000 NE D3-vitamin, 500 mg E-vitamin (alfa-tokoferol-acetát), 500 mg B1-vitamin, 200 mg B2-vitamin, 200 mcg B6-vitamin, 200 000 mcg biotin, 2000 mg aszkorbinsav. Nyomelemek: 159 mg vas (vas(II)-szulfát, monohidrát), 64 mg mangán (mangán(II)-szulfát, monohidrát), 27 mg cink (cink-szulfát, monohidrát), 1,4 mg jód (kalcium-jodát, vízmentes). Táplálási javaslat Az ételhez adagolható vagy külön jutalomfalatként adható. Adagolás/nap: 3 tabletta/10 kg testsúly. A teljes értékű eledelekhez képest megnövelt D3-vitamin-tartalom miatt ez a kutyáknak szánt kiegészítő eledel naponta csak az ajánlott napi adag négyszereséig adható. Tovább olvasok"}
{"breadcrumb": "Főoldal/Kutya/Eledelek/Táplálékkiegészítők&vitaminok/PetBalance kutya lazacolaj folyadék 250ml", "product_name": "PetBalance kutya lazacolaj folyadék 250mlPetBalance kutya lazacolaj folyadék 250ml", "brand": "PetBalanceFelnőttfolyadékbőr&szőr ápoló, vedlés", "regular_price": "2999", "selling_price": "", "price_per_unit": "1 l=11996 Ft", "product_url": "https://webshop.fressnapf.hu/termekek/petbalance-lazacolaj-kutyak-szamara-250ml/", "product_description": "Omega-3 zsírsavakat tartalmaz a vitalitás elősegítése érdekében Kiváló minőségű és ízletes olaj Egyszerűen használható PetBalance Support – optimalizálás és gondozás. A PetBalance Support lazacolaj magas koncentrációjú: 78%-ban telítetlen zsírsavakat tartalmaz, amelyek 30%-a omega-3 zsírsav (eikozapentaénsav (EPA) és dokozahexaénsav (DHA)), ami növelheti az eledel elfogadottságát és elősegíti az állatok vitalitását. Az olaj kiváló minőségű lazacból készül, és kutyák és macskák számára egyaránt alkalmas. Eledel-alapanyag kutyáknak és macskáknak, bővebb információk a következő címen kérhetők: webshop@fressnapf.hu Analitikai összetevők 99,9% zsírtartalom Összetétel Lazacolaj Táplálási javaslat 1 teáskanál olaj = kb. 5 ml. Naponta 2,5 ml-t adagoljon 5 kg-nyi testsúlyonként a fő eledel kiegészítéseként, lásd a táblázatot. A kutya súlya Napi adagolás 5 kg-ig 1/2 teáskanál 5-15 kg 1 teáskanál 15- 30 kg 2 teáskanál 30 kg-tól 3 teáskanál Tovább olvasok"}
{"breadcrumb": "Főoldal/Kutya/Eledelek/Táplálékkiegészítők&vitaminok/PetBalance kutya lazacolaj folyadék 500ml", "product_name": "PetBalance kutya lazacolaj folyadék 500mlPetBalance kutya lazacolaj folyadék 500ml", "brand": "PetBalanceFelnőttfolyadékbőr&szőr ápoló, vedlés", "regular_price": "4999", "selling_price": "", "price_per_unit": "1 l=9998 Ft", "product_url": "https://webshop.fressnapf.hu/termekek/petbalance-lazacolaj-kutyak-szamara-500ml/", "product_description": "Omega-3 zsírsavakat tartalmaz a vitalitás elősegítése érdekében Kiváló minőségű és ízletes olaj Egyszerűen használható PetBalance Support – optimalizálás és gondozás. A PetBalance Support lazacolaj magas koncentrációjú: 78%-ban telítetlen zsírsavakat tartalmaz, amelyek 30%-a omega-3 zsírsav (eikozapentaénsav (EPA) és dokozahexaénsav (DHA)), ami növelheti az eledel elfogadottságát és elősegíti az állatok vitalitását. Az olaj kiváló minőségű lazacból készül, és kutyák és macskák számára egyaránt alkalmas. Eledel-alapanyag kutyáknak és macskáknak, bővebb információk a következő címen kérhetők: webshop@fressnapf.hu Analitikai összetevők 99,9% zsírtartalom Összetétel Lazacolaj Táplálási javaslat 1 teáskanál olaj = kb. 5 ml. Naponta 2,5 ml-t adagoljon 5 kg-nyi testsúlyonként a fő eledel kiegészítéseként, lásd a táblázatot. A kutya súlya Napi adagolás 5 kg-ig 1/2 teáskanál 5-15 kg 1 teáskanál 15- 30 kg 2 teáskanál 30 kg-tól 3 teáskanál Tovább olvasok"}
{"breadcrumb": "Főoldal/Kutya/Eledelek/Táplálékkiegészítők&vitaminok/PetBalance Life Start kutyatejpótló por 800g", "product_name": "PetBalance Life Start kutyatejpótló por 800gPetBalance Life Start kutyatejpótló por 800g", "brand": "PetBalanceKölyökporközepes testű 11-25kg", "regular_price": "8499", "selling_price": "", "price_per_unit": "1 kg=10624 Ft", "product_url": "https://webshop.fressnapf.hu/termekek/petbalance-life-start-kutyatejpotlo-por-800g/", "product_description": "Optimális támogatás újszülött kiskutyák, szoptató anyakutyák és legyengült kutyák számára. A biológiailag teljes értékű fehérjével, vitaminokkal és ásványi anyagokkal dúsított kutyatejpótló alkalmas gyengébb kiskutyák anyatej melletti kiegészítő táplálására. Támogathatja fejlődésüket és erősítheti immunrendszerüket. Szintén feltölti erővel a vemhes és szoptató kutyákat a megnövekedett igénybevétel idején. Alultáplált és legyengült kutyák számára is alkalmas kiegészítő eledelként. Összetétel: sovány tejpor, finomított pálmazsírpor, hidrolizált állati fehérjék (8%). Analitikai összetevők: fehérje 30,0 %, zsírtartalom 19,0 %, nyershamu 5,7%, nyersrost 0,6 %. Tápértékkel rendelkező hozzáadott anyagok kg-onként: A-vitamin 62.500 NE, D3-vitamin 2.000 NE, vas (vas(II)-szulfát-monohidrát) 29 mg, jód (vízmentes kalcium-jodát) 7 mg, mangán (mangán(II)-szulfát-monohidrát) 25 mg, szelén (nátrium-szelenit) 0,45 mg, cink (cinkszulfát-monohidrát) 3 mg. Tovább olvasok"}
{"breadcrumb": "Főoldal/Kutya/Eledelek/Gyógyhatású eledelek/PetBalance Medica kutya konzerv emésztőrendszeri problémákra csirke 6x400g", "product_name": "PetBalance Medica kutya konzerv emésztőrendszeri problémákra csirke 6x400gPetBalance Medica kutya konzerv emésztőrendszeri problémákra csirke 6x400g", "brand": "PetBalance201g – 400gFelnőttszárnyaspástétomérzékeny emésztésűkonzerv", "regular_price": "7 194", "selling_price": "5 394", "price_per_unit": "899 Ft", "product_url": "https://webshop.fressnapf.hu/termekek/6xpetbalance-medica-gyomor-belrendszeri-megbetegsegekre-konzerv-kutya-400g/", "product_description": "Akut bélrendszeri felszívódási rendellenességek csökkentésére, felépülés, lábadozás esetén. Ellenjavallatok: nincs. A PetBalance Medica Kímélő eledel megnövelt elektrolit-tartalommal, könnyen emészthető fehérjékkel és szénhidrátokkal. Összetétel: szárnyas, burgonya, lazacolaj, kálium-citrát, kálcium-karbonát, mannán-oligoszacharidok (élesztő sejtfalkivonat), szepiolit, konyhasó. Analitikai összetevők: nyersfehérje 6,8%, nyers olajok és zsírok 10,1%, nyershamu 1,2%, nyersrost 0,1%, nedvesség 79,1%, kalcium 0,36%, foszfor 0,26%, nátrium 0,14%, K 0,29%, mangán 0,02%, klorid 0,39%, kén 0,07%, linolsav n-6 0,65%, alfa-linolénsav n-3 0,05%, eicosapentaénsav n-3 0,04%, dokozahexaénsav n-3 0,04%. Tápértékkel rendelkező adalékanyagok/kg: A-vitamin 4000 NE, D3-vitamin 400 NE, E-vitamin 80 mg, réz 5 mg. Felhasználás előtt érdemes kikérni az állatorvos tanácsát. A termék vitamintartalmát a minőség megőrzési idő végéig garantáljuk. Mindig biztosítson elegendő friss ivóvizet az állat számára. Csak takarmányozási célra! Tovább olvasok"}
{"breadcrumb": "Főoldal/Kutya/Eledelek/Táplálékkiegészítők&vitaminok/PetBalance Support fogápoló szérum 100ml", "product_name": "PetBalance Support fogápoló szérum 100mlPetBalance Support fogápoló szérum 100ml", "brand": "PetBalanceFelnőttfolyadékközepes testű 11-25kg", "regular_price": "5999", "selling_price": "", "price_per_unit": "1 l=59990 Ft", "product_url": "https://webshop.fressnapf.hu/termekek/petbalance-support-fogapolo-szerum-100ml/", "product_description": "A fogtisztítás támogatásához Kiváló minőségű és ízletes szérum praktikus adagolóban Egyszerűen használható PetBalance Support – optimalizálás és gondozás. A PetBalance Support Dental fogápoló szérum áfonyalé koncentrátummal segíti a fogtisztítást. Kiegészítő eledel kutyák és macskák számára, bővebb információk a következő címen kérhetők: webshop@fressnapf.hu Analitikai összetevők 8% fehérje, 26% zsírtartalom, 0.15% nyershamu, 0,2% nyersrost Összetétel csirkefehérje, természetes áfonyalé koncentrátum (10%), Olajok és zsírok Táplálási javaslat Alkalmazzon naponta 3 g = 2 adagot közvetlenül a fogakra; nagyon kistestű kutyafajták és macskák esetében napi 1 adagot. Tovább olvasok"}
{"breadcrumb": "Főoldal/Kutya/Eledelek/Táplálékkiegészítők&vitaminok/PetBalance Support kutya ízületvédő szérum 100ml", "product_name": "PetBalance Support kutya ízületvédő szérum 100mlPetBalance Support kutya ízületvédő szérum 100ml", "brand": "PetBalanceFelnőttfolyadékközepes testű 11-25kg", "regular_price": "5499", "selling_price": "", "price_per_unit": "1 l=54990 Ft", "product_url": "https://webshop.fressnapf.hu/termekek/petbalance-support-kutya-izuletvedo-szerum-100ml/", "product_description": "Kiegészítő eledel kutyák számára. A benne található zselatin-hidrolizátummal, kondroitin- és glükózamin-szulfáttal a PetBalance Support ízületvédő szérum elősegítheti a porctömeg képződését és az ízületek porcstruktúrájának fenntartását. A hialuronsav segíthet megőrizni a porcok rugalmasságát. Az ördögkarom és a bromelain enzim (természetes forrása az ananász és a papaya) hozzájárulhatnak az ízületek egészségéhez. Ideális nagytestű fajták ízületi problémáinak megelőzésére is. Összetétel: repceolaj, hidrolizált zselatin (5%), csirkefehérje, ananászpor (2,5%), papayapor (2,5%), glükozaminszulfát (2%), kondroitinszulfát (2%), ördögkarompor (0,5%), hialuronsav (0,2%). Analitikai összetevők: nedvességtartalom 67%, fehérje 6%, zsírtartalom 16,5%, nyershamu 2,5%, nyersrost 0,9%. Tovább olvasok"}
{"breadcrumb": "Főoldal/Kutya/Eledelek/Táplálékkiegészítők&vitaminok/PetBalance Support kutya paszta emésztés&anyagcsere 100g", "product_name": "PetBalance Support kutya paszta emésztés&anyagcsere 100gPetBalance Support kutya paszta emésztés&anyagcsere 100g", "brand": "PetBalanceFelnőttpaszta", "regular_price": "2999", "selling_price": "", "price_per_unit": "1 kg=29990 Ft", "product_url": "https://webshop.fressnapf.hu/termekek/petbalance-support-kutya-paszta-emesztesanyagcsere-100g/", "product_description": "Kiegészítő eledel kutyáknak 6 hónapos kortól. A PetBalance Support Darm + Stoffwechsel paszta támogathatja az átállást különböző eledelek között. A benne található frukto-oligoszacharidok segíthetik a jótékony hatású bélbaktériumok megtelepedését. A Yucca schidigera enyhítheti a székletszagot, míg a komlóvirág és a kamilla nyugtatóan hathat a gyomorra és a bélrendszerre. Összetétel: csirkefehérje, repceolaj, frukto-oligoszacharidok (3%), kamillakivonat (3%), Yucca schidigera (2%), őrölt komlóvirág (1%), ananászpor (1%), papayapor (1%). Analitikai összetevők: nedvességtartalom 51%, fehérje 11%, zsírtartalom 22%, nyershamu 0,8%, nyersrost 1%. Tápértékkel rendelkező hozzáadott anyagok kg-onként: A-vitamin 102.500 NE, D3-vitamin 2.000 NE, B1-vitamin 123 mg, B2-vitamin 123 mg, B6-vitamin 82 mg, B12-vitamin 123 μg, niacin 246 mg, kalcium-D-pantotenát 246 mg, folsav 20,5 mg, biotin 0,33 μg, kolin-klorid 2.000 mg, L-karnitin 20.000 mg, vas (vas(II)-szulfát-monohidrát) 2,47 mg, jód (vízmentes kalcium-jodát) 0,55 mg, mangán (mangán(II)-szulfát-monohidrát) 2,11 mg, szelén (nátrium-szelenit) 0,03 mg, cink (cinkszulfát-monohidrát) 0,28 mg. Tovább olvasok"}
{"breadcrumb": "Főoldal/Kutya/Eledelek/Táplálékkiegészítők&vitaminok/PetBalance Support kutya pellet ízületvédelem 675g", "product_name": "PetBalance Support kutya pellet ízületvédelem 675gPetBalance Support kutya pellet ízületvédelem 675g", "brand": "PetBalanceFelnőttpellet", "regular_price": "9999", "selling_price": "", "price_per_unit": "1 kg=14813 Ft", "product_url": "https://webshop.fressnapf.hu/termekek/petbalance-support-kutya-pellet-izuletvedelem-675g/", "product_description": "Kiegészítő eledel kutyáknak 6 hónapos kortól. A PetBalance Support Joint Pelletsben található, zöldkagylóból származó glükozaminoglikánok, a zselatin-hidrolizátummal kombinálva, pozitívan hathatnak a porcszövet és az ízületi folyadék képződésére, valamint hozzájárulhatnak az ízületek és szalagok megerősödéséhez. Az ördögkarom támogathatja az ízületek egészségét, míg a C-vitamin hozzájárulhat a jobb védekezőképességhez. Összetétel: kukorica, zöldkagylópor (25%), tengeri alga, hidrolizált zselatin (5%), malátapor, kovaföld, szőlőmagolaj, hidrolizált halfehérje, ördögkarom (2%), csalánfű, zsurló. Analitikai összetevők: fehérje 26%, zsírtartalom 7%, nyersrost 2,5%, nyershamu 14%, kalcium 1,9%, foszfor 0,26%. Tápértékkel rendelkező hozzáadott anyagok kg-onként: C-vitamin 7.000 mg. Tovább olvasok"}
{"breadcrumb": "Főoldal/Kutya/Eledelek/Táplálékkiegészítők&vitaminok/PetBalance Support kutya por emésztés Vital Moor 500g", "product_name": "PetBalance Support kutya por emésztés Vital Moor 500gPetBalance Support kutya por emésztés Vital Moor 500g", "brand": "PetBalanceFelnőttpor", "regular_price": "4999", "selling_price": "", "price_per_unit": "1 kg=9998 Ft", "product_url": "https://webshop.fressnapf.hu/termekek/petbalance-support-kutya-por-emesztes-vital-moor-500g/", "product_description": "Kiegészítő eledel kutyáknak 6 hónapos kortól. A PetBalance Support Vital Moor értékes lápi anyagokat tartalmaz, amelyek évezredek alatt képződtek virágokból, gyógynövényekből és más növényekből. Ezek elősegíthetik az egészséges gyomornyálkahártya képződését, támogathatják a gyomor-bél-traktust és biztosíthatják a kiegyensúlyozott és létfontosságú bélflóra kialakulását. Tovább olvasok"}
{"breadcrumb": "Főoldal/Kutya/Eledelek/Táplálékkiegészítők&vitaminok/PetBalance Support szőr&bőrtápláló kutya tabletta 130g", "product_name": "PetBalance Support szőr&bőrtápláló kutya tabletta 130gPetBalance Support szőr&bőrtápláló kutya tabletta 130g", "brand": "PetBalanceFelnőtttablettabőr&szőr ápoló, vedlés", "regular_price": "3999", "selling_price": "", "price_per_unit": "1 kg=30762 Ft", "product_url": "https://webshop.fressnapf.hu/termekek/petbalance-support-szorbortaplalo-kutya-tabletta-130g/", "product_description": "Kiegészítő eledel kutyáknak 6 hónapos kortól. A PetBalance Support Hau + Fell tabletta ellensúlyozhatja a hiányos táplálkozás következtében jelentkező tüneteket, mint a fakó szőrzet, szőrhullás, bőrirritációk vagy törékeny karmok. A természetes forrásból (élesztőből) nyert, nagy dózisú biotin és B-vitaminok elősegíthetik a bőr anyagcseréjét és támogathatják a ragyogó, vastag szőrzet kialakulását. Összetétel: élesztők (58,5%), csirkefehérje, hidrolizált zselatin, édes tejsavópor, Omega-3-zsírsavak, dikalcium-foszfát, ördögkarom, kalcium-karbonát, élesztő-béta-glükán Analitikai összetevők: fehérje 39%, zsírtartalom 5%, nyershamu 8,5%, nyersrost 3,1%. Tápértékkel rendelkező hozzáadott anyagok kg-onként: A-vitamin 200.000 NE, D3-vitamin 8.000 NE, B1-vitamin 240 mg, B2-Vitamin 160 mg, B6-vitamin 120 mg, B12-vitamin 320 μg, niacin 480 mg, kalcium-D-pantotenát 300 mg, folsav 24 mg, biotin 200.000 μg, kolin-klorid 2.000 mg, vas (vas(II)-szulfát-monohidrát) 400 mg, jód (vízmentes kalcium-jodát) 3,41 mg, mangán (mangán(II)-szulfát-monohidrát) 160 mg, cink (cinkszulfát-monohidrát) 68,25 mg. Tovább olvasok"}
{"breadcrumb": "Főoldal/Kutya/Eledelek/Táplálékkiegészítők&vitaminok/PetBalance Support szőr&bőrtápláló olaj 250ml", "product_name": "PetBalance Support szőr&bőrtápláló olaj 250mlPetBalance Support szőr&bőrtápláló olaj 250ml", "brand": "PetBalanceFelnőttfolyadékbőr&szőr ápoló, vedlésközepes testű 11-25kg", "regular_price": "3699", "selling_price": "", "price_per_unit": "1 l=14796 Ft", "product_url": "https://webshop.fressnapf.hu/termekek/petbalance-support-szorbortaplalo-olaj-250ml/", "product_description": "Kiegészítő eledel kutyák és macskák számára. A benne található biotin, metionin és más B-vitaminok támogathatják kedvence tápanyag-egyensúlyát, elősegíthetik a szőr növekedését, ezáltal hozzájárulhatnak a bőr és a szőrzet egészségéhez. Összetétel: dextróz, glükóz-fruktóz szirup, hidrolizált zselatin, laktóz, élesztő. Analitikai összetevők: nedvességtartalom 47%, fehérje 10%, zsírtartalom 0,2%, nyershamu 1,2%, nyersrost 0,1%. Tápértékkel rendelkező hozzáadott anyagok kg-onként: A-vitamin 62.500 NE, D3-vitamin 2.000 NE, B1-vitamin 75 mg, B2-vitamin (Riboflavin) 75 mg, B6-vitamin 50 mg, B12-vitamin 75 μg, niacin 150 mg, kalcium-D-pantotenát 150 mg, folsav 12,5 mg, biotin 100.000 μg, kolin-klorid 376,5 mg, DL-metionin 2.500 mg. Tovább olvasok"}
{"breadcrumb": "Főoldal/Kutya/Eledelek/Táplálékkiegészítők&vitaminok/PetBalance Support szőr&bőrtápláló tonik 125ml", "product_name": "PetBalance Support szőr&bőrtápláló tonik 125mlPetBalance Support szőr&bőrtápláló tonik 125ml", "brand": "PetBalanceFelnőttfolyadékbőr&szőr ápoló, vedlésközepes testű 11-25kg", "regular_price": "3699", "selling_price": "", "price_per_unit": "1 l=29592 Ft", "product_url": "https://webshop.fressnapf.hu/termekek/petbalance-support-szorbortaplalo-tonik-125ml/", "product_description": "Kiegészítő eledel kutyák és macskák számára. A benne található biotin, metionin és más B-vitaminok támogathatják kedvence tápanyag-egyensúlyát, elősegíthetik a szőr növekedését, ezáltal hozzájárulhatnak a bőr és a szőrzet egészségéhez. Összetétel: dextróz, glükóz-fruktóz szirup, hidrolizált zselatin, laktóz, élesztő. Analitikai összetevők: nedvességtartalom 47%, fehérje 10%, zsírtartalom 0,2%, nyershamu 1,2%, nyersrost 0,1%. Tápértékkel rendelkező hozzáadott anyagok kg-onként: A-vitamin 62.500 NE, D3-vitamin 2.000 NE, B1-vitamin 75 mg, B2-vitamin (Riboflavin) 75 mg, B6-vitamin 50 mg, B12-vitamin 75 μg, niacin 150 mg, kalcium-D-pantotenát 150 mg, folsav 12,5 mg, biotin 100.000 μg, kolin-klorid 376,5 mg, DL-metionin 2.500 mg. Tovább olvasok"}
{"breadcrumb": "Főoldal/Kutya/Eledelek/Nedves eledelek/Premiere Best Meat kutya konzerv adult bárány 6x185g", "product_name": "Premiere Best Meat kutya konzerv adult bárány 6x185gPremiere Best Meat kutya konzerv adult bárány 6x185g", "brand": "Premiere101g – 200gFelnőttjuh&bárány&kecskepástétomkonzervBest Meat", "regular_price": "5 094", "selling_price": "4 794", "price_per_unit": "549 Ft", "product_url": "https://webshop.fressnapf.hu/termekek/premiere-best-meat-kutya-konzerv-adult-barany-6x185g/", "product_description": "Teljes értékű eledel kifejlett kutyák számára. Hús és belsőségek összesen 70%. Összetétel: bárány (30%), marha, kacsa, máj, tüdő, szalonnabőr, rizsliszt, ásványi anyagok. Analitikai összetevők fehérje 8,0%, zsírtartalom 6,0%, nyershamu 2,1%, nyersrost 0,4%, nedvesség 78%. Adalékanyagok/kg táplálkozásfiziológiai összetétel: A-vit. 2500 NE, D3-vit. 250 NE, réz (réz-II-szulfát, pentahidrát) 1mg, cink (cinkoxid) 20mg. Tovább olvasok"}
{"breadcrumb": "Főoldal/Kutya/Eledelek/Nedves eledelek/Premiere Best Meat kutya konzerv adult borjú 6x185g", "product_name": "Premiere Best Meat kutya konzerv adult borjú 6x185gPremiere Best Meat kutya konzerv adult borjú 6x185g", "brand": "Premiere101g – 200gFelnőttmarha&borjúpástétomkonzervBest Meat", "regular_price": "8 994", "selling_price": "8 394", "price_per_unit": "549 Ft", "product_url": "https://webshop.fressnapf.hu/termekek/premiere-best-meat-kutya-konzerv-adult-borju-6x185g/", "product_description": "Teljes értékű eledel kifejlett kutyák számára. Hús és belsőségek összesen 70%. Összetétel borjú (26%), marha, kacsa, máj, tüdő, szalonnabőr, rizsliszt, ásványi anyagok. Analitikai összetevők fehérje 8,0%, zsírtartalom 6,0%, nyershamu 2,1%, nyersrost 0,4%, nedvesség 78%. Adalékanyagok/kg: táplálkozásfiziológiai összetétel: A-vit. 2500 NE, D3-vit. 250 NE, réz (réz-II-szulfát, pentahidrát) 1mg, cink (cinkoxid) 20mg. Tovább olvasok"}
{"breadcrumb": "Főoldal/Kutya/Eledelek/Nedves eledelek/Premiere Best Meat kutya konzerv adult marha 6x185g", "product_name": "Premiere Best Meat kutya konzerv adult marha 6x185gPremiere Best Meat kutya konzerv adult marha 6x185g", "brand": "Premiere101g – 200gFelnőttmarha&borjúpástétomkonzervBest Meat", "regular_price": "8 994", "selling_price": "8 394", "price_per_unit": "549 Ft", "product_url": "https://webshop.fressnapf.hu/termekek/premiere-best-meat-kutya-konzerv-adult-marha-6x185g/", "product_description": "Teljes értékű eledel kifejlett kutyák számára. Hús és belsőségek összesen 70%. Összetétel marha (50%), kacsa, máj, tüdő, szalonnabőr, rizsliszt, ásványi anyagok. Analitikai összetevők: fehérje 8,0%, zsírtartalom 6,5%, nyershamu 2,2%, nyersrost 0,4%, nedvesség 78%. Adalékanyagok/kg: táplálkozásfiziológiai összetétel: A-vit. 2500 NE, D3-vit. 250 NE, réz (réz-II-szulfát, pentahidrát) 1mg, cink (cinkoxid) 20mg. Tovább olvasok"}
{"breadcrumb": "Főoldal/Kutya/Eledelek/Nedves eledelek/Premiere Best Meat kutya konzerv adult marha&rizs 6x400g", "product_name": "Premiere Best Meat kutya konzerv adult marha&rizs 6x400gPremiere Best Meat kutya konzerv adult marha&rizs 6x400g", "brand": "PremiereBest Meat201g – 400gFelnőttmarha&borjúkonzervközepes testű 11-25kg", "regular_price": "8 994", "selling_price": "8 394", "price_per_unit": "799 Ft", "product_url": "https://webshop.fressnapf.hu/termekek/6xpremiere-best-meat-konzerv-adult-marharizs-400g/", "product_description": "BEST MEAT Adult marha rizzsel. Teljes értékű takarmány kifejlett kutyák számára. Összetétel: 70% hús és állati melléktermékek (ebből 26% marha), rizs (5%), ásványi anyagok. A színhús aránya 20%. Analitikai összetevők: fehérje 11%, zsírtartalom 6,5%, nyershamu 2,1%, nyersrost 0,4%, nedvesség 78%. Adalékanyagok/ kg: tápértékkel rendelkező adalékanyagok: A-vitamin 2000 NE, D3-vitamin 200 NE, réz (réz(II)-¬szulfát, pentahidrát) 1,5mg, jód (kalcium-jodát, vízmentes) 0,75mg, cink (cink-oxid) 20mg. Hűvös és száraz helyen tárolandó. Kinyitás után hűtőszekrényben tárolandó. Az eledel etetésnél szobahőmérsékletű legyen Tovább olvasok"}
{"breadcrumb": "Főoldal/Kutya/Eledelek/Nedves eledelek/Premiere Best Meat kutya konzerv adult marha&rizs 6x800g", "product_name": "Premiere Best Meat kutya konzerv adult marha&rizs 6x800gPremiere Best Meat kutya konzerv adult marha&rizs 6x800g", "brand": "PremiereBest Meat601g – 800gFelnőttmarha&borjúkonzervnagytestű 26kg-tól", "regular_price": "8 994", "selling_price": "8 394", "price_per_unit": "1 399 Ft", "product_url": "https://webshop.fressnapf.hu/termekek/premiere-best-meat-kutya-konzerv-adult-marharizs-6x800g/", "product_description": "PREMIERE Best Meat 100% friss hússal a hústartalomban. A PREMIERE Best Meat egy teljes értékű eledel felnőtt kutyák számára, amelynek kiváló minőségű összetevői és kíméletes feldolgozása garantálja a kiváló emészthetőséget. Ezen túlmenően a PREMIERE Best Meat fehérjepótlók, például szója nélkül, mesterséges színezékek és csalogatóanyagok, mesterséges aromák és tartósítószerek nélkül készül. Az előnyök áttekintése: magas hús- és belsőségtartalom: 70% 100% friss hús formázott hús és csontliszt nélkül nem tartalmaz tartósítószereket színezékek és ízesítőanyagok nélkül fehérjepótlók, például szója nélkül hozzáadott cukor és só nélkül magas hús- és belsőségtartalom: 70% összesen 100% friss hús nem tartalmaz mesterséges színezékeket és aromákat Analitikai összetevők 11% fehérje, 6,5% zsírtartalom, 2,1% nyershamu, 0,4% nyersrost, Összetétel 70% hús és állati eredetű melléktermékek (ebből 26% marhahús), rizs (5%), Ásványi anyagok. 20% izomhús-tartalom. Adalékanyag/kg Táplálkozásfiziológiai adalékanyagok: 2000 NE A-vitamin, 200 NE D3-vitamin, 30 mg E-vitamin, 1,5 mg réz (réz(II)-szulfát, pentahidrát), 0,75 mg jód (kalcium-jodát, vízmentes), 20 mg cink (cink-oxid), 0,03 mg szelén (nátrium-szelenit). Hűvös és száraz helyen tárolja. Felbontás után hűtőszekrényben tárolja. Szobahőmérsékleten tálalja. Nyomokban tartalmazhat egyéb összetevőket. Táplálási javaslat A kutya súlya Mennyiség 10 kg 460 g 15 kg 620 g 20 kg 770 g 25 kg 900 g 30 kg 1040 g 35 kg 1160 g 40 kg 1280 g 45 kg 1400 g 50 kg 1520 g 60 kg 1740 g 70 kg 1950 g A megadott adatok irányadó értékek. Az egyéni tápanyagigény a fajtától, az életkortól és az aktivitástól függ. Hűvös és száraz helyen tárolja. Felbontás után hűtőszekrényben tárolja. Szobahőmérsékleten tálalja. Nyomokban tartalmazhat egyéb összetevőket. Ügyeljen arra, hogy jutalomfalatok hozzáadása esetén csökkentse a megadott tápmennyiséget. Tovább olvasok"}
{"breadcrumb": "Főoldal/Kutya/Eledelek/Nedves eledelek/Premiere Best Meat kutya konzerv adult nyúl 6x185g", "product_name": "Premiere Best Meat kutya konzerv adult nyúl 6x185gPremiere Best Meat kutya konzerv adult nyúl 6x185g", "brand": "Premiere101g – 200gFelnőttnyúlpástétomkonzervBest Meat", "regular_price": "8 994", "selling_price": "8 394", "price_per_unit": "549 Ft", "product_url": "https://webshop.fressnapf.hu/termekek/premiere-best-meat-kutya-konzerv-adult-nyul-6x185g/", "product_description": "Teljes értékű eledel kifejlett kutyák számára. Nyúlhúsban gazdag. Hús és belsőségek összesen 70%. Összetétel nyúl (15%), kacsa, marha, máj, tüdő, szalonnabőr, rizsliszt, ásványi anyagok. Analitikai összetevők: fehérje 8,5%, zsírtartalom 5,5%, nyershamu 2,2%, nyersrost 0,5%, nedvesség 78%. Adalékanyagok/kg: táplálkozásfiziológiai összetétel: A-vit. 2500 NE, D3-vit. 250 NE, réz (réz-II-szulfát, pentahidrát) 1mg, cink (cinkoxid) 20mg. Tovább olvasok"}
{"breadcrumb": "Főoldal/Kutya/Eledelek/Nedves eledelek/Premiere Best Meat kutya konzerv adult pulyka&zöldség 6x400g", "product_name": "Premiere Best Meat kutya konzerv adult pulyka&zöldség 6x400gPremiere Best Meat kutya konzerv adult pulyka&zöldség 6x400g", "brand": "Premiere201g – 400gFelnőttszárnyaspástétomkonzervBest Meat", "regular_price": "8 994", "selling_price": "8 394", "price_per_unit": "799 Ft", "product_url": "https://webshop.fressnapf.hu/termekek/premiere-best-meat-kutya-konzerv-adult-pulykazoldseg-6x400g/", "product_description": "Teljes értékű eledel kifejlett kutyák számára, pulykával, rizzsel és sárgarépával. Összetétel: 70% hús és állati származékok (ebből 15% pulyka), rizs (5%), sárgarépa (4%), ásványi anyagok. A színhús aránya 16%. Analitikai összetevők: fehérje 8,5%, zsírtartalom 6,5%, nyershamu 2,2%, nyersrost 0,4%, nedvesség 78%. Adalékanyagok/ kg: tápértékkel rendelkező adalékanyagok: A-vitamin 2000 NE, D3-vitamin 200 NE, E-vitamin 30mg, réz (réz(II)-szulfát-pentahidrát) 1,5mg, jód (vízmentes kalcium-jodát) 0,75mg, cink (cink-oxid) 20mg, szelén (nátrium-szelenit) 0,03mg. Tovább olvasok"}
{"breadcrumb": "Főoldal/Kutya/Eledelek/Nedves eledelek/Premiere Best Meat kutya konzerv junior csirke&marha 6x400g", "product_name": "Premiere Best Meat kutya konzerv junior csirke&marha 6x400gPremiere Best Meat kutya konzerv junior csirke&marha 6x400g", "brand": "PremiereBest Meat201g – 400gKölyökszárnyaskonzervközepes testű 11-25kg", "regular_price": "8 994", "selling_price": "8 394", "price_per_unit": "799 Ft", "product_url": "https://webshop.fressnapf.hu/termekek/6xpremiere-best-meat-konzerv-junior-csirkemarha-400g/", "product_description": "BEST MEAT Junior marha csirkével és rizzsel. Teljes értékű takarmány növekedésben lévő kutyáknak, 12 hónapos életkorig. Összetétel: 64% hús és állati melléktermékek (29% marha, 19% csirke), rizs (5%), ásványi anyagok. A színhús aránya 18%. Analitikai összetevők: fehérje 11,5%, zsírtartalom 6%, nyershamu 2,2%, nyersrost 0,3%, nedvesség 78%. Adalékanyagok/kg: tápértékkel rendelkező adalékanyagok: A-vitamin 2000 NE, D3-vitamin 200 NE, réz (réz(II)-¬szulfát, pentahidrát) 1,5mg, jód (kalcium-jodát, vízmentes) 0,75mg, cink (cink-oxid) 20mg. Hűvös és száraz helyen tárolandó. Kinyitás után hűtőszekrényben tárolandó. Az eledel etetésnél szobahőmérsékletű legyen. Nyomokban egyéb összetevőket is tartalmazhat. Tovább olvasok"}
{"breadcrumb": "Főoldal/Kutya/Eledelek/Nedves eledelek/Premiere Best Meat kutya konzerv junior csirke&marha 6x800g", "product_name": "Premiere Best Meat kutya konzerv junior csirke&marha 6x800gPremiere Best Meat kutya konzerv junior csirke&marha 6x800g", "brand": "PremiereBest Meat601g – 800gKölyökszárnyaskonzervnagytestű 26kg-tól", "regular_price": "8 994", "selling_price": "8 394", "price_per_unit": "1 399 Ft", "product_url": "https://webshop.fressnapf.hu/termekek/6xpremiere-kutyakonzerv-junior-800g-csirke-marha/", "product_description": "PREMIERE Best Meat 100% friss hússal a hústartalomban. A PREMIERE Best Meat egy teljes értékű eledel kölyökkutyák és fiatal kutyák számára, amelynek kiváló minőségű összetevői és kíméletes feldolgozása garantálja a kiváló emészthetőséget. Kifejezetten a fiatal, növésben lévő kutyák számára tartalmaz sok értékes ásványi anyagot az erős csontokhoz és fogakhoz, valamint az izomfejlődéshez szükséges fehérjéket. Ezen túlmenően a PREMIERE Best Meat fehérjepótlók, például szója nélkül, mesterséges színezékek és csalogatóanyagok, mesterséges aromák és tartósítószerek nélkül készül. Az előnyök áttekintése: Összesen 64% hús és állati összetevők 100% friss húst tartalmaz formázott hús és csontliszt nélkül nem tartalmaz tartósítószereket színezékek és ízesítőanyagok nélkül hozzáadott cukor és só nélkül kifejezetten kölyökkutyák és fiatal kutyák számára mesterséges tartósítószerek hozzáadása nélkül 100% friss húst tartalmaz kifejezetten kölyökkutyák és fiatal kutyák számára Analitikai összetevők 11,5% fehérje, 6% zsírtartalom, 2.2% nyershamu, 0,3% nyersrost Összetétel 64% hús és állati eredetű melléktermékek (ebből 29% marhahús, 19% csirke), rizs (5%), Ásványi anyagok. 18% izomhús-tartalom. Adalékanyag/kg 2000 NE A-vitamin, 200 NE D3-vitamin, 30 mg E-vitamin, 1,5 mg réz (réz(II)-szulfát, pentahidrát), 0,75 mg jód (kalcium-jodát, vízmentes), 20 mg cink (cink-oxid), 0,03 mg szelén (nátrium-szelenit). Hűvös és száraz helyen tárolja. Felbontás után hűtőszekrényben tárolja. Szobahőmérsékleten tálalja. Nyomokban tartalmazhat egyéb összetevőket. Táplálási javaslat A kutya végleges súlya 2 hónap 3-5 hónap 6-7 hónap 8-12 hónapos 13-18 hónap 19-24 hónap 10 kg 570 g 660-745 g 750 g 730-500 g Adult Adult 15 kg 740 g 885-1005 g 1020 g 1020-960 g Adult Adult 20 kg 895 g 1095-1245 g 1265 g 1270-1190 g Adult Adult 25 kg 1045 g 1295-1475 g 1495 g 1500-1410 g Adult Adult 30 kg 1110 g 1375-1650 g 1680 g 1715 g 1670 g Adult 35 kg 1170 g 1505-1850 g 1890 g 1925 g 1875 g Adult 40 kg 1225 g 1640-2045 g 2090 g 2130 g 2070 g Adult 45 kg 1275 g 1765-2235 g 2270 g 2320 g 2320 g 2245 g 50 kg 1310 g 1880-2415 g 2455 g 2510 g 2510 g 2430 g 60 kg 1400 g 2105-2770 g 2820 g 2880 g 2875 g 2785 g 70 kg 1490 g 2345-3110 g 3165 g 3230 g 3230 g 3130 g A megadott adatok irányadó értékek. Az egyéni tápanyagigény az életkortól, a fajtától és az aktivitástól függ. Felbontás után hűtőszekrényben tárolja. Szobahőmérsékleten tálalja. Hűvös és száraz helyen tárolja. Tovább olvasok"}
{"breadcrumb": "Főoldal/Kutya/Eledelek/Nedves eledelek/Premiere Best Meat kutya konzerv light szárnyas&rizs 6x400g", "product_name": "Premiere Best Meat kutya konzerv light szárnyas&rizs 6x400gPremiere Best Meat kutya konzerv light szárnyas&rizs 6x400g", "brand": "Premiere201g – 400gFelnőttszárnyaspástétomkonzervBest Meat", "regular_price": "5 094", "selling_price": "4 794", "price_per_unit": "799 Ft", "product_url": "https://webshop.fressnapf.hu/termekek/premiere-best-meat-kutya-konzerv-light-szarnyasrizs-6x400g/", "product_description": "Teljes értékű eledel kifejlett, hízásra hajlamos kutyák számára, baromfival, burgonyával és rizzsel. Összetétel: 60% hús és állati melléktermékek (ebből 35% kacsa, 15% csirke), burgonya (5%), rizs (5%), ásványi anyagok. A színhús aránya 16%. Analitikai összetevők: Fehérje 9,5%, zsírtartalom 3,5%, nyers hamu 2,2%, nyersrost 0,5% Adalékanyagok/ kg: tápértékkel rendelkező adalékanyagok: A-vitamin 2000 NE, D3-vitamin 200 NE, E-vitamin 30 mg, réz (réz(II)szulfát, pentahidrát) 1,5 mg, jód (kalcium-jodát, vízmentes) 0,75 mg, cink (cink-oxid) 20 mg, szelén (nátrium-szelenit) 0,03 mg. Tovább olvasok"}
{"breadcrumb": "Főoldal/Kutya/Eledelek/Nedves eledelek/Premiere Best Meat kutya konzerv light szárnyas&rizs 6x800g", "product_name": "Premiere Best Meat kutya konzerv light szárnyas&rizs 6x800gPremiere Best Meat kutya konzerv light szárnyas&rizs 6x800g", "brand": "PremiereBest Meat601g – 800gFelnőttszárnyaskonzervhízásra hajlamosnagytestű 26kg-tól", "regular_price": "8 994", "selling_price": "8 394", "price_per_unit": "1 399 Ft", "product_url": "https://webshop.fressnapf.hu/termekek/6xpremiere-kutyakonzerv-adult-light-800g-baromfi/", "product_description": "PREMIERE Best Meat 100% friss hússal a hústartalomban. Kifejezetten a kevésbé aktív és túlsúlyos kutyák számára – csökkentett zsírtartalommal*, valamint az emésztést segítő élelmi rostokkal. *) a BEST MEAT Adult Marhahús & rizs termékhez képest. A kiváló minőségű összetevők és a kíméletes feldolgozás garantálja a kiváló emészthetőséget. Ezen túlmenően a PREMIERE Best Meat fehérjepótlók, például szója nélkül, mesterséges színezékek és csalogatóanyagok, mesterséges aromák és tartósítószerek nélkül készül. Az előnyök áttekintése: 100% friss húst tartalmaz Összesen 60% hús és állati összetevő formázott hús és csontliszt nélkül nem tartalmaz tartósítószereket színezékek és aromák nélkül mesterséges tartósítószerek hozzáadása nélkül kevésbé aktív és túlsúlyos kutyák számára magas hús- és belsőségtartalom: 60% összesen 100% friss húst tartalmaz kevésbé aktív és túlsúlyos kutyák számára Analitikai összetevők 9,5% fehérje, 3,5% zsírtartalom, 2,2% nyershamu, 0,5% nyersrost Összetétel 60% hús és állati eredetű melléktermékek (ebből 35% kacsa, 15% csirke), burgonya (5%), Rizs (5%), Ásványi anyagok. 16% izomhús-tartalom. Adalékanyag/kg : 2000 NE A-vitamin, 200 NE D3-vitamin, 1,5 mg réz (réz(II)-szulfát, pentahidrát), 0,75 mg jód (kalcium-jodát, vízmentes), 20 mg cink (cink-oxid) Táplálási javaslat A kutya elérni kívánt testsúlya Napi adag súlymegtartás esetén Napi adag súlycsökkentés esetén 10 kg 570 g 370 g 15 kg 770 g 500 g 20 kg 950 g 630 g 25 kg 1120 g 750 g 30 kg 1290 g 850 g 35 kg 1440 g 960 g 40 kg 1590 g 1060 g 45 kg 1740 g 1160 g 50 kg 1880 g 1250 g 60 kg 2160 1440 g 70 kg 2420 g 1610 g A megadott adatok irányadó értékek. Az egyéni tápanyagigény a fajtától, az életkortól és az aktivitástól függ Hűvös és száraz helyen tárolja. Felbontás után hűtőszekrényben tárolja. Szobahőmérsékleten tálalja. Nyomokban tartalmazhat egyéb összetevőket. Ügyeljen arra, hogy jutalomfalatok hozzáadása esetén csökkentse a megadott tápmennyiséget. Tovább olvasok"}
{"breadcrumb": "Főoldal/Kutya/Eledelek/Nedves eledelek/Premiere Best Meat kutya konzerv pulyka&zöldség 6x800g", "product_name": "Premiere Best Meat kutya konzerv pulyka&zöldség 6x800gPremiere Best Meat kutya konzerv pulyka&zöldség 6x800g", "brand": "PremiereBest Meat601g – 800gFelnőttszárnyaskonzervnagytestű 26kg-tól", "regular_price": "8 994", "selling_price": "8 394", "price_per_unit": "1 399 Ft", "product_url": "https://webshop.fressnapf.hu/termekek/6xpremiere-kutyakonzerv-adult-800g-pulyka-zoldseg/", "product_description": "PREMIERE Best Meat 100% friss hússal a hústartalomban. A PREMIERE Best Meat egy teljes értékű eledel felnőtt kutyák számára, amelynek kiváló minőségű összetevői és kíméletes feldolgozása garantálja a kiváló emészthetőséget. Ezen túlmenően a PREMIERE Best Meat fehérjepótlók, például szója nélkül, mesterséges színezékek és csalogatóanyagok, mesterséges aromák és tartósítószerek nélkül készül. Az előnyök áttekintése: magas hús- és belsőségtartalom: 70% 100% friss hús formázott hús és csontliszt nélkül nem tartalmaz tartósítószereket színezékek és ízesítőanyagok nélkül fehérjepótlók, például szója nélkül hozzáadott cukor és só nélkül magas hús- és belsőségtartalom: 70% összesen 100% friss hús nem tartalmaz mesterséges színezékeket és aromákat Analitikai összetevők 8,5% fehérje, 6,5% zsírtartalom, 2,2% nyershamu, 0,4% nyersrost Összetétel 70% hús és állati eredetű melléktermékek (ebből 15% pulyka), rizs (5%), Sárgarépa (4%), Ásványi anyagok. 16% izomhús-tartalom. Adalékanyag/kg 2000 NE, 200 NE D3-vitamin, 1,5 mg réz (réz(II)-szulfát, pentahidrát), 0,75 mg jód (kalcium-jodát, vízmentes), 20 mg cink (cink-oxid) Táplálási javaslat A kutya súlya Mennyiség 10 kg 460 g 15 kg 620 g 20 kg 770 g 25 kg 900 g 30 kg 1040 g 35 kg 1160 g 40 kg 1280 g 45 kg 1400 g 50 kg 1520 g 60 kg 1740 g 70 kg 1950 g A megadott adatok irányadó értékek. Az egyéni tápanyagigény a fajtától, az életkortól és az aktivitástól függ. Hűvös és száraz helyen tárolja. Felbontás után hűtőszekrényben tárolja. Szobahőmérsékleten tálalja. Ügyeljen arra, hogy jutalomfalatok hozzáadása esetén csökkentse a megadott tápmennyiséget. Nyomokban tartalmazhat egyéb összetevőket. Tovább olvasok"}
{"breadcrumb": "Főoldal/Kutya/Eledelek/Nedves eledelek/Premiere Best Meat kutya konzerv senior bárány&rizs 6x400g", "product_name": "Premiere Best Meat kutya konzerv senior bárány&rizs 6x400gPremiere Best Meat kutya konzerv senior bárány&rizs 6x400g", "brand": "PremiereBest Meat201g – 400gIdősjuh&bárány&kecskekonzervközepes testű 11-25kg", "regular_price": "8 994", "selling_price": "8 394", "price_per_unit": "799 Ft", "product_url": "https://webshop.fressnapf.hu/termekek/6xpremiere-best-meat-konzerv-senior-baranyrizs-400g/", "product_description": "BEST MEAT Senior báránnyal és rizzsel. Teljes értékű takarmány bármilyen fajtájú és termetű idősebb kutyák számára, 6–8 éves kortól (a kutya termetétől függően). Összetétel: 63% hús és állati melléktermékek (ebből 19% bárány), rizs (5%), ásványi anyagok. A színhús aránya 14%. Analitikai összetevők: fehérje 9,5%, zsírtartalom 4,5%, nyershamu 2,2%, nyersrost 0,4%, nedvesség 79%. Adalékanyagok/kg: tápértékkel rendelkező adalékanyagok: A-vitamin 2000 NE, D3-vitamin 200 NE, E-vitamin 30mg, réz (réz(II)-¬szulfát, pentahidrát) 1,5mg, jód (kalcium-jodát, vízmentes) 0,75mg, cink (cink-oxid) 20mg. Hűvös és száraz helyen tárolandó. Kinyitás után hűtőszekrényben tárolandó. Az eledel etetésnél szobahőmérsékletű legyen. Nyomokban egyéb összetevőket is tartalmazhat. Tovább olvasok"}
{"breadcrumb": "Főoldal/Kutya/Eledelek/Nedves eledelek/Premiere Best Meat kutya konzerv senior bárány&rizs 6x800g", "product_name": "Premiere Best Meat kutya konzerv senior bárány&rizs 6x800gPremiere Best Meat kutya konzerv senior bárány&rizs 6x800g", "brand": "PremiereBest Meat601g – 800gIdősjuh&bárány&kecskekonzervnagytestű 26kg-tól", "regular_price": "8 994", "selling_price": "8 394", "price_per_unit": "1 399 Ft", "product_url": "https://webshop.fressnapf.hu/termekek/6xpremiere-kutyakonzerv-senior-800g-barany-rizs/", "product_description": "PREMIERE Best Meat 100% friss hússal a hústartalomban. A PREMIERE Best Meat kiváló minőségű összetevői  és a kíméletes feldolgozás kiváló emészthetőséget garantál. Kifejezetten idősebb kutyák számára kifejlesztett termék – csökkentett zsír- és fehérjetartalommal*. Az élelmi rostok pozitív hatással vannak az emésztésre, az E-vitamin pedig hozzájárul a sejtek védelméhez. *) a BEST MEAT Adult Marhahús & rizs termékhez képest Ezen túlmenően a PREMIERE Best Meat fehérjepótlók, például szója nélkül, mesterséges színezékek és csalogatóanyagok, mesterséges aromák és tartósítószerek nélkül készül. Az előnyök áttekintése: Összesen 63% hús és állati összetevő 100% friss húst tartalmaz formázott hús és csontliszt nélkül nem tartalmaz tartósítószereket színezékek és ízesítőanyagok nélkül kifejezetten idősebb kutyák számára kifejlesztve 100% friss húst tartalmaz kifejezetten idősebb kutyák számára kifejlesztve formázott hús és csontliszt nélkül Analitikai összetevők 9,5% fehérje, 4,5% zsírtartalom, 2,2% nyershamu, 0,4% nyersrost Összetétel 63% hús és állati eredetű melléktermékek (ebből 19% bárány), rizs (5%), Ásványi anyagok. 14% izomhús-tartalom. Adalékanyag/kg 2000 NE A-vitamin, 200 NE D3-vitamin, 30 mg E-vitamin, 1,5 mg réz (réz(II)-szulfát, pentahidrát), 0,75 mg jód (kalcium-jodát, vízmentes), 20 mg cink (cink-oxid), 0,03 mg szelén (nátrium-szelenit). Hűvös és száraz helyen tárolja. Felbontás után hűtőszekrényben tárolja. Szobahőmérsékleten tálalja. Nyomokban tartalmazhat egyéb összetevőket. Táplálási javaslat A kutya súlya napi adag 10 kg 440 g 15 kg 600 g 20 kg 740 g 25 kg 870 g 30 kg 1000 g 35 kg 1120 g 40 kg 1240 g 45 kg 1350 g 50 kg 1460 g 60 kg 1670 g 70 kg 1880 g A megadott adatok irányadó értékek. Az egyéni tápanyagigény a fajtától, az életkortól és az aktivitástól függ. Hűvös és száraz helyen tárolja. Felbontás után hűtőszekrényben tárolja. Szobahőmérsékleten tálalja. Ügyeljen arra, hogy jutalomfalatok hozzáadása esetén csökkentse a megadott tápmennyiséget. Nyomokban tartalmazhat egyéb összetevőket. Tovább olvasok"}
{"breadcrumb": "Főoldal/Kutya/Eledelek/Nedves eledelek/Premiere Best Meat kutya tálka adult borjú&szarvas 16x100g", "product_name": "Premiere Best Meat kutya tálka adult borjú&szarvas 16x100gPremiere Best Meat kutya tálka adult borjú&szarvas 16x100g", "brand": "PremiereBest Meat0g – 100gFelnőttvegyespástétomtálka", "regular_price": "8 994", "selling_price": "8 394", "price_per_unit": "269 Ft", "product_url": "https://webshop.fressnapf.hu/termekek/premiere-best-meat-kutya-talka-adult-borjuszarvas-16x100g/", "product_description": "A PREMIERE Best Meat Adult különösen alkalmas a kis kedvenceknek, akik valami különlegeset keresnek. A legfinomabb darabokból készült ízletes pástétomokkal még a legválogatósabbak is el lesznek kényeztetve. A PREMIERE Best Meat Adult kifejezetten a kistestű kutyák igényeihez igazodik. A PREMIERE Best Meat Adult összesen 65% állati eredetű összetevőivel kutyája fontos fehérjékhez és könnyen emészthető aminosavakhoz jut, így élénk kis kedvenceink természetes vitalitása és fittsége megmarad. Az inulin támogatja az optimális emésztést is. 65% állati eredetű összetevők (hús és belsőségek) az optimális fehérje- és aminosav-ellátás érdekében. Inulinnal az optimális emésztés támogatására A legfinomabb pástétomdarabok a kis ínyenceknek Hozzáadott aroma- és színezékanyagok nélkül Nincs hozzáadott szója vagy cukor. Összetétel: Hús és állati melléktermékek (65%, ebből 33% borjú, 6% szarvas), növényi melléktermékek (0,4% inulin), ásványi anyagok (1,5%). Analitikai összetevők: Fehérje 11%, zsírtartalom 4,5%, nyershamu 1,5%, nyersrost 0,3%, nedvesség 81%. Adalékanyagok kg-onként: Táplálkozási adalékanyagok: D3-vitamin 200 NE, mangán (mangán(II)-szulfát, monohidrát) 2 mg, cink (cink-szulfát, monohidrát) 5 mg. Tovább olvasok"}
{"breadcrumb": "Főoldal/Kutya/Eledelek/Nedves eledelek/Premiere Best Meat kutya tálka adult csirke&kacsa 16x100g", "product_name": "Premiere Best Meat kutya tálka adult csirke&kacsa 16x100gPremiere Best Meat kutya tálka adult csirke&kacsa 16x100g", "brand": "PremiereBest Meat0g – 100gFelnőttszárnyaspástétomtálka", "regular_price": "8 994", "selling_price": "8 394", "price_per_unit": "269 Ft", "product_url": "https://webshop.fressnapf.hu/termekek/premiere-best-meat-kutya-talka-adult-csirkekacsa-16x100g/", "product_description": "A PREMIERE Best Meat Adult különösen alkalmas a kis kedvenceknek, akik valami különlegeset keresnek. A legfinomabb darabokból készült ízletes pástétomokkal még a legválogatósabbak is el lesznek kényeztetve. A PREMIERE Best Meat Adult kifejezetten a kistestű kutyák igényeihez igazodik. A PREMIERE Best Meat Adult összesen 65% állati eredetű összetevőivel kutyája fontos fehérjékhez és könnyen emészthető aminosavakhoz jut, így élénk kis kedvenceink természetes vitalitása és fittsége megmarad. Az inulin támogatja az optimális emésztést is. 65% állati eredetű összetevők (hús és belsőségek) az optimális fehérje- és aminosav-ellátás érdekében. Inulinnal az optimális emésztés támogatására A legfinomabb pástétomdarabok a kis ínyenceknek Hozzáadott aroma- és színezékanyagok nélkül Nincs hozzáadott szója vagy cukor. Összetétel: Hús és állati melléktermékek (65%, ebből 35% csirke, 6% kacsa), növényi melléktermékek (0,4% inulin), ásványi anyagok (1,5%). Analitikai összetevők: Fehérje 11%, zsírtartalom 4,5%, nyershamu 1,5%, nyersrost 0,3%, nedvesség 81%. Adalékanyagok kg-onként: Táplálkozási adalékanyagok: D3-vitamin 200 NE, mangán (mangán(II)-szulfát, monohidrát) 2 mg, cink (cink-szulfát, monohidrát) 5 mg. Tovább olvasok"}
{"breadcrumb": "Főoldal/Kutya/Eledelek/Nedves eledelek/Premiere Best Meat kutya tálka adult pulyka&nyúl 16x100g", "product_name": "Premiere Best Meat kutya tálka adult pulyka&nyúl 16x100gPremiere Best Meat kutya tálka adult pulyka&nyúl 16x100g", "brand": "PremiereBest Meat0g – 100gFelnőttvegyespástétomtálka", "regular_price": "5 094", "selling_price": "4 794", "price_per_unit": "269 Ft", "product_url": "https://webshop.fressnapf.hu/termekek/premiere-best-meat-kutya-talka-adult-pulykanyul-16x100g/", "product_description": "A PREMIERE Best Meat Adult különösen alkalmas a kis kedvenceknek, akik valami különlegeset keresnek. A legfinomabb darabokból készült ízletes pástétomokkal még a legválogatósabbak is el lesznek kényeztetve. A PREMIERE Best Meat Adult kifejezetten a kistestű kutyák igényeihez igazodik. A PREMIERE Best Meat Adult összesen 65% állati eredetű összetevőivel kutyája fontos fehérjékhez és könnyen emészthető aminosavakhoz jut, így élénk kis kedvenceink természetes vitalitása és fittsége megmarad. Az inulin támogatja az optimális emésztést is. 65% állati eredetű összetevők (hús és belsőségek) az optimális fehérje- és aminosav-ellátás érdekében. Inulinnal az optimális emésztés támogatására A legfinomabb pástétomdarabok a kis ínyenceknek Hozzáadott aroma- és színezékanyagok nélkül Nincs hozzáadott szója vagy cukor. Összetétel: Hús és állati melléktermékek (65%, ebből 33% pulyka, 6% nyúl), növényi melléktermékek (0,4% inulin), ásványi anyagok (1,5%). Analitikai összetevők: Fehérje 11%, zsírtartalom 4,5%, nyershamu 1,5%, nyersrost 0,3%, nedvesség 81%. Adalékanyagok kg-onként: Táplálkozási adalékanyagok: D3-vitamin 200 NE, mangán (mangán(II)-szulfát, monohidrát) 2 mg, cink (cink-szulfát, monohidrát) 5 mg. Tovább olvasok"}
{"breadcrumb": "Főoldal/Kutya/Eledelek/Nedves eledelek/Premiere Best Meat kutya tálka adult szárnyas&vad 16x100g", "product_name": "Premiere Best Meat kutya tálka adult szárnyas&vad 16x100gPremiere Best Meat kutya tálka adult szárnyas&vad 16x100g", "brand": "PremiereBest Meat0g – 100gFelnőttvegyespástétomtálka", "regular_price": "8 994", "selling_price": "8 394", "price_per_unit": "269 Ft", "product_url": "https://webshop.fressnapf.hu/termekek/premiere-best-meat-kutya-talka-adult-szarnyasvad-16x100g/", "product_description": "A PREMIERE Best Meat Adult különösen alkalmas a kis kedvenceknek, akik valami különlegeset keresnek. A legfinomabb darabokból készült ízletes pástétomokkal még a legválogatósabbak is el lesznek kényeztetve. A PREMIERE Best Meat Adult kifejezetten a kistestű kutyák igényeihez igazodik. A PREMIERE Best Meat Adult összesen 65% állati eredetű összetevőivel kutyája fontos fehérjékhez és könnyen emészthető aminosavakhoz jut, így élénk kis kedvenceink természetes vitalitása és fittsége megmarad. Az inulin támogatja az optimális emésztést is. 65% állati eredetű összetevők (hús és belsőségek) az optimális fehérje- és aminosav-ellátás érdekében. Inulinnal az optimális emésztés támogatására A legfinomabb pástétomdarabok a kis ínyenceknek Hozzáadott aroma- és színezékanyagok nélkül Nincs hozzáadott szója vagy cukor. Összetétel: Hús és állati melléktermékek (65%, ebből 35% baromfi, 6% vad), növényi melléktermékek (0,4% inulin), ásványi anyagok (1,5%). Analitikai összetevők: Fehérje 11%, zsírtartalom 4,5%, nyershamu 1,5%, nyersrost 0,3%, nedvesség 81%. Adalékanyagok kg-onként: Táplálkozási adalékanyagok: D3-vitamin 200 NE, mangán (mangán(II)-szulfát, monohidrát) 2 mg, cink (cink-szulfát, monohidrát) 5 mg. Tovább olvasok"}
{"breadcrumb": "Főoldal/Kutya/Eledelek/Nedves eledelek/Premiere Best Meat kutya tálka junior csirke&marha 16x100g", "product_name": "Premiere Best Meat kutya tálka junior csirke&marha 16x100gPremiere Best Meat kutya tálka junior csirke&marha 16x100g", "brand": "PremiereBest Meat0g – 100gKölyökvegyespástétomtálka", "regular_price": "8 994", "selling_price": "8 394", "price_per_unit": "269 Ft", "product_url": "https://webshop.fressnapf.hu/termekek/premiere-best-meat-kutya-talka-junior-csirkemarha-16x100g/", "product_description": "A PREMIERE Best Meat Junior különösen alkalmas a kis kedvenceknek, akik valami különlegeset keresnek. A legfinomabb darabokból készült ízletes pástétomokkal még a legválogatósabbak is el lesznek kényeztetve. A PREMIERE Best Meat Junior kifejezetten a kistestű kölyök kutyák igényeihez igazodik. A PREMIERE Best Meat Junior összesen 65% állati eredetű összetevőivel kutyája fontos fehérjékhez és könnyen emészthető aminosavakhoz jut, így élénk kis kedvenceink természetes vitalitása és fittsége megmarad. Az inulin támogatja az optimális emésztést is. 65% állati eredetű összetevők (hús és belsőségek) az optimális fehérje- és aminosav-ellátás érdekében. Inulinnal az optimális emésztés támogatására A legfinomabb pástétomdarabok a kis ínyenceknek Hozzáadott aroma- és színezékanyagok nélkül Nincs hozzáadott szója vagy cukor. Összetétel: Hús és állati melléktermékek (65%, ebből 35% csirke, 10% marhahús), növényi melléktermékek (0,4% inulin), ásványi anyagok (1,5%). Analitikai összetevők: Fehérje 11%, zsírtartalom 6%, nyershamu 1,5%, nyersrost 0,3%, nedvesség 81%. Adalékanyagok kg-onként: Táplálkozási adalékanyagok: D3-vitamin 200 NE, mangán (mangán(II)-szulfát, monohidrát) 2 mg, cink (cink-szulfát, monohidrát) 5 mg. Tovább olvasok"}
{"breadcrumb": "Főoldal/Kutya/Eledelek/Száraz eledelek/Premiere Best Meat száraz kutyaeledel adult active csirke 12,5kg", "product_name": "Premiere Best Meat száraz kutyaeledel adult active csirke 12,5kgPremiere Best Meat száraz kutyaeledel adult active csirke 12,5kg", "brand": "PremiereBest Meat12,1kg – 15kgFelnőttszárnyasaktív&sport", "regular_price": "9 999", "selling_price": "8 999", "price_per_unit": "1 kg=1200 Ft", "product_url": "https://webshop.fressnapf.hu/termekek/premiere-best-meat-active-adult-csirke-125kg/", "product_description": "Magas csirkehústartalom (44%) Magas fehérje- és energiatartalom Az L-karnitin pozitívan befolyásolja az energia- és zsíranyagcserét A PREMIERE Best Meat Active 44% csirkét tartalmaz (ebből 14% friss csirke), ezért sok értékes fehérjét kínál. Az L-karnitint tartalmazó kiegyensúlyozott receptúra kifejezetten a fokozott energiaigényű kutyák igényeihez igazodik. A magas fehérje- és energiatartalom* optimális ellátást biztosít a sportos és rendkívül aktív kutyák számára. A szervezet saját védekezőképességét pozitívan befolyásolhatja a Best Meat termékben található béta-glükán. Az értékes omega-3 és omega-6 zsírsavak hozzájárulhatnak az egészséges bőr és a fényes szőrzet fenntartásához. A taurin fontos a szívműködés szempontjából. Az előnyök áttekintése: a magas csirkehústartalom (44%) értékes fehérjéket tartalmaz gazdag friss húsban (14%) a megfelelő elfogadás érdekében kiegyensúlyozott receptúra L-karnitinnal magas energiatartalom A Yucca schidigera természetes módon hozzájárulhat a jellegzetes kellemetlen testszag csökkentéséhez Az értékes omega-3 és omega-6 zsírsavak hozzájárulhatnak az egészséges bőr és a fényes szőrzet fenntartásához. nem tartalmaz mesterséges színezékeket és tartósítószereket taurinnal a megfelelő szívműködésért * Összehasonlítva a Best Meat Adult termékkel Analitikai összetevők 27% fehérje, 17% zsírtartalom, 7,5% nyershamu, 4% nyersrost, 1,7% kalcium, 1% foszfor, 0,6% omega-3 zsírsavak, omega-6 zsírsavak (2,3%) Energia: 15,56 MJ/kg (az NRC szerint, 2006), Összetétel 30% szárított csirkehús, 20% szárított burgonyapor, 22,5% rizs, 14% friss csirkehús, 6% baromfizsír, 1,5% hidrolizált állati fehérje (máj, szív), 1,4% lenmag, 0,5% sörélesztő, cikóriapép (0,2%, szárított, 0,1% inulin), 0,2% lazacolaj, 0,1% napraforgóolaj, 0,1% szárított Yucca schidigera, 0,1% béta-glükán, 0,008% oregánó, 0,008% petrezselyem, 0,008% majoránna, 0,008% szárított zsálya, 0,008% kakukkfű. Adalékanyag/kg 18000 NE A-vitamin, 1200 NE D3-vitamin, 300 mg E-vitamin (all-rac-alfa-tokoferil-acetát), 400 mg L-karnitin, 650 mg taurin, 10 mg réz (réz(II)-szulfát, pentahidrát), 87 mg vas (vas(II)-szulfát, monohidrát), 2,3 mg jód (kalcium-jodát, vízmentes), 9,3 mg mangán (mangán(II)-szulfát, monohidrát), 0,07 mg szelén (szeleno-metionin CNCM I-339 Saccharomyces cerevisiae-ből), 147 mg cink (cink-szulfát, monohidrát), technológiai adalékanyagok: 0,5% bentonit Táplálási javaslat Testsúly kilogrammonként átlagos igény megnövekedett igény Ajánlott eledelmennyiség grammban naponta Ajánlott eledelmennyiség grammban naponta 5 kg 100 g 120 g 10 kg 165 g 205 g 15 kg 225 g 280 g 20 kg 280 g 345 g 25 kg 330 g 410 g 30 kg 380 g 470 g 40 kg 470 g 580 g 50 kg 565 g 690 g 60 kg 630 g 785 g A megadott adatok irányadó értékek. Az egyéni tápanyagigény a fajtától, az életkortól és az aktivitástól függ. Ügyeljen arra, hogy jutalomfalatok hozzáadása esetén csökkentse a megadott tápmennyiséget. Hűvös és száraz helyen tárolandó.  Mindig álljon rendelkezésre friss ivóvíz. Nyomokban tartalmazhat egyéb összetevőket. Tovább olvasok"}
{"breadcrumb": "Főoldal/Kutya/Eledelek/Száraz eledelek/Premiere Best Meat száraz kutyaeledel adult active csirke 4kg", "product_name": "Premiere Best Meat száraz kutyaeledel adult active csirke 4kgPremiere Best Meat száraz kutyaeledel adult active csirke 4kg", "brand": "PremiereBest Meat1,1kg – 4kgFelnőttszárnyasaktív&sport", "regular_price": "3 799", "selling_price": "3 299", "price_per_unit": "1 kg=2000 Ft", "product_url": "https://webshop.fressnapf.hu/termekek/premiere-best-meat-active-adult-csirke-4kg/", "product_description": "Magas csirkehústartalom (44%) Magas fehérje- és energiatartalom Az L-karnitin pozitívan befolyásolja az energia- és zsíranyagcserét A PREMIERE Best Meat Active 44% csirkét tartalmaz (ebből 14% friss csirke), ezért sok értékes fehérjét kínál. Az L-karnitint tartalmazó kiegyensúlyozott receptúra kifejezetten a fokozott energiaigényű kutyák igényeihez igazodik. A magas fehérje- és energiatartalom* optimális ellátást biztosít a sportos és rendkívül aktív kutyák számára. A szervezet saját védekezőképességét pozitívan befolyásolhatja a Best Meat termékben található béta-glükán. Az értékes omega-3 és omega-6 zsírsavak hozzájárulhatnak az egészséges bőr és a fényes szőrzet fenntartásához. A taurin fontos a szívműködés szempontjából. Az előnyök áttekintése: a magas csirkehústartalom (44%) értékes fehérjéket tartalmaz gazdag friss húsban (14%) a megfelelő elfogadás érdekében kiegyensúlyozott receptúra L-karnitinnal magas energiatartalom A Yucca schidigera természetes módon hozzájárulhat a jellegzetes kellemetlen testszag csökkentéséhez Az értékes omega-3 és omega-6 zsírsavak hozzájárulhatnak az egészséges bőr és a fényes szőrzet fenntartásához. nem tartalmaz mesterséges színezékeket és tartósítószereket taurinnal a megfelelő szívműködésért * Összehasonlítva a Best Meat Adult termékkel Analitikai összetevők 27% fehérje, 17% zsírtartalom, 7,5% nyershamu, 4% nyersrost, 1,7% kalcium, 1% foszfor, 0,6% omega-3 zsírsavak, omega-6 zsírsavak (2,3%) Energia: 15,56 MJ/kg (az NRC szerint, 2006), Összetétel 30% szárított csirkehús, 20% szárított burgonyapor, 22,5% rizs, 14% friss csirkehús, 6% baromfizsír, 1,5% hidrolizált állati fehérje (máj, szív), 1,4% lenmag, 0,5% sörélesztő, cikóriapép (0,2%, szárított, 0,1% inulin), 0,2% lazacolaj, 0,1% napraforgóolaj, 0,1% szárított Yucca schidigera, 0,1% béta-glükán, 0,008% oregánó, 0,008% petrezselyem, 0,008% majoránna, 0,008% szárított zsálya, 0,008% kakukkfű. Adalékanyag/kg 18000 NE A-vitamin, 1200 NE D3-vitamin, 300 mg E-vitamin (all-rac-alfa-tokoferil-acetát), 400 mg L-karnitin, 650 mg taurin, 10 mg réz (réz(II)-szulfát, pentahidrát), 87 mg vas (vas(II)-szulfát, monohidrát), 2,3 mg jód (kalcium-jodát, vízmentes), 9,3 mg mangán (mangán(II)-szulfát, monohidrát), 0,07 mg szelén (szeleno-metionin CNCM I-339 Saccharomyces cerevisiae-ből), 147 mg cink (cink-szulfát, monohidrát), technológiai adalékanyagok: 0,5% bentonit Táplálási javaslat Testsúly kilogrammonként átlagos igény megnövekedett igény Ajánlott eledelmennyiség grammban naponta Ajánlott eledelmennyiség grammban naponta 5 kg 100 g 120 g 10 kg 165 g 205 g 15 kg 225 g 280 g 20 kg 280 g 345 g 25 kg 330 g 410 g 30 kg 380 g 470 g 40 kg 470 g 580 g 50 kg 565 g 690 g 60 kg 630 g 785 g A megadott adatok irányadó értékek. Az egyéni tápanyagigény a fajtától, az életkortól és az aktivitástól függ. Ügyeljen arra, hogy jutalomfalatok hozzáadása esetén csökkentse a megadott tápmennyiséget. Hűvös és száraz helyen tárolandó.  Mindig álljon rendelkezésre friss ivóvíz. Nyomokban tartalmazhat egyéb összetevőket. Tovább olvasok"}
{"breadcrumb": "Főoldal/Kutya/Eledelek/Száraz eledelek/Premiere Best Meat száraz kutyaeledel adult csirke 12,5kg", "product_name": "Premiere Best Meat száraz kutyaeledel adult csirke 12,5kgPremiere Best Meat száraz kutyaeledel adult csirke 12,5kg", "brand": "PremiereBest Meat12,1kg – 15kgFelnőttszárnyasízület védelem", "regular_price": "11 499", "selling_price": "9 999", "price_per_unit": "1 kg=1200 Ft", "product_url": "https://webshop.fressnapf.hu/termekek/premiere-best-meat-adult-chicken-125kg/", "product_description": "Magas hústartalom (40%) Értékes omega-3 és omega-6 zsírsavak A PREMIERE Best Meat extra magas hústartalommal (40%) rendelkezik. A BEST MEAT Adult különösen sok értékes fehérjét tartalmaz és különösen ízletes. A válogatott gyógynövények, az inulin és a C-vitamin elősegítik a kiegyensúlyozott bélflóra kialakulását és erősíthetik az immunrendszert. Az értékes omega-3 és omega-6 zsírsavak hozzájárulhatnak az egészséges bőr és a fényes szőrzet fenntartásához. A taurin fontos a szívműködés szempontjából. A BEST MEAT Adult termékben található Yucca schidigera természetes módon hozzájárulhat a jellegzetes kellemetlen testszag csökkentéséhez. Az előnyök áttekintése: a magas hústartalom (40%) értékes fehérjéket tartalmaz gazdag friss húsban (14%) a megfelelő elfogadás érdekében a válogatott gyógynövények, az inulin és a C-vitamin erősítik a bélflórát és az immunrendszert A Yucca schidigera természetes módon hozzájárulhat a jellegzetes kellemetlen testszag csökkentéséhez Az értékes omega-3 és omega-6 zsírsavak hozzájárulhatnak az egészséges bőr és a fényes szőrzet fenntartásához. nem tartalmaz mesterséges színezékeket és tartósítószereket taurinnal a megfelelő szívműködésért Analitikai összetevők 25% fehérje, 12% zsírtartalom, 7% nyershamu, 4,5% nyersrost, 1,6% kalcium, 0,9% foszfor, 0,5% omega-3 zsírsavak, omega-6 zsírsavak (1,5%) Összetétel 26% szárított csirke, 25,5% rizs, 25,5% szárított burgonyapor, 14% friss csirkehús, 2,4% baromfizsír, 1,5% hidrolizált állati fehérje (máj, szív), 1,4% lenmag, 0,2% sörélesztő, 0,2% szárított cikóriapép (0,1% inulin), 0,1% lazacolaj, 0,1% napraforgóolaj, 0,1% szárított Yucca schidigera, 0,008% oregánó, 0,008% petrezselyem, 0,008% majoránna, 0,008% zsálya, 0,008% szárított kakukkfű. 0,08% petrezselyem, 0,008% szárított majoránna, 0,008% szárított zsálya, 0,008% szárított kakukkfű Adalékanyag/kg 18000 NE A-vitamin, 1200 NE D3-vitamin, 250 mg C-vitamin (aszkorbinsav), 200 mg E-vitamin (all-rac-alfa-tokoferil-acetát), 500 mg taurin, 10 mg réz (réz(II)-szulfát, pentahidrát), 87 mg vas (vas(II)-szulfát, monohidrát), 2,3 mg jód (kalcium-jodát, vízmentes), 9,3 mg mangán (mangán(II)-szulfát, monohidrát), 0,07 mg szelén (szeleno-metionin CNCM I-339 Saccharomyces cerevisiae-ből), 147 mg cink (cink-szulfát, monohidrát) Táplálási javaslat A kutya súlya Adagolás (gramm/nap) átlagos aktivitású kutyák esetén Adagolás (gramm/nap) kevésbé aktív kutyák esetén 10 kg 145 g 125 g 15 kg 200 g 170 g 20 kg 245 g 210 g 25 kg 290 g 245 g 30 kg 330 g 285 g 40 kg 415 g 350 g 50 kg 490 g 415 g 60 kg 560 g 470 g A megadott adatok irányadó értékek. Az egyéni tápanyagigény a fajtától, az életkortól és az aktivitástól függ. Ügyeljen arra, hogy jutalomfalatok hozzáadása esetén csökkentse a megadott tápmennyiséget. Hűvös és száraz helyen tárolandó. Mindig álljon rendelkezésre friss ivóvíz. Nyomokban tartalmazhat egyéb összetevőket. Tovább olvasok"}
{"breadcrumb": "Főoldal/Kutya/Eledelek/Száraz eledelek/Premiere Best Meat száraz kutyaeledel adult csirke 4kg", "product_name": "Premiere Best Meat száraz kutyaeledel adult csirke 4kgPremiere Best Meat száraz kutyaeledel adult csirke 4kg", "brand": "PremiereBest Meat1,1kg – 4kgFelnőttszárnyasízület védelem", "regular_price": "9 999", "selling_price": "8 999", "price_per_unit": "1 kg=1750 Ft", "product_url": "https://webshop.fressnapf.hu/termekek/premiere-best-meat-adult-chicken-4kg/", "product_description": "Magas hústartalom (40%) Értékes omega-3 és omega-6 zsírsavak A PREMIERE Best Meat extra magas hústartalommal (40%) rendelkezik. A BEST MEAT Adult különösen sok értékes fehérjét tartalmaz és különösen ízletes. A válogatott gyógynövények, az inulin és a C-vitamin elősegítik a kiegyensúlyozott bélflóra kialakulását és erősíthetik az immunrendszert. Az értékes omega-3 és omega-6 zsírsavak hozzájárulhatnak az egészséges bőr és a fényes szőrzet fenntartásához. A taurin fontos a szívműködés szempontjából. A BEST MEAT Adult termékben található Yucca schidigera természetes módon hozzájárulhat a jellegzetes kellemetlen testszag csökkentéséhez. Az előnyök áttekintése: a magas hústartalom (40%) értékes fehérjéket tartalmaz gazdag friss húsban (14%) a megfelelő elfogadás érdekében a válogatott gyógynövények, az inulin és a C-vitamin erősítik a bélflórát és az immunrendszert A Yucca schidigera természetes módon hozzájárulhat a jellegzetes kellemetlen testszag csökkentéséhez Az értékes omega-3 és omega-6 zsírsavak hozzájárulhatnak az egészséges bőr és a fényes szőrzet fenntartásához. nem tartalmaz mesterséges színezékeket és tartósítószereket taurinnal a megfelelő szívműködésért Analitikai összetevők 25% fehérje, 12% zsírtartalom, 7% nyershamu, 4,5% nyersrost, 1,6% kalcium, 0,9% foszfor, 0,5% omega-3 zsírsav, 1,5% omega-6 zsírsav, Összetétel 26% szárított csirkehús, 25,5% rizs, 25,5% szárított burgonyapor, 14% friss csirkehús, 2,4% baromfizsír, 1,5% hidrolizált állati fehérje (máj, szív), 1,4% lenmag, 0,2% sörélesztő, 0,2% szárított cikóriapép (0,1% inulin), 0,1% lazacolaj, 0,1% napraforgóolaj, 0,1% szárított Yucca schidigera, 0,008% oregánó, 0,008% petrezselyem, 0,008% majoránna, 0,008% zsálya, 0,008% szárított kakukkfű. 0,008% petrezselyem, 0,008% szárított majoránna, 0,008% szárított zsálya, 0,008% szárított kakukkfű Adalékanyag/kg 18000 NE A-vitamin, 1200 NE D3-vitamin, 250 mg C-vitamin (aszkorbinsav), 200 mg E-vitamin (all-rac-alfa-tokoferil-acetát), 500 mg taurin, 10 mg réz (réz(II)-szulfát, pentahidrát), 87 mg vas (vas(II)-szulfát, monohidrát), 2,3 mg jód (kalcium-jodát, vízmentes), 9,3 mg mangán (mangán(II)-szulfát, monohidrát), 0,07 mg szelén (szeleno-metionin CNCM I-339 Saccharomyces cerevisiae-ből), 147 mg cink (cink-szulfát, monohidrát) Táplálási javaslat A kutya súlya Adagolás (gramm/nap) átlagos aktivitású kutyák esetén Adagolás (gramm/nap) kevésbé aktív kutyák esetén 10 kg 145 g 125 g 15 kg 200 g 170 g 20 kg 245 g 210 g 25 kg 290 g 245 g 30 kg 330 g 285 g 40 kg 415 g 350 g 50 kg 490 g 415 g 60 kg 560 g 470 g A megadott adatok irányadó értékek. Az egyéni tápanyagigény a fajtától, az életkortól és az aktivitástól függ. Ügyeljen arra, hogy jutalomfalatok hozzáadása esetén csökkentse a megadott tápmennyiséget. Hűvös és száraz helyen tárolandó. Mindig álljon rendelkezésre friss ivóvíz. Nyomokban tartalmazhat egyéb összetevőket. Tovább olvasok"}
{"breadcrumb": "Főoldal/Kutya/Eledelek/Száraz eledelek/Premiere Best Meat száraz kutyaeledel adult marha 12,5kg", "product_name": "Premiere Best Meat száraz kutyaeledel adult marha 12,5kgPremiere Best Meat száraz kutyaeledel adult marha 12,5kg", "brand": "PremiereBest Meat12,1kg – 15kgFelnőttmarha&borjúízület védelem", "regular_price": "3 799", "selling_price": "3 299", "price_per_unit": "1 kg=1200 Ft", "product_url": "https://webshop.fressnapf.hu/termekek/premiere-best-meat-adult-beef-125kg/", "product_description": "Magas hústartalom (40%) Értékes omega-3 és omega-6 zsírsavak A PREMIERE Best Meat extra magas hústartalommal (40%) rendelkezik. A BEST MEAT Adult különösen sok értékes fehérjét tartalmaz és különösen ízletes. A válogatott gyógynövények, az inulin és a C-vitamin elősegítik a kiegyensúlyozott bélflóra kialakulását és erősíthetik az immunrendszert. Az értékes omega-3 és omega-6 zsírsavak hozzájárulhatnak az egészséges bőr és a fényes szőrzet fenntartásához. A taurin fontos a szívműködés szempontjából. A BEST MEAT Adult termékben található Yucca schidigera természetes módon hozzájárulhat a jellegzetes kellemetlen testszag csökkentéséhez. Az előnyök áttekintése: a magas hústartalom (40%) értékes fehérjéket tartalmaz gazdag friss húsban (14%) a megfelelő elfogadás érdekében a válogatott gyógynövények, az inulin és a C-vitamin erősítik a bélflórát és az immunrendszert A Yucca schidigera természetes módon hozzájárulhat a jellegzetes kellemetlen testszag csökkentéséhez Az értékes omega-3 és omega-6 zsírsavak hozzájárulhatnak az egészséges bőr és a fényes szőrzet fenntartásához. nem tartalmaz mesterséges színezékeket és tartósítószereket taurinnal a megfelelő szívműködésért Analitikai összetevők 25% fehérje, 12% zsírtartalom, 8% nyershamu, 4,5% nyersrost, 2% kalcium, 1,1% foszfor, 0,5% omega-3 zsírsav, 2% omega-6 zsírsav, Összetétel 15% szárított marhafehérje, 14% friss marhahús, 14% rizs, 13,5% szárított burgonyapor, 10% szarvasmarha préstepertő, 9% borsó, 7,5% rizsliszt,  7% baromfizsír, 2,5% szárított répaszelet, 1,4% lenmag, 2,5% hidrolizált állati fehérje (máj, szív), 0,2% sörélesztő, cikóriapép (0,2%, szárított, 0,1% inulin), 0,1% lazacolaj, 0,1% napraforgóolaj, 0,1% szárított Yucca schidigera, 0,008% oregánó, 0,008% petrezselyem, 0,008% majoránna,  0,008% zsálya, 0,008% kakukkfű Adalékanyag/kg 17000 NE A-vitamin, 1200 NE D3-vitamin, 230 mg C-vitamin (aszkorbinsav), 200 mg E-vitamin (all-rac-alfa-tokoferil-acetát), 550 mg taurin, 13 mg réz (réz(II)-szulfát, pentahidrát), 116 mg vas (vas(II)-szulfát, monohidrát), 3 mg jód (kalcium-jodát, vízmentes), 12 mg mangán (mangán(II)-szulfát, monohidrát), 0,09 mg szelén (szeleno-metionin CNCM I-3399 Saccharomyces cerevisiae-ből), 197 mg cink (cink-szulfát, monohidrát) Táplálási javaslat A kutya súlya Adagolás (gramm/nap) átlagos aktivitású kutyák esetén Adagolás (gramm/nap) kevésbé aktív kutyák esetén 10 kg 155 g 125 g 15 kg 210 g 170 g 20 kg 260 g 210 g 25 kg 310 g 245 g 30 kg 355 g 285 g 40 kg 440 g 350 g 50 kg 520 g 415 g 60 kg 600 g 480 g A megadott adatok irányadó értékek. Az egyéni tápanyagigény a fajtától, az életkortól és az aktivitástól függ. Ügyeljen arra, hogy jutalomfalatok hozzáadása esetén csökkentse a megadott tápmennyiséget. Hűvös és száraz helyen tárolandó. Mindig álljon rendelkezésre friss ivóvíz. Nyomokban tartalmazhat egyéb összetevőket. Tovább olvasok"}
{"breadcrumb": "Főoldal/Kutya/Eledelek/Száraz eledelek/Premiere Best Meat száraz kutyaeledel adult marha 1kg", "product_name": "Premiere Best Meat száraz kutyaeledel adult marha 1kgPremiere Best Meat száraz kutyaeledel adult marha 1kg", "brand": "PremiereBest Meat801g – 1kgFelnőttmarha&borjúízület védelem", "regular_price": "2 099", "selling_price": "1 899", "price_per_unit": "1 kg=1899 Ft", "product_url": "https://webshop.fressnapf.hu/termekek/premiere-best-meat-adult-beef-1-kg/", "product_description": "Magas hústartalom (40%) Friss csirke- és marhahúsban gazdag (14%) Értékes omega-3 és omega-6 zsírsavak A PREMIERE Best Meat extra magas hústartalommal (40%) rendelkezik. A BEST MEAT Adult különösen sok értékes fehérjét tartalmaz és különösen ízletes. A válogatott gyógynövények, az inulin és a C-vitamin elősegítik a kiegyensúlyozott bélflóra kialakulását és erősíthetik az immunrendszert. Az értékes omega-3 és omega-6 zsírsavak hozzájárulhatnak az egészséges bőr és a fényes szőrzet fenntartásához. A taurin fontos a szívműködés szempontjából. A BEST MEAT Adult termékben található Yucca schidigera természetes módon hozzájárulhat a jellegzetes kellemetlen testszag csökkentéséhez. Az előnyök áttekintése: a magas hústartalom (40%) értékes fehérjéket tartalmaz gazdag friss húsban (14%) a megfelelő elfogadás érdekében a válogatott gyógynövények, az inulin és a C-vitamin erősítik a bélflórát és az immunrendszert A Yucca schidigera természetes módon hozzájárulhat a jellegzetes kellemetlen testszag csökkentéséhez Az értékes omega-3 és omega-6 zsírsavak hozzájárulhatnak az egészséges bőr és a fényes szőrzet fenntartásához. nem tartalmaz mesterséges színezékeket és tartósítószereket taurinnal a megfelelő szívműködésért Analitikai összetevők 25% fehérje, 12% zsírtartalom, 8% nyershamu, 4,5% nyersrost, 2% kalcium, 1,1% foszfor, 0,5% omega-3 zsírsav, 2% omega-6 zsírsav, Összetétel 15% szárított marhafehérje, 14% friss marhahús, 14% rizs, 13,5% szárított burgonyapor, 10% szarvasmarha préstepertő, 9% borsó, 7,5% rizsliszt,  7% baromfizsír, 2,5% szárított répaszelet, 1,4% lenmag, 2,5% hidrolizált állati fehérje (máj, szív), 0,2% sörélesztő, cikóriapép (0,2%, szárított, 0,1% inulin), 0,1% lazacolaj, 0,1% napraforgóolaj, 0,1% szárított Yucca schidigera, 0,008% oregánó, 0,008% petrezselyem, 0,008% majoránna,  0,008% zsálya, 0,008% kakukkfű Adalékanyag/kg 17000 NE A-vitamin, 1200 NE D3-vitamin, 230 mg C-vitamin (aszkorbinsav), 200 mg E-vitamin (all-rac-alfa-tokoferil-acetát), 550 mg taurin, 13 mg réz (réz(II)-szulfát, pentahidrát), 116 mg vas (vas(II)-szulfát, monohidrát), 3 mg jód (kalcium-jodát, vízmentes), 12 mg mangán (mangán(II)-szulfát, monohidrát), 0,09 mg szelén (szeleno-metionin CNCM I-3399 Saccharomyces cerevisiae-ből), 197 mg cink (cink-szulfát, monohidrát) Táplálási javaslat A kutya súlya Adagolás (gramm/nap) átlagos aktivitású kutyák esetén Adagolás (gramm/nap) kevésbé aktív kutyák esetén 10 kg 155 g 125 g 15 kg 210 g 170 g 20 kg 260 g 210 g 25 kg 310 g 245 g 30 kg 355 g 285 g 40 kg 440 g 350 g 50 kg 520 g 415 g 60 kg 600 g 480 g A megadott adatok irányadó értékek. Az egyéni tápanyagigény a fajtától, az életkortól és az aktivitástól függ. Ügyeljen arra, hogy jutalomfalatok hozzáadása esetén csökkentse a megadott tápmennyiséget. Hűvös és száraz helyen tárolandó. Mindig álljon rendelkezésre friss ivóvíz. Nyomokban tartalmazhat egyéb összetevőket. Tovább olvasok"}
{"breadcrumb": "Főoldal/Kutya/Eledelek/Száraz eledelek/Premiere Best Meat száraz kutyaeledel adult marha 4kg", "product_name": "Premiere Best Meat száraz kutyaeledel adult marha 4kgPremiere Best Meat száraz kutyaeledel adult marha 4kg", "brand": "PremiereBest Meat1,1kg – 4kgFelnőttmarha&borjúízület védelem", "regular_price": "9 999", "selling_price": "8 999", "price_per_unit": "1 kg=1750 Ft", "product_url": "https://webshop.fressnapf.hu/termekek/premiere-best-meat-adult-beef-4kg/", "product_description": "Magas hústartalom (40%) Értékes omega-3 és omega-6 zsírsavak A PREMIERE Best Meat extra magas hústartalommal (40%) rendelkezik. A BEST MEAT Adult különösen sok értékes fehérjét tartalmaz és különösen ízletes. A válogatott gyógynövények, az inulin és a C-vitamin elősegítik a kiegyensúlyozott bélflóra kialakulását és erősíthetik az immunrendszert. Az értékes omega-3 és omega-6 zsírsavak hozzájárulhatnak az egészséges bőr és a fényes szőrzet fenntartásához. A taurin fontos a szívműködés szempontjából. A BEST MEAT Adult termékben található Yucca schidigera természetes módon hozzájárulhat a jellegzetes kellemetlen testszag csökkentéséhez. Az előnyök áttekintése: a magas hústartalom (40%) értékes fehérjéket tartalmaz gazdag friss húsban (14%) a megfelelő elfogadás érdekében a válogatott gyógynövények, az inulin és a C-vitamin erősítik a bélflórát és az immunrendszert A Yucca schidigera természetes módon hozzájárulhat a jellegzetes kellemetlen testszag csökkentéséhez Az értékes omega-3 és omega-6 zsírsavak hozzájárulhatnak az egészséges bőr és a fényes szőrzet fenntartásához. nem tartalmaz mesterséges színezékeket és tartósítószereket taurinnal a megfelelő szívműködésért Analitikai összetevők 25% fehérje, 12% zsírtartalom, 8% nyershamu, 4,5% nyersrost, 2% kalcium, 1,1% foszfor, 0,5% omega-3 zsírsav, 2% omega-6 zsírsav, Összetétel 15% szárított marhafehérje, 14% friss marhahús, 14% rizs, 13,5% szárított burgonyapor, 10% szarvasmarha préstepertő, 9% borsó, 7,5% rizsliszt,  7% baromfizsír, 2,5% szárított répaszelet, 1,4% lenmag, 2,5% hidrolizált állati fehérje (máj, szív), 0,2% sörélesztő, cikóriapép (0,2%, szárított, 0,1% inulin), 0,1% lazacolaj, 0,1% napraforgóolaj, 0,1% szárított Yucca schidigera, 0,008% oregánó, 0,008% petrezselyem, 0,008% majoránna,  0,008% zsálya, 0,008% kakukkfű Adalékanyag/kg 17000 NE A-vitamin, 1200 NE D3-vitamin, 230 mg C-vitamin (aszkorbinsav), 200 mg E-vitamin (all-rac-alfa-tokoferil-acetát), 550 mg taurin, 13 mg réz (réz(II)-szulfát, pentahidrát), 116 mg vas (vas(II)-szulfát, monohidrát), 3 mg jód (kalcium-jodát, vízmentes), 12 mg mangán (mangán(II)-szulfát, monohidrát), 0,09 mg szelén (szeleno-metionin CNCM I-3399 Saccharomyces cerevisiae-ből), 197 mg cink (cink-szulfát, monohidrát) Táplálási javaslat A kutya súlya Adagolás (gramm/nap) átlagos aktivitású kutyák esetén Adagolás (gramm/nap) kevésbé aktív kutyák esetén 10 kg 155 g 125 g 15 kg 210 g 170 g 20 kg 260 g 210 g 25 kg 310 g 245 g 30 kg 355 g 285 g 40 kg 440 g 350 g 50 kg 520 g 415 g 60 kg 600 g 480 g A megadott adatok irányadó értékek. Az egyéni tápanyagigény a fajtától, az életkortól és az aktivitástól függ. Ügyeljen arra, hogy jutalomfalatok hozzáadása esetén csökkentse a megadott tápmennyiséget. Hűvös és száraz helyen tárolandó. Mindig álljon rendelkezésre friss ivóvíz. Nyomokban tartalmazhat egyéb összetevőket. Tovább olvasok"}
{"breadcrumb": "Főoldal/Kutya/Eledelek/Száraz eledelek/Premiere Best Meat száraz kutyaeledel junior csirke 12,5kg", "product_name": "Premiere Best Meat száraz kutyaeledel junior csirke 12,5kgPremiere Best Meat száraz kutyaeledel junior csirke 12,5kg", "brand": "PremiereBest Meat12,1kg – 15kgKölyökszárnyasízület védelem", "regular_price": "3 799", "selling_price": "3 299", "price_per_unit": "1 kg=1200 Ft", "product_url": "https://webshop.fressnapf.hu/termekek/premiere-best-meat-junior-kutya-szarazeledel-csirke-125kg/", "product_description": "Magas csirkehús-tartalom (40%) Válogatott gyógynövények a bélflóra erősítéséhez Nem tartalmaz mesterséges színezékeket és tartósítószereket A BEST MEAT extra magas csirkehústartalommal (40%) rendelkezik és friss csirkehúsban (14%) gazdag. Így különösen sok értékes fehérjét tartalmaz és különösen ízletes. A válogatott gyógynövények, az inulin és a C-vitamin elősegítik a kiegyensúlyozott bélflóra kialakulását és erősíthetik az immunrendszert. A lenmag értékes omega-3 és omega-6 zsírsavakat tartalmaz, a taurin fontos a szívműködés szempontjából. A BEST MEAT Junior megnövelt fehérjetartalma elősegíti az optimális növekedést, a benne lévő száraz zöldkagylóhús pedig támogatja a fiatal kutya ízületeinek egészségét. Az előnyök áttekintése: a magas csirkehústartalom (40%) értékes fehérjéket tartalmaz gazdag friss csirkében (14%) a megfelelő elfogadás érdekében a válogatott gyógynövények, az inulin és a C-vitamin erősítik a bélflórát és az immunrendszert a megnövekedett fehérjetartalom támogatja az optimális növekedést, a zöldkagyló száraz húsa pedig támogatja az ízületeket nem tartalmaz mesterséges színezéket és tartósítószereket Analitikai összetevők 27% fehérje, 15% zsírtartalom, 7% nyershamu, 4% nyersrost, 1,4% kalcium, 0,9% foszfor, 0,6% omega-3 zsírsavak, omega-6 zsírsavak (2%) Összetétel 26,1% szárított csirkefehérje, 24% rizs, 16% szárított burgonyapor, 14% friss csirkehús, 5,4% baromfizsír, 2% szárított répaszelet, 2% lenmag, 1,5% hidrolizált állati fehérje (máj, szív), 0,3% sörélesztő, 0,3% szárított tojástermék, szárított cikóriapép (0,3%, 0,2% inulin), 0,2% lazacolaj, 0,05% napraforgóolaj, 0,04% béta-1,3/1,6-glükán, 0,03% szárított zöldkagylóhús, 0,008% szárított oregánó, 0,008% szárított petrezselyem, 0,008% szárított majoránna, 0,008% szárított zsálya, 0,008% szárított kakukkfű Adalékanyag/kg 15000 NE A-vitamin, 1500 NE D3-vitamin, 300 mg C-vitamin, 250 mg E-vitamin, 750 mg taurin, 20 mg réz (réz(II)-szulfát, pentahidrát), 178 mg vas (vas(II)-szulfát, monohidrát), 4,6 mg jód (kalcium-jodát, vízmentes), 19 mg  mangán (mangán(II)-szulfát, monohidrát), 0,14 mg szelén (szeleno-metionin CNCM I-3399 Saccharomyces cerevisiae-ből), 302 mg cink (cink-szulfát, monohidrát) Táplálási javaslat A kutya végleges súlya 2 hónap 3 hónap 4 hónap 5 hónap 6 hónap 7-10 hónap 11-12 hónap 13-18 hónap 19-24 hónap 2 kg 55 g 60 g 60 g 65 g 65 g 65 g Adult Adult Adult 5 kg 110 g 120 g 125 g 130 g 130 g 130 g Adult Adult Adult 10 kg 165 g 190 g 210 g 215 g 220 g 215 g Adult Adult Adult 20 kg 260 g 315 g 350 g 360 g 365 g 360 g 350 g Adult Adult 30 kg 320 g 400 g 435 g 475 g 485 g 495 g 490 g 475 g Adult 40 kg 355 g 485 g 530 g 590 g 600 g 615 g 615 g 590 g Adult 50 kg 480 g 540 g 580 g 645 g 655 g 670 g 675 g 665 g 640 g 60 kg 405 g 600 g 705 g 800 g 810 g 830 g 835 g 815 g 785 g A megadott adatok irányadó értékek. A tényleges tápanyagigény az életkortól, a fajtától, és az aktivitástól függ. Mindig álljon rendelkezésre friss ivóvíz. Adja szárazon vagy kevés vízzel megnedvesítve. Vemhes szukáknak: A vemhesség utolsó harmadában a korábbi eledelt PREMIERE BEST MEAT Juniorral helyettesítse. A napi etetési mennyiségnek a BEST MEAT Adult korábbi etetési mennyiségének kb. 130%-át kell elérnie. Szoptatós szukáknak: Kérjük, biztosítson korlátlan mennyiségű és bármikor szabadon hozzáférhető eledelt. Ügyeljen arra, hogy jutalomfalatok hozzáadása esetén csökkentse a megadott tápmennyiséget Tovább olvasok"}
{"breadcrumb": "Főoldal/Kutya/Eledelek/Száraz eledelek/Premiere Best Meat száraz kutyaeledel junior csirke 1kg", "product_name": "Premiere Best Meat száraz kutyaeledel junior csirke 1kgPremiere Best Meat száraz kutyaeledel junior csirke 1kg", "brand": "PremiereBest Meat801g – 1kgKölyökszárnyasízület védelem", "regular_price": "2 099", "selling_price": "1 899", "price_per_unit": "1 kg=1899 Ft", "product_url": "https://webshop.fressnapf.hu/termekek/premiere-best-meat-junior-chicken-1kg/", "product_description": "Magas csirkehús-tartalom (40%) Válogatott gyógynövények a bélflóra erősítéséhez Nem tartalmaz mesterséges színezékeket és tartósítószereket A BEST MEAT extra magas csirkehústartalommal (40%) rendelkezik és friss csirkehúsban (14%) gazdag. Így különösen sok értékes fehérjét tartalmaz és különösen ízletes. A válogatott gyógynövények, az inulin és a C-vitamin elősegítik a kiegyensúlyozott bélflóra kialakulását és erősíthetik az immunrendszert. A lenmag értékes omega-3 és omega-6 zsírsavakat tartalmaz, a taurin fontos a szívműködés szempontjából. A BEST MEAT Junior megnövelt fehérjetartalma elősegíti az optimális növekedést, a benne lévő száraz zöldkagylóhús pedig támogatja a fiatal kutya ízületeinek egészségét. Az előnyök áttekintése: a magas csirkehústartalom (40%) értékes fehérjéket tartalmaz gazdag friss csirkében (14%) a megfelelő elfogadás érdekében a válogatott gyógynövények, az inulin és a C-vitamin erősítik a bélflórát és az immunrendszert a megnövekedett fehérjetartalom támogatja az optimális növekedést, a zöldkagyló száraz húsa pedig támogatja az ízületeket nem tartalmaz mesterséges színezéket és tartósítószereket Analitikai összetevők 27% fehérje, 15% zsírtartalom, 7% nyershamu, 4% nyersrost, 1,4% kalcium, 0,9% foszfor, 0,6% omega-3 zsírsav, 2% omega-6 zsírsav, Összetétel 26,1% szárított csirkefehérje, 24% rizs, 16% szárított burgonyapor, 14% friss csirkehús, 5,4% baromfizsír, 2% szárított répaszelet, 2% lenmag, 1,5% hidrolizált állati fehérje (máj, szív), 0,3% sörélesztő, 0,3% szárított tojástermék, szárított cikóriapép (0,3%, 0,2% inulin), 0,2% lazacolaj, 0,05% napraforgóolaj, 0,04% béta-1,3/1,6-glükán, 0,03% szárított zöldkagylóhús, 0,008% szárított oregánó, 0,008% szárított petrezselyem, 0,008% szárított majoránna, 0,008% szárított zsálya, 0,008% szárított kakukkfű Adalékanyag/kg 15000 NE A-vitamin, 1500 NE D3-vitamin, 300 mg C-vitamin, 250 mg E-vitamin, 750 mg taurin, 20 mg réz (réz(II)-szulfát, pentahidrát), 178 mg vas (vas(II)-szulfát, monohidrát), 4,6 mg jód (kalcium-jodát, vízmentes), 19 mg  mangán (mangán(II)-szulfát, monohidrát), 0,14 mg szelén (szeleno-metionin CNCM I-3399 Saccharomyces cerevisiae-ből), 302 mg cink (cink-szulfát, monohidrát) Táplálási javaslat A kutya végleges súlya 2 hónap 3 hónap 4 hónap 5 hónap 6 hónap 7-10 hónap 11-12 hónap 13-18 hónap 19-24 hónap 2 kg 55 g 60 g 60 g 65 g 65 g 65 g Adult Adult Adult 5 kg 110 g 120 g 125 g 130 g 130 g 130 g Adult Adult Adult 10 kg 165 g 190 g 210 g 215 g 220 g 215 g Adult Adult Adult 20 kg 260 g 315 g 350 g 360 g 365 g 360 g 350 g Adult Adult 30 kg 320 g 400 g 435 g 475 g 485 g 495 g 490 g 475 g Adult 40 kg 355 g 485 g 530 g 590 g 600 g 615 g 615 g 590 g Adult 50 kg 380 g 540 g 580 g 645 g 655 g 670 g 675 g 665 g 640 g 60 kg 405 g 600 g 705 g 800 g 810 g 830 g 835 g 815 g 785 g A megadott adatok irányadó értékek. A tényleges tápanyagigény az életkortól, a fajtától, és az aktivitástól függ. Mindig álljon rendelkezésre friss ivóvíz. Adja szárazon vagy kevés vízzel megnedvesítve. Vemhes szukáknak: A vemhesség utolsó harmadában a korábbi eledelt PREMIERE BEST MEAT Juniorral helyettesítse. A napi etetési mennyiségnek a BEST MEAT Adult korábbi etetési mennyiségének kb. 130%-át kell elérnie. Szoptatós szukáknak: Kérjük, biztosítson korlátlan mennyiségű és bármikor szabadon hozzáférhető eledelt. Ügyeljen arra, hogy jutalomfalatok hozzáadása esetén csökkentse a megadott tápmennyiséget Tovább olvasok"}
{"breadcrumb": "Főoldal/Kutya/Eledelek/Száraz eledelek/Premiere Best Meat száraz kutyaeledel junior csirke 4kg", "product_name": "Premiere Best Meat száraz kutyaeledel junior csirke 4kgPremiere Best Meat száraz kutyaeledel junior csirke 4kg", "brand": "PremiereBest Meat1,1kg – 4kgKölyökszárnyasízület védelem", "regular_price": "3 799", "selling_price": "3 299", "price_per_unit": "1 kg=1750 Ft", "product_url": "https://webshop.fressnapf.hu/termekek/premiere-best-meat-junior-chicken-4kg/", "product_description": "Magas csirkehús-tartalom (40%) Válogatott gyógynövények a bélflóra erősítéséhez Nem tartalmaz mesterséges színezékeket és tartósítószereket A BEST MEAT extra magas csirkehústartalommal (40%) rendelkezik és friss csirkehúsban (14%) gazdag. Így különösen sok értékes fehérjét tartalmaz és különösen ízletes. A válogatott gyógynövények, az inulin és a C-vitamin elősegítik a kiegyensúlyozott bélflóra kialakulását és erősíthetik az immunrendszert. A lenmag értékes omega-3 és omega-6 zsírsavakat tartalmaz, a taurin fontos a szívműködés szempontjából. A BEST MEAT Junior megnövelt fehérjetartalma elősegíti az optimális növekedést, a benne lévő száraz zöldkagylóhús pedig támogatja a fiatal kutya ízületeinek egészségét. Az előnyök áttekintése: a magas csirkehústartalom (40%) értékes fehérjéket tartalmaz gazdag friss csirkében (14%) a megfelelő elfogadás érdekében a válogatott gyógynövények, az inulin és a C-vitamin erősítik a bélflórát és az immunrendszert a megnövekedett fehérjetartalom támogatja az optimális növekedést, a zöldkagyló száraz húsa pedig támogatja az ízületeket nem tartalmaz mesterséges színezéket és tartósítószereket Analitikai összetevők 27% fehérje, 15% zsírtartalom, 7% nyershamu, 4% nyersrost, 1,4% kalcium, 0,9% foszfor, 0,6% omega-3 zsírsav, 2% omega-6 zsírsav, Összetétel 26,1% szárított csirkefehérje, 24% rizs, 16% szárított burgonyapor, 14% friss csirkehús, 5,4% baromfizsír, 2% szárított répaszelet, 2% lenmag, 1,5% hidrolizált állati fehérje (máj, szív), 0,3% sörélesztő, 0,3% szárított tojástermék, szárított cikóriapép (0,3%, 0,2% inulin), 0,2% lazacolaj, 0,05% napraforgóolaj, 0,04% béta-1,3/1,6-glükán, 0,03% szárított zöldkagylóhús, 0,008% szárított oregánó, 0,008% szárított petrezselyem, 0,008% szárított majoránna, 0,008% szárított zsálya, 0,008% szárított kakukkfű Adalékanyag/kg 15000 NE A-vitamin, 1500 NE D3-vitamin, 300 mg C-vitamin, 250 mg E-vitamin, 750 mg taurin, 20 mg réz (réz(II)-szulfát, pentahidrát), 178 mg vas (vas(II)-szulfát, monohidrát), 4,6 mg jód (kalcium-jodát, vízmentes), 19 mg  mangán (mangán(II)-szulfát, monohidrát), 0,14 mg szelén (szeleno-metionin CNCM I-3399 Saccharomyces cerevisiae-ből), 302 mg cink (cink-szulfát, monohidrát) Táplálási javaslat A kutya végleges súlya 2 hónap 3 hónap 4 hónap 5 hónap 6 hónap 7-10 hónap 11-12 hónap 13-18 hónap 19-24 hónap 2 kg 55 g 60 g 60 g 65 g 65 g 65 g Adult Adult Adult 5 kg 110 g 120 g 125 g 130 g 130 g 130 g Adult Adult Adult 10 kg 165 g 190 g 210 g 215 g 220 g 215 g Adult Adult Adult 20 kg 260 g 315 g 350 g 360 g 365 g 360 g 350 g Adult Adult 30 kg 320 g 400 g 435 g 475 g 485 g 495 g 490 g 475 g Adult 40 kg 355 g 485 g 530 g 590 g 600 g 615 g 615 g 590 g Adult 50 kg 480 g 540 g 580 g 645 g 655 g 670 g 675 g 665 g 640 g 60 kg 405 g 600 g 705 g 800 g 810 g 830 g 835 g 815 g 785 g A megadott adatok irányadó értékek. A tényleges tápanyagigény az életkortól, a fajtától, és az aktivitástól függ. Mindig álljon rendelkezésre friss ivóvíz. Adja szárazon vagy kevés vízzel megnedvesítve. Vemhes szukáknak: A vemhesség utolsó harmadában a korábbi eledelt PREMIERE BEST MEAT Juniorral helyettesítse. A napi etetési mennyiségnek a BEST MEAT Adult korábbi etetési mennyiségének kb. 130%-át kell elérnie. Szoptatós szukáknak: Kérjük, biztosítson korlátlan mennyiségű és bármikor szabadon hozzáférhető eledelt. Ügyeljen arra, hogy jutalomfalatok hozzáadása esetén csökkentse a megadott tápmennyiséget Tovább olvasok"}
{"breadcrumb": "Főoldal/Kutya/Eledelek/Száraz eledelek/Premiere Best Meat száraz kutyaeledel light csirke 12,5kg", "product_name": "Premiere Best Meat száraz kutyaeledel light csirke 12,5kgPremiere Best Meat száraz kutyaeledel light csirke 12,5kg", "brand": "PremiereBest Meat12,1kg – 15kgFelnőttszárnyaslight", "regular_price": "9 999", "selling_price": "8 999", "price_per_unit": "1 kg=1200 Ft", "product_url": "https://webshop.fressnapf.hu/termekek/premiere-kutya-szaraz-eledel-light-csirke-125kg/", "product_description": "Magas csirkehústartalom (44%) Mérsékelt zsírtartalom (9,5%) Nem tartalmaz mesterséges színezékeket és tartósítószereket A BEST MEAT 44% csirkét tartalmaz (ebből 14% friss csirke), ezért sok értékes fehérjét kínál. A kiegyensúlyozott receptúra kifejezetten a túlsúlyra hajlamos kutyák igényeihez igazodik. A mérsékelt zsírtartalom* (9,5%) és az igény szerinti etetés megakadályozza a túlevést és az ebből eredő problémákat. A BEST MEAT Light eledelben található L-karnitin hozzájárulhat a hatékonyabb zsírégetéshez. Az inulin elősegíti a kiegyensúlyozott bélflóra kialakulását. Az értékes omega-3 és omega-6 zsírsavak hozzájárulhatnak az egészséges bőr és a fényes szőrzet fenntartásához. A taurin fontos a szívműködés szempontjából. A BEST MEAT Adult termékben található Yucca schidigera természetes módon hozzájárulhat a jellegzetes kellemetlen testszag csökkentéséhez. Az előnyök áttekintése: a magas csirkehústartalom (44%) értékes fehérjéket tartalmaz gazdag friss húsban (14%) a megfelelő elfogadás érdekében mérsékelt zsírtartalom* (9,5%) a túlevés és az ebből eredő problémák megakadélyozása érdekében az L-karnitin hozzájárulhat a hatékonyabb zsírégetéshez a válogatott gyógynövények, az inulin és a C-vitamin erősítik a bélflórát és az immunrendszert A Yucca schidigera természetes módon hozzájárulhat a jellegzetes kellemetlen testszag csökkentéséhez Az értékes omega-3 és omega-6 zsírsavak hozzájárulhatnak az egészséges bőr és a fényes szőrzet fenntartásához. nem tartalmaz mesterséges színezékeket és tartósítószereket taurinnal a megfelelő szívműködésért * Összehasonlítva a BEST MEAT ADULT termékkel Analitikai összetevők 30,5% fehérje, 9,5% zsírtartalom, 7,5% nyershamu, 4,5% nyersrost, 1,7% kalcium, 1,1% foszfor, 0,45% omega-3 zsírsav, 1,2% omega-6 zsírsav, Összetétel 31,8% szárított csirkefehérje, 25% rizs, 21,6% szárított burgonyapor, 14% friss csirkehús, 1,5% hidrolizált állati fehérje (máj, szív), 1,4% lenmag, 1% baromfizsír, 0,4% sörélesztő, cikóriapép (0,2%, szárított, 0,1% inulin), 0,1% lazacolaj, 0,1% napraforgóolaj, 0,1% szárított Yucca schidigera, 0,008% oregánó, 0,008% petrezselyem, 0,008% majoránna, 0,008% zsálya, 0,008% kakukkfű. Adalékanyag/kg 18000 NE A-vitamin, 1200 NE D3-vitamin, 250 mg C-vitamin (aszkorbinsav), 200 mg E-vitamin (all-rac-alfa-tokoferil-acetát), 500 mg taurin, 10 mg réz (réz(II)-szulfát, pentahidrát), 87 mg vas (vas(II)-szulfát, monohidrát), 2,3 mg jód (kalcium-jodát, vízmentes), 9,3 mg mangán (mangán(II)-szulfát, monohidrát), 0,07 mg szelén (szeleno-metionin CNCM I-339 Saccharomyces cerevisiae-ből), 147 mg cink (cink-szulfát, monohidrát) Táplálási javaslat A kutya elérni kívánt testsúlya Napi adag súlymegtartás esetén Napi adag súlycsökkentés esetén 5 kg 90 g 75 g 10 kg 145 g 125 g 15 kg 205 g 170 g 20 kg 250 g 215 g 25 kg 290 g 255 g 30 kg 340 g 290 g 40 kg 425 g 360 g 50 kg 500 g 425 g 60 kg 580 g 480 g A megadott adatok irányadó értékek. Az egyéni tápanyagigény a fajtától, az életkortól és az aktivitástól függ. Ügyeljen arra, hogy jutalomfalatok hozzáadása esetén csökkentse a megadott tápmennyiséget. Hűvös és száraz helyen tárolja. Mindig álljon rendelkezésre friss ivóvíz. Nyomokban tartalmazhat egyéb összetevőket. Tovább olvasok"}
{"breadcrumb": "Főoldal/Kutya/Eledelek/Száraz eledelek/Premiere Best Meat száraz kutyaeledel light csirke 1kg", "product_name": "Premiere Best Meat száraz kutyaeledel light csirke 1kgPremiere Best Meat száraz kutyaeledel light csirke 1kg", "brand": "Premiere801g – 1kgFelnőttszárnyashízásra hajlamosBest Meat", "regular_price": "2 099", "selling_price": "1 899", "price_per_unit": "1 kg=1899 Ft", "product_url": "https://webshop.fressnapf.hu/termekek/premiere-best-meat-szaraz-kutyaeledel-light-csirke-1kg/", "product_description": "Teljes értékű eledel kifejlett, túlsúlyra hajlamos kutyák számára. A csirkehús magas részaránya (44%) értékes fehérjéket biztosít. Friss csirkehúsban gazdag (14%) receptúra. Mérsékelt zsírtartalom a túletetésnek és következményeinek megelőzésére. Az L-karnitin hozzájárulhat az erőteljesebb zsírégetéshez. Mesterséges színezékek és tartósítószerek nélkül. Analitikai összetevők: Fehérje 30,5%, zsírtartalom 9,5%, nyershamu 7,5%, nyersrost 4,5%, kalcium 1,7%, foszfor 1,1%, omega-3 zsírsavak 0,45%, omega-6 zsírsavak 1,2%. Összetétel: Szárított csirkefehérje 31,8%, rizs 25%, szárított burgonyapép 21,6%, friss csirkehús 14%, hidrolizált állati fehérjék (máj, szív) 1,5%, lenmag 1,4%, baromfizsír 1%, sörélesztő 0,4%, cikóriapép (0,2% szárítva, inulin 0,1%), lazacolaj 0,1%, napraforgóolaj 0,1%, szárított yucca schidigera 0,1%, oregánó 0,008%, petrezselyem 0,008%, majoránna 0,008%, zsálya 0,008%, kakukkfű 0,008%. Adalékanyagok kg-onként: A-vitamin 18000 NE, D3-vitamin 1200 NE, C-vitamin (aszkorbinsav) 250 mg, E-vitamin (all-rac-alfa-tokoferil-acetát) 200 mg, taurin 500 mg, réz (réz(II)szulfát, pentahidrát) 10 mg, vas (vas(II)szulfát, (kalcium-jodát, vízmentes) 2,3 mg , mangán (mangán(II)-szulfát, monohidrát) 9,3 mg , szelén (szelenometionin Saccharomyces cerevisiae CNCM I-339-ből) 0,07 mg, cink (cink-szulfát, monohidrát) 147 mg. Tovább olvasok"}
{"breadcrumb": "Főoldal/Kutya/Eledelek/Száraz eledelek/Premiere Best Meat száraz kutyaeledel light csirke 4kg", "product_name": "Premiere Best Meat száraz kutyaeledel light csirke 4kgPremiere Best Meat száraz kutyaeledel light csirke 4kg", "brand": "PremiereBest Meat1,1kg – 4kgFelnőttszárnyaslight", "regular_price": "3 799", "selling_price": "3 299", "price_per_unit": "1 kg=1750 Ft", "product_url": "https://webshop.fressnapf.hu/termekek/premiere-kutya-szaraz-eledel-light-csirke-4kg/", "product_description": "Magas csirkehústartalom (44%) Mérsékelt zsírtartalom (9,5%) Nem tartalmaz mesterséges színezékeket és tartósítószereket A BEST MEAT 44% csirkét tartalmaz (ebből 14% friss csirke), ezért sok értékes fehérjét kínál. A kiegyensúlyozott receptúra kifejezetten a túlsúlyra hajlamos kutyák igényeihez igazodik. A mérsékelt zsírtartalom* (9,5%) és az igény szerinti etetés megakadályozza a túlevést és az ebből eredő problémákat. A BEST MEAT Light eledelben található L-karnitin hozzájárulhat a hatékonyabb zsírégetéshez. Az inulin elősegíti a kiegyensúlyozott bélflóra kialakulását. Az értékes omega-3 és omega-6 zsírsavak hozzájárulhatnak az egészséges bőr és a fényes szőrzet fenntartásához. A taurin fontos a szívműködés szempontjából. A BEST MEAT Adult termékben található Yucca schidigera természetes módon hozzájárulhat a jellegzetes kellemetlen testszag csökkentéséhez. Az előnyök áttekintése: a magas csirkehústartalom (44%) értékes fehérjéket tartalmaz gazdag friss húsban (14%) a megfelelő elfogadás érdekében mérsékelt zsírtartalom* (9,5%) a túlevés és az ebből eredő problémák megakadélyozása érdekében az L-karnitin hozzájárulhat a hatékonyabb zsírégetéshez a válogatott gyógynövények, az inulin és a C-vitamin erősítik a bélflórát és az immunrendszert A Yucca schidigera természetes módon hozzájárulhat a jellegzetes kellemetlen testszag csökkentéséhez Az értékes omega-3 és omega-6 zsírsavak hozzájárulhatnak az egészséges bőr és a fényes szőrzet fenntartásához. nem tartalmaz mesterséges színezékeket és tartósítószereket taurinnal a megfelelő szívműködésért * Összehasonlítva a BEST MEAT ADULT termékkel Analitikai összetevők 30,5% fehérje, 9,5% zsírtartalom, 7,5% nyershamu, 4,5% nyersrost, 1,7% kalcium, 1,1% foszfor, 0,45% omega-3 zsírsav, 1,2% omega-6 zsírsav, Összetétel 31,8% szárított csirkefehérje, 25% rizs, 21,6% szárított burgonyapor, 14% friss csirkehús, 1,5% hidrolizált állati fehérje (máj, szív), 1,4% lenmag, 1% baromfizsír, 0,4% sörélesztő, cikóriapép (0,2%, szárított, 0,1% inulin), 0,1% lazacolaj, 0,1% napraforgóolaj, 0,1% szárított Yucca schidigera, 0,008% oregánó, 0,008% petrezselyem, 0,008% majoránna, 0,008% zsálya, 0,008% kakukkfű. Adalékanyag/kg 18000 NE A-vitamin, 1200 NE D3-vitamin, 250 mg C-vitamin (aszkorbinsav), 200 mg E-vitamin (all-rac-alfa-tokoferil-acetát), 500 mg taurin, 10 mg réz (réz(II)-szulfát, pentahidrát), 87 mg vas (vas(II)-szulfát, monohidrát), 2,3 mg jód (kalcium-jodát, vízmentes), 9,3 mg mangán (mangán(II)-szulfát, monohidrát), 0,07 mg szelén (szeleno-metionin CNCM I-339 Saccharomyces cerevisiae-ből), 147 mg cink (cink-szulfát, monohidrát) Táplálási javaslat A kutya elérni kívánt testsúlya Napi adag súlymegtartás esetén Napi adag súlycsökkentés esetén 5 kg 90 g 75 g 10 kg 145 g 125 g 15 kg 205 g 170 g 20 kg 250 g 215 g 25 kg 290 g 255 g 30 kg 340 g 290 g 40 kg 425 g 360 g 50 kg 500 g 425 g 60 kg 580 g 480 g A megadott adatok irányadó értékek. Az egyéni tápanyagigény a fajtától, az életkortól és az aktivitástól függ. Ügyeljen arra, hogy jutalomfalatok hozzáadása esetén csökkentse a megadott tápmennyiséget. Hűvös és száraz helyen tárolja. Mindig álljon rendelkezésre friss ivóvíz. Nyomokban tartalmazhat egyéb összetevőket. Tovább olvasok"}
{"breadcrumb": "Főoldal/Kutya/Eledelek/Száraz eledelek/Premiere Best Meat száraz kutyaeledel maxi adult csirke 12,5kg", "product_name": "Premiere Best Meat száraz kutyaeledel maxi adult csirke 12,5kgPremiere Best Meat száraz kutyaeledel maxi adult csirke 12,5kg", "brand": "PremiereBest Meat12,1kg – 15kgFelnőttszárnyasízület védelemnagytestű 26kg-tól", "regular_price": "11 499", "selling_price": "9 999", "price_per_unit": "1 kg=1200 Ft", "product_url": "https://webshop.fressnapf.hu/termekek/premiere-best-meat-maxi-adult-csirke-125kg/", "product_description": "Magas csirkehústartalom (43%) A krokettek mérete kifejezetten a nagytestű fajták fogazatához igazodik Mesterséges színezékek és tartósítószerek hozzáadása nélkül A PREMIERE Best Meat Maxi Adult csirkehúsos termék extra magas csirkehús-tartalommal (43%) rendelkezik és friss csirkehúsban gazdag (14%). Így sok értékes fehérjét tartalmaz, és különösen ízletes. A válogatott gyógynövények, az inulin és a C-vitamin elősegítik a kiegyensúlyozott bélflóra kialakulását és erősíthetik az immunrendszert. Az értékes omega-3 és omega-6-zsírsavak hozzájárulhatnak az egészséges bőr és a fényes szőrzet fenntartásához. A BEST MEAT eledelben található glükózamin és kondroitin támogatja az ízületek erősödését; a kalcium, a foszfor és a D-vitamin gondoskodik a kutyák erős csontozatáról. A BEST MEAT ADULT Maxi termékben található Yucca schidigera természetes módon hozzájárul a jellegzetes kellemetlen testszag elkerüléséhez. Az előnyök áttekintése: a magas csirkehústartalom (43%) értékes fehérjéket tartalmaz gazdag friss csirkében (14%) a megfelelő elfogadás érdekében a glükózamin és a kondroitin támogatja az ízületi porcok erősödését kalciummal, foszforral és D3-vitaminnal az erős csontokért a válogatott gyógynövények, az inulin és a C-vitamin erősítik a bélflórát és az immunrendszert a krokettek mérete kifejezetten a nagytestű fajták fogazatához igazodik A Yucca schidigera természetes módon hozzájárulhat a jellegzetes kellemetlen testszag csökkentéséhez Az értékes omega-3 és omega-6 zsírsavak hozzájárulhatnak az egészséges bőr és a fényes szőrzet fenntartásához. nem tartalmaz mesterséges színezékeket és tartósítószereket taurinnal a megfelelő szívműködésért Analitikai összetevők 25% fehérje, 12% zsírtartalom, 7.5% nyershamu, 4,5% nyersrost, 1,60% kalcium, 1,00% foszfor, 0,45% omega-3-zsírsavak. 1,3% omega-6 zsírsav Összetétel szárított tyúktojásfehérje (29%), rizs (25%), szárított burgonyapép, friss csirkehús (14%), baromfizsír, hidrolizált állati fehérje (máj, szív), lenmag, sörélesztő, szárított cikóriapép (0,2%, 0,1% inulin), halolaj napraforgóolaj, Yucca schidigera (0,1%), béta-glükán (0,1%), glükózamin (0,01%), szárított oregánó (0,008%), szárított petrezselyem (0,008%), szárított majoránna (0,008%), szárított zsálya (0,008%), szárított kakukkfű (0,008%), Kondroitin-szulfát (0,005%), Adalékanyag/kg 12000 NE A-vitamin, 1200 NE D3-vitamin, 200 mg C-vitamin (aszkorbinsav), 500 mg taurin, 10 mg réz (réz(II)-szulfát, pentahidrát), 150 mg vas (vas-karbonát), 1,5 mg jód (kalcium-jodát, vízmentes), 14 mg mangán (mangán(II)-oxid), 0,1 mg szelén (szeleno-metionin Saccharomyces cerevisiae-ből**), 65 mg cink (cink-oxid), Technológiai adalékanyagok: kötőanyag (5000 mg bentonit). Táplálási javaslat Testsúly kilogrammonként átlagos igény megnövekedett igény Ajánlott eledelmennyiség Gramm/nap Ajánlott eledelmennyiség Gramm/nap 26 kg 255 g 320 g 30 kg 285 g 355 g 35 kg 320 g 400 g 40 kg 350 g 440 g 45 kg 385 g 480 g 50 kg 415 g 515 g 60 kg 475 g 595 g 70 kg 535 g 665 g 80 kg 590 g 735 g Tovább olvasok"}
{"breadcrumb": "Főoldal/Kutya/Eledelek/Száraz eledelek/PREMIERE Best Meat száraz kutyaeledel maxi adult csirke 4kg", "product_name": "PREMIERE Best Meat száraz kutyaeledel maxi adult csirke 4kgPREMIERE Best Meat száraz kutyaeledel maxi adult csirke 4kg", "brand": "PremiereBest Meat1,1kg – 4kgFelnőttszárnyasízület védelemnagytestű 26kg-tól", "regular_price": "11 499", "selling_price": "9 999", "price_per_unit": "1 kg=1750 Ft", "product_url": "https://webshop.fressnapf.hu/termekek/premiere-best-meat-szaraz-kutyaeledel-maxi-adult-csirke-4kg/", "product_description": "Magas csirkehústartalom (43%) A krokettek mérete kifejezetten a nagytestű fajták fogazatához igazodik Mesterséges színezékek és tartósítószerek hozzáadása nélkül A PREMIERE Best Meat Maxi Adult csirkehúsos termék extra magas csirkehús-tartalommal (43%) rendelkezik és friss csirkehúsban gazdag (14%). Így sok értékes fehérjét tartalmaz, és különösen ízletes. A válogatott gyógynövények, az inulin és a C-vitamin elősegítik a kiegyensúlyozott bélflóra kialakulását és erősíthetik az immunrendszert. Az értékes omega-3 és omega-6-zsírsavak hozzájárulhatnak az egészséges bőr és a fényes szőrzet fenntartásához. A BEST MEAT eledelben található glükózamin és kondroitin támogatja az ízületek erősödését; a kalcium, a foszfor és a D-vitamin gondoskodik a kutyák erős csontozatáról. A BEST MEAT ADULT Maxi termékben található Yucca schidigera természetes módon hozzájárul a jellegzetes kellemetlen testszag elkerüléséhez. Az előnyök áttekintése: a magas csirkehústartalom (43%) értékes fehérjéket tartalmaz gazdag friss csirkében (14%) a megfelelő elfogadás érdekében a glükózamin és a kondroitin támogatja az ízületi porcok erősödését kalciummal, foszforral és D3-vitaminnal az erős csontokért a válogatott gyógynövények, az inulin és a C-vitamin erősítik a bélflórát és az immunrendszert a krokettek mérete kifejezetten a nagytestű fajták fogazatához igazodik A Yucca schidigera természetes módon hozzájárulhat a jellegzetes kellemetlen testszag csökkentéséhez Az értékes omega-3 és omega-6 zsírsavak hozzájárulhatnak az egészséges bőr és a fényes szőrzet fenntartásához. nem tartalmaz mesterséges színezékeket és tartósítószereket taurinnal a megfelelő szívműködésért Analitikai összetevők 25% fehérje, 12% zsírtartalom, 7,5% nyershamu, 4,5% nyersrost, 1,60% kalcium, 1,00% foszfor, 0,45% omega-3 zsírsav, 1,3% omega-6 zsírsav, Összetétel szárított tyúktojás fehérje (29%), rizs (25%), szárított burgonyapép, friss csirkehús (14%), baromfizsír, hidrolizált állati fehérje (máj, szív), lenmag, sörélesztő, szárított cikóriapép (0,2%, 0,1% inulin), halolaj napraforgóolaj, Yucca schidigera (0,1%), béta-glükán (0,1%), glükózamin (0,01%), szárított oregánó (0,008%), szárított petrezselyem (0,008%), szárított majoránna (0,008%), szárított zsálya (0,008%), szárított kakukkfű (0,008%), Kondroitin-szulfát (0,005%), Adalékanyag/kg 12000 NE A-vitamin, 1200 NE D3-vitamin, 200 mg C-vitamin (aszkorbinsav), 500 mg taurin, 10 mg réz (réz(II)-szulfát, pentahidrát), 150 mg vas (vas-karbonát), 1,5 mg jód (kalcium-jodát, vízmentes), 14 mg mangán (mangán(II)-oxid), 0,1 mg szelén (szeleno-metionin Saccharomyces cerevisiae-ből**), 65 mg cink (cink-oxid), Technológiai adalékanyagok: kötőanyag (5000 mg bentonit). Táplálási javaslat Testsúly kilogrammonként átlagos igény megnövekedett igény Ajánlott eledelmennyiség Gramm/nap Ajánlott eledelmennyiség Gramm/nap 26 kg 255 g 320 g 30 kg 285 g 355 g 35 kg 320 g 400 g 40 kg 350 g 440 g 45 kg 385 g 480 g 50 kg 415 g 515 g 60 kg 475 g 595 g 70 kg 535 g 665 g 80 kg 590 g 735 g Tovább olvasok"}
{"breadcrumb": "Főoldal/Kutya/Eledelek/Száraz eledelek/Premiere Best Meat száraz kutyaeledel mini adult csirke 1kg", "product_name": "Premiere Best Meat száraz kutyaeledel mini adult csirke 1kgPremiere Best Meat száraz kutyaeledel mini adult csirke 1kg", "brand": "Premiere801g – 1kgFelnőttszárnyasBest Meat", "regular_price": "2 099", "selling_price": "1 899", "price_per_unit": "1 kg=1899 Ft", "product_url": "https://webshop.fressnapf.hu/termekek/premiere-best-meat-szaraz-kutyaeledel-mini-adult-csirke-1kg/", "product_description": "Teljes értékű eledel kifejlett, kis termetű (10 kg) kutyák számára. A csirkehús magas részaránya (40%) értékes fehérjéket biztosít. Friss csirkehúsban gazdag (14%) receptúra. Mérsékelt zsírtartalom a túletetésnek és következményeinek megelőzésére. A kroketteket kifejezetten kis állkapocshoz igazítva fejlesztették ki. A Yucca schidigera természetes módon mérsékli a kellemetlen kutyaszagot. Az értékes Omega-3 és Omega-6 zsírsavak hozzájárulhatnak a fényes szőrzet és az egészséges bőr megtartásához. Az inulin kedvezően befolyásolhatja a bélflóra kiegyensúlyozottságát. Mesterséges színezékek és tartósítószerek nélkül. Kiegyensúlyozott receptúra válogatott fűszernövényekkel. Analitikai összetevők: Fehérje 26%, zsírtartalom 14%, nyershamu 7%, nyersrost 4,5%, kalcium 1,6%, foszfor 0,9%, omega-3 zsírsavak 0,6%, omega-6 zsírsavak 1,9%. Összetétel: Szárított csirkefehérje 26%, rizs 25%, szárított burgonyapép 24%, friss csirkehús 14%, hidrolizált állati fehérjék (máj, szív) 1,5%, lenmag 1,4%, baromfizsír 4,3%, sörélesztő 0,5%, cikóriapép (0,2% szárítva, inulin 0,1%), lazacolaj 0,4%, napraforgóolaj 0,1%, szárított yucca schidigera 0,1%, oregánó 0,008%, petrezselyem 0,008%, majoránna 0,008%, zsálya 0,008%, kakukkfű 0,008%. Adalékanyagok kg-onként: A-vitamin 18000 NE, D3-vitamin 1200 NE, E-vitamin (all-rac-alfa-tokoferil-acetát) 250 mg, taurin 500 mg, réz (réz(II)szulfát, pentahidrát) 10 mg, vas (vas(II)szulfát, monohidrát) 87 mg, Jód (kalcium-jodát, vízmentes) 2,3 mg , Mangán (mangán(II)-szulfát, monohidrát) 9,3 mg , Szelén (szelenometionin Saccharomyces cerevisiae CNCM I-339-ből) 0,07 mg, Cink (cink-szulfát, monohidrát) 147 mg. Tovább olvasok"}
{"breadcrumb": "Főoldal/Kutya/Eledelek/Száraz eledelek/Premiere Best Meat száraz kutyaeledel mini adult csirke 4kg", "product_name": "Premiere Best Meat száraz kutyaeledel mini adult csirke 4kgPremiere Best Meat száraz kutyaeledel mini adult csirke 4kg", "brand": "PremiereBest Meat1,1kg – 4kgFelnőttszárnyasízület védelemkistestű 10kg-ig", "regular_price": "3 799", "selling_price": "3 299", "price_per_unit": "1 kg=1750 Ft", "product_url": "https://webshop.fressnapf.hu/termekek/premiere-kutya-szaraz-eledel-mini-csirke-4kg/", "product_description": "Megfelelő méretű krokettekkel Magas csirkehústartalom (40%) Nem tartalmaz mesterséges színezékeket és tartósítószereket A BEST MEAT 40% csirkehúst tartalmaz, így sok értékes fehérjét biztosít. A válogatott gyógynövényekkel és 14% friss csirkehússal készült kiegyensúlyozott receptúra különösen ízletes és kifejezetten a kistestű felnőtt kutyák igényeihez igazodik. A kis termetű kutyák gyakran külön odafigyelést igényelnek, ezért a BEST MEAT Adult Mini krokettek kifejezetten a kis fogazathoz méretezettek. a lenmag értékes omega-3 és omega-6 zsírsavakat tartalmaz. Az inulin elősegíti a kiegyensúlyozott bélflóra kialakulását. Az előnyök áttekintése: a magas csirkehústartalom (40%) értékes fehérjéket tartalmaz kiegyensúlyozott receptúra, friss csirkében gazdag (14%) különösen ízletes, válogatott fűszernövényekkel a krokettek mérete kifejezetten a kis fogazathoz igazodik nem tartalmaz mesterséges színezékeket és tartósítószereket Analitikai összetevők 26% fehérje, 14% zsírtartalom, 7% nyershamu, 4,5% nyersrost, 1,6% kalcium, 0,9% foszfor, 0,6% omega-3 zsírsav, 1,9% omega-6 zsírsav, Összetétel 26% szárított csirkefehérje, 25% rizs, 24% szárított burgonyapor, 14% friss csirkehús, 1,5% hidrolizált állati fehérje (máj, szív), 1,4% lenmag, 4,3% baromfizsír, 0,5% sörélesztő, cikóriapép (0,2%, szárított, 0,1% inulin), 0,4% lazacolaj, 0,1% napraforgóolaj, 0,1% szárított Yucca schidigera, 0,008% oregánó, 0,008% petrezselyem, 0,008% majoránna, 0,008% zsálya, 0,008% kakukkfű. Adalékanyag/kg 18000 NE A-vitamin, 1200 NE D3-vitamin, 250 mg E-vitamin (all-rac-alfa-tokoferil-acetát), 500 mg taurin, 10 mg réz (réz(II)-szulfát, pentahidrát), 87 mg vas (vas(II)-szulfát, monohidrát), 2,3 mg jód (kalcium-jodát, vízmentes), 9,3 mg mangán (mangán(II)-szulfát, monohidrát), 0,07 mg szelén (szeleno-metionin CNCM I-339 Saccharomyces cerevisiae-ből), 147 mg cink (cink-szulfát, monohidrát) Táplálási javaslat A kutya súlya Adagolás (gramm/nap) aktív kutyák esetén Adagolás (gramm/nap) kevésbé aktív kutyák esetén 2 kg 45 g 40 g 3 kg 60 g 50 g 4 kg 75 g 60 g 5 kg 90 g 70 g 6 kg 105 g 80 g 8 kg 130 g 100 g 10 kg 155 g 120 g A megadott adatok irányadó értékek. Az egyéni tápanyagigény a fajtától, az életkortól és az aktivitástól függ. Ügyeljen arra, hogy jutalomfalatok hozzáadása esetén csökkentse a megadott tápmennyiséget. Hűvös és száraz helyen tárolja. Mindig álljon rendelkezésre friss ivóvíz. Nyomokban tartalmazhat egyéb összetevőket. Tovább olvasok"}
{"breadcrumb": "Főoldal/Kutya/Eledelek/Száraz eledelek/Premiere Best Meat száraz kutyaeledel senior csirke 12,5kg", "product_name": "Premiere Best Meat száraz kutyaeledel senior csirke 12,5kgPremiere Best Meat száraz kutyaeledel senior csirke 12,5kg", "brand": "PremiereBest Meat12,1kg – 15kgIdősszárnyas", "regular_price": "9 999", "selling_price": "8 999", "price_per_unit": "1 kg=1200 Ft", "product_url": "https://webshop.fressnapf.hu/termekek/premiere-szaraz-kutyaeledel-senior-csirke-125kg/", "product_description": "Magas csirkehústartalom (39%) Az ízületi porcok támogatása és erősítése Nem tartalmaz mesterséges színezékeket és tartósítószereket A BEST MEAT nagy arányban tartalmaz csirkehúst (39%), és gazdag friss csirkehúsban (14%) Így sok értékes fehérjét tartalmaz. A megnövelt vitamintartalmú* kiegyensúlyozott receptúra kifejezetten az idősebb kutyák igényeihez igazodik. A szervezet saját védekezőképességét pozitívan befolyásolhatja a BEST MEAT termékben található béta-glükán. A csökkentett foszfortartalom* segít a vesék tehermentesítésében. Az E- és C-vitamin, valamint az antioxidánsok és nyomelemek hozzájárulnak a sejtek védelméhez. A glükózamin és a kondroitin támogatja az ízületi porcok erősödését. A lenmag értékes omega-3 és omega-6 zsírsavakat tartalmaz, ezek  hozzájárulnak az egészséges bőr és a fényes szőrzet fenntartásához. * Összehasonlítva a BEST MEAT ADULT termékkel Az előnyök áttekintése: a magas csirkehústartalom (39%) értékes fehérjéket tartalmaz friss csirkében gazdag (14%) Az E- és C-vitamin, az antioxidánsok és nyomelemek hozzájárulnak a sejtek védelméhez a glükózamin és a kondroitin támogatja az ízületi porcok erősödését nem tartalmaz mesterséges színezékeket és tartósítószereket Értékes omega-3 és omega-6 zsírsavak Analitikai összetevők 22% fehérje, 9,5% zsírtartalom, 6% nyershamu, 5% nyersrost, 1,4% kalcium, 0,8% foszfor, 0,45% omega-3 zsírsav, 1,1% omega-6 zsírsav. Összetétel 25%  szárított csirkefehérje, 25% rizs, 20% szárított burgonyapor, 14% friss csirkehús, 3,2% szárított répaszeletek, 2,6% rizsliszt, 1,5% baromfizsír, 1,5% hidrolizált állati fehérje (máj, szív),  1,4% lenmag, 0,8% borsó, 0,5% sörélesztő, szárított cikóriapép (0,2%, 0,1% inulin), 0,1% lazacolaj, 0,1% szárított  Yucca schidigera, 0,1% napraforgóolaj, 0,1% béta-1,3/1,6-glükán, 0,01% glükózamin, 0,008% szárított zsálya, 0,008% szárított oregánó, 0,008% szárított petrezselyem, 0,008% szárított majoránna, 0,008% szárított kakukkfű, 0,005% kondroitin-szulfát Adalékanyag/kg 21000 NE A-vitamin, 1500 NE D3-vitamin, 230 mg E-vitamin, 280 mg C-vitamin (aszkorbilmonofoszfát, kalcium-nátrium só), 700 mg taurin, 15 mg réz (réz(II)-szulfát, pentahidrát),  129 mg vas (vas(II)-szulfát, monohidrát), 3,4 mg jód (kalcium-jodát, vízmentes), 14 mg mangán (mangán(II)-szulfát, monohidrát), 0,1 mg szelén (szeleno-metionin CNCM I-3399 Saccharomyces cerevisiae-ből), 219 mg cink (cink-szulfát, monohidrát). Táplálási javaslat Végleges súly kg-ban Adagolás (gramm/nap) aktív kutyák esetén Adagolás (gramm/nap) kevésbé aktív kutyák esetén 5 kg 80 g 65 g 10 kg 135 g 105 g 15 kg 180 g 145 g 20 kg 225 g 180 g 25 kg 270 g 215 g 30 kg 305 g 245 g 40 kg 380 g 305 g 50 kg 450 g 360 g 60 kg 515 g 410 g A megadott adatok irányadó értékek. Az egyéni tápanyagigény a fajtától, az életkortól és az aktivitástól függ. Ügyeljen arra, hogy jutalomfalatok hozzáadása esetén csökkentse a megadott tápmennyiséget. Hűvös és száraz helyen tárolja. Mindig álljon rendelkezésre friss ivóvíz. Nyomokban egyéb összetevőket tartalmazhat Tovább olvasok"}
{"breadcrumb": "Főoldal/Kutya/Eledelek/Száraz eledelek/Premiere Best Meat száraz kutyaeledel senior csirke 1kg", "product_name": "Premiere Best Meat száraz kutyaeledel senior csirke 1kgPremiere Best Meat száraz kutyaeledel senior csirke 1kg", "brand": "Premiere801g – 1kgIdősszárnyasBest Meat", "regular_price": "2 099", "selling_price": "1 899", "price_per_unit": "1 kg=1899 Ft", "product_url": "https://webshop.fressnapf.hu/termekek/premiere-best-meat-szaraz-kutyaeledel-senior-csirke-1kg/", "product_description": "Teljes értékű eledel idősebb kutyák számára. A csirkehús magas részaránya (39%) értékes fehérjéket biztosít. Friss csirkehúsban gazdag (14%) receptúra. Az E- és C-vitamin, az antioxidánsok és a nyomelemek hozzájárulhatnak a sejtfal védelméhez. A glükózamin és a kondroitin hozzájárulhatnak az ízületi porcok szilárdságához. Mesterséges színezékek és tartósítószerek nélkül. Analitikai összetevők: Fehérje 22%, zsírtartalom 9,5%, nyershamu 6%, nyersrost 5%, kalcium 1,4%, foszfor 0,8%, omega-3 zsírsavak 0,45%, omega-6 zsírsavak 1,1%. Összetétel: Szárított csirkefehérje 25%, rizs 25%, szárított burgonyapép 20%, friss csirke 14%, szárított répapép 3,2%, rizsliszt 2,6%, baromfizsír 1,5%, hidrolizált állati fehérjék (máj, szív) 1,5%, lenmag 1,4%, borsó 0,8%, sörélesztő 0,5%, szárított cikóriapép (0,2%, inulin: 0,1%), lazacolaj 0,1%, szárított yucca schidigera 0,1%, napraforgóolaj 0,1%, béta-1,3/1,6-glükán 0,1%, glükozamin 0,01%, szárított zsálya 0, 008%, szárított oregánó 0,008%, szárított petrezselyem 0,008%, szárított majoránna 0,008%, szárított kakukkfű 0,008%, kondroitin-szulfát 0,005%. Adalékanyagok kg-onként: A-vitamin 21000 NE, D3-vitamin 1500 NE, E-vitamin 230 mg, C-vitamin (aszkorbil-monofoszfát, kalcium-nátriumsó) 280 mg, taurin 700 mg, réz (réz(II)-szulfát, pentahidrát) 15 mg, vas (vas(II)-szulfát, monohidrát) 129mg, jód (kalcium-jodát, vízmentes) 3,4mg, mangán (mangán(II)-szulfát, monohidrát) 14mg, szelén (szelenometionin Saccharomyces cerevisiae CNCM I-3399-ből) 0,1mg, cink (cink-szulfát, monohidrát) 219mg. Tovább olvasok"}
{"breadcrumb": "Főoldal/Kutya/Eledelek/Száraz eledelek/Premiere Best Meat száraz kutyaeledel senior csirke 4kg", "product_name": "Premiere Best Meat száraz kutyaeledel senior csirke 4kgPremiere Best Meat száraz kutyaeledel senior csirke 4kg", "brand": "PremiereBest Meat1,1kg – 4kgIdősszárnyas", "regular_price": "9 999", "selling_price": "8 999", "price_per_unit": "1 kg=1750 Ft", "product_url": "https://webshop.fressnapf.hu/termekek/premiere-szaraz-kutyaeledel-senior-csirke-4kg/", "product_description": "Magas csirkehústartalom (39%) Az ízületi porcok támogatása és erősítése Nem tartalmaz mesterséges színezékeket és tartósítószereket A BEST MEAT magas csirkehústartalommal (39%) rendelkezik és friss csirkehúsban (14%) gazdag. Így sok értékes fehérjét tartalmaz. A megnövelt vitamintartalmú* kiegyensúlyozott receptúra kifejezetten az idősebb kutyák igényeihez igazodik. A szervezet saját védekezőképességét pozitívan befolyásolhatja a BEST MEAT termékben található béta-glükán. A csökkentett foszfortartalom* segít a vesék tehermentesítésében. Az E- és C-vitamin, valamint az antioxidánsok és nyomelemek hozzájárulnak a sejtek védelméhez. A glükózamin és a kondroitin támogatja az ízületi porcok erősödését. A lenmag értékes omega-3 és omega-6 zsírsavakat tartalmaz, ezek  hozzájárulnak az egészséges bőr és a fényes szőrzet fenntartásához. * Összehasonlítva a BEST MEAT ADULT termékkel Az előnyök áttekintése: a magas csirkehústartalom (39%) értékes fehérjéket tartalmaz friss csirkében gazdag (14%) Az E- és C-vitamin, az antioxidánsok és nyomelemek hozzájárulnak a sejtek védelméhez a glükózamin és a kondroitin támogatja az ízületi porcok erősödését nem tartalmaz mesterséges színezékeket és tartósítószereket Értékes omega-3 és omega-6 zsírsavak Analitikai összetevők 22% fehérje, 9,5% zsírtartalom, 6% nyershamu, 5% nyersrost, 1,4% kalcium, 0,8% foszfor, 0,45% omega-3 zsírsavak, 1,1% omega-6 zsírsavak. Összetétel 25% szárított csirkefehérje, 25% rizs, 20% szárított burgonyapor, 14% friss csirkehús, 3,2% szárított répaszeletek, 2,6% rizsliszt, 1,5% baromfizsír, 1,5% hidrolizált állati fehérje (máj, szív),  1,4% lenmag, 0,8% borsó, 0,5% sörélesztő, szárított cikóriapép (0,2%, 0,1% inulin), 0,1% lazacolaj, 0,1% szárított  Yucca schidigera, 0,1% napraforgóolaj, 0,1% béta-1,3/1,6-glükán, 0,01% glükózamin, 0,008% szárított zsálya, 0,008% szárított oregánó, 0,008% szárított petrezselyem, 0,008% szárított majoránna, 0,008% szárított kakukkfű, 0,005% kondroitin-szulfát Adalékanyag/kg 21000 NE A-vitamin, 1500 NE D3-vitamin, 230 mg E-vitamin, 280 mg C-vitamin (aszkorbilmonofoszfát, kalcium-nátrium só), 700 mg taurin, 15 mg réz (réz(II)-szulfát, pentahidrát),  129 mg vas (vas(II)-szulfát, monohidrát), 3,4 mg jód (kalcium-jodát, vízmentes), 14 mg mangán (mangán(II)-szulfát, monohidrát), 0,1 mg szelén (szeleno-metionin CNCM I-3399 Saccharomyces cerevisiae-ből), 219 mg cink (cink-szulfát, monohidrát). Táplálási javaslat Végleges súly kg-ban Adagolás (gramm/nap) aktív kutyák esetén Adagolás (gramm/nap) kevésbé aktív kutyák esetén 5 kg 80 g 65 g 10 kg 135 g 105 g 15 kg 180 g 145 g 20 kg 225 g 180 g 25 kg 270 g 215 g 30 kg 305 g 245 g 40 kg 380 g 305 g 50 kg 450 g 360 g 60 kg 515 g 410 g A megadott adatok irányadó értékek. Az egyéni tápanyagigény a fajtától, az életkortól és az aktivitástól függ. Ügyeljen arra, hogy jutalomfalatok hozzáadása esetén csökkentse a megadott tápmennyiséget. Hűvös és száraz helyen tárolja. Mindig álljon rendelkezésre friss ivóvíz. Nyomokban egyéb összetevőket tartalmazhat Tovább olvasok"}
{"breadcrumb": "Főoldal/Kutya/Eledelek/Jutalomfalatok&rágcsák/Premiere Bonies Grain Free kutya jutalomfalat szárnyas 175g", "product_name": "Premiere Bonies Grain Free kutya jutalomfalat szárnyas 175gPremiere Bonies Grain Free kutya jutalomfalat szárnyas 175g", "brand": "PremiereBonies GrainfreeFelnőttszárnyastréning falatokgabonamentes", "regular_price": "899", "selling_price": "", "price_per_unit": "1 kg=5137 Ft", "product_url": "https://webshop.fressnapf.hu/termekek/premiere-bonies-grain-free-kutya-jutalomfalat-szarnyas-175g/", "product_description": "Jutalomfalat Gabona- és cukormentes Visszazárható Minden kutyának. A PREMIERE BONIES GRAIN FREE szárnyas gabona- és cukormentes csontok ideálisan alkalmazhatók jutalomfalatként. Praktikus, újrazárható csomagolásban. Kiegészítő eledel kutyák számára. Bővebb információk a következő címen kérhetők: webshop@fressnapf.hu Analitikai összetevők 30% fehérje, 5% zsírtartalom, 4% nyershamu, 5% nyersrost, 25% nedvességtartalom. Összetétel Hús és állati eredetű melléktermékek (17,5% baromfi), növényi eredetű melléktermékek (12% burgonya, 6% tápióka, 4% lucerna). Adalékanyag/kg Tartósítószer. Táplálási javaslat Jutalomfalat a fő eledel kiegészítéseként. Szükség szerint csökkenteni kell a fő eledel mennyiségét. Ne használja önálló eledelként. Hűvös és száraz helyen tárolja. Tovább olvasok"}
{"breadcrumb": "Főoldal/Kutya/Eledelek/Jutalomfalatok&rágcsák/Premiere Bonies Grain Free kutya jutalomfalat vad 175g", "product_name": "Premiere Bonies Grain Free kutya jutalomfalat vad 175gPremiere Bonies Grain Free kutya jutalomfalat vad 175g", "brand": "PremiereBonies GrainfreeFelnőttvadtréning falatokgabonamentes", "regular_price": "899", "selling_price": "", "price_per_unit": "1 kg=5137 Ft", "product_url": "https://webshop.fressnapf.hu/termekek/premiere-bonies-grain-free-kutya-jutalomfalat-vad-175g/", "product_description": "Jutalomfalat Gabona- és cukormentes Visszazárható Minden kutyának. A PREMIERE BONIES GRAIN FREE szárnyas gabona- és cukormentes csontok ideálisan alkalmazhatók jutalomfalatként. Praktikus, újrazárható csomagolásban. Kiegészítő eledel kutyák számára. Bővebb információk a következő címen kérhetők: webshop@fressnapf.hu Analitikai összetevők 28% fehérje, 5% zsírtartalom, 4% nyershamu, 5% nyersrost, 25% nedvességtartalom. Összetétel Hús és állati eredetű melléktermékek (10% vadhús), növényi eredetű melléktermékek (12% burgonya, 6% tápióka, 4% lucerna). Adalékanyag/kg Tartósítószer. Táplálási javaslat Jutalomfalat a fő eledel kiegészítéseként. Szükség szerint csökkenteni kell a fő eledel mennyiségét. Ne használja önálló eledelként. Hűvös és száraz helyen tárolja. Tovább olvasok"}
{"breadcrumb": "Főoldal/Kutya/Eledelek/Jutalomfalatok&rágcsák/Premiere Bonies kutya jutalomfalat bárány 200g", "product_name": "Premiere Bonies kutya jutalomfalat bárány 200gPremiere Bonies kutya jutalomfalat bárány 200g", "brand": "PremiereBoniesFelnőttjuh&bárány&kecsketréning falatok", "regular_price": "899", "selling_price": "", "price_per_unit": "1 kg=4495 Ft", "product_url": "https://webshop.fressnapf.hu/termekek/premiere-bonies-barany-200g/", "product_description": "Ideális jutalomfalat két étkezés között Cukormentes Kistestű felnőtt kutyák számára Jutalomfalat két étkezés között …mert jó voltál, nagyon szófogadó voltál, megtanultál egy nagyszerű trükköt, vagy csak azért, mert szeretlek – számos jó ok, amely még örömtelibbé teszi a hűséges társunkkal való együttlétet, amikor jutalomként egy kis finomság kerül elő a tarsolyból. Bármikor: akár a kiképző pályán, akár útközben, akár egy kiadós rágáshoz. Kiegészítő eledel kistestű felnőtt kutyák számára. Bővebb információk a következő címen kérhetők: webshop@fressnapf.hu Analitikai összetevők 30% fehérje, 6,5% zsírtartalom, 5% nyershamu, 2% nyersrost Összetétel hús és állati eredetű melléktermékek (5% bárányhús), gabona, növényi eredetű melléktermékek. Táplálási javaslat Jutalomfalat a fő eledel kiegészítéseként. Szükség szerint csökkenteni kell a fő eledel mennyiségét. Ne használja önálló eledelként. Hűvös és száraz helyen tárolja. Tovább olvasok"}
{"breadcrumb": "Főoldal/Kutya/Eledelek/Jutalomfalatok&rágcsák/Premiere Bonies kutya jutalomfalat gabonamentes lóhús 175g", "product_name": "Premiere Bonies kutya jutalomfalat gabonamentes lóhús 175gPremiere Bonies kutya jutalomfalat gabonamentes lóhús 175g", "brand": "PremiereBonies GrainfreeFelnőttlótréning falatok", "regular_price": "899", "selling_price": "", "price_per_unit": "1 kg=5137 Ft", "product_url": "https://webshop.fressnapf.hu/termekek/premiere-bonies-gabonamentes-lohus-175g/", "product_description": "Jutalomfalat Gabona- és cukormentes Visszazárható Minden kutyának. A PREMIERE BONIES GRAIN FREE szárnyas gabona- és cukormentes csontok ideálisan alkalmazhatók jutalomfalatként. Praktikus, újrazárható csomagolásban. Kiegészítő eledel kutyák számára. Bővebb információk a következő címen kérhetők: webshop@fressnapf.hu Analitikai összetevők 21% fehérje, 5.2% zsírtartalom, 9.8% nyershamu, 1.9% nyersrost, 28% nedvességtartalom. Összetétel hús és állati eredetű melléktermékek 49% (többek között 26% ló), burgonyaliszt, glicerin, 6% tápióka, 4% lucerna, burgonyakeményítő Táplálási javaslat Jutalomfalat a fő eledel kiegészítéseként. Szükség szerint csökkenteni kell a fő eledel mennyiségét. Ne használja önálló eledelként. Hűvös és száraz helyen tárolja. Tovább olvasok"}
{"breadcrumb": "Főoldal/Kutya/Eledelek/Jutalomfalatok&rágcsák/Premiere Bonies kutya jutalomfalat lazac 200g", "product_name": "Premiere Bonies kutya jutalomfalat lazac 200gPremiere Bonies kutya jutalomfalat lazac 200g", "brand": "PremiereBoniesFelnőtthal&tenger gyümölcseitréning falatok", "regular_price": "899", "selling_price": "", "price_per_unit": "1 kg=4495 Ft", "product_url": "https://webshop.fressnapf.hu/termekek/premiere-bonies-lazac-200g/", "product_description": "Ideális jutalomfalat két étkezés között Cukormentes Kistestű felnőtt kutyák számára Jutalomfalat két étkezés között …mert jó voltál, nagyon szófogadó voltál, megtanultál egy nagyszerű trükköt, vagy csak azért, mert szeretlek – számos jó ok, amely még örömtelibbé teszi a hűséges társunkkal való együttlétet, amikor jutalomként egy kis finomság kerül elő a tarsolyból. Bármikor: akár a kiképző pályán, akár útközben, akár egy kiadós rágáshoz. Kiegészítő eledel kistestű felnőtt kutyák számára. Bővebb információk a következő címen kérhetők: webshop@fressnapf.hu Analitikai összetevők 32% fehérje, 6% zsírtartalom, 4% nyershamu, 2% nyersrost, Összetétel Hús és állati eredetű melléktermékek, növényi eredetű melléktermékek, Gabona, hal és hal melléktermékek (4% fekete tőkehal). Adalékanyag/kg – Táplálási javaslat Jutalomfalat a fő eledel kiegészítéseként. Szükség szerint csökkenteni kell a fő eledel mennyiségét. Ne használja önálló eledelként alkalmas. Hűvös és száraz helyen tárolja Tovább olvasok"}
{"breadcrumb": "Főoldal/Kutya/Eledelek/Jutalomfalatok&rágcsák/Premiere Bonies kutya jutalomfalat marha 200g", "product_name": "Premiere Bonies kutya jutalomfalat marha 200gPremiere Bonies kutya jutalomfalat marha 200g", "brand": "PremiereBoniesFelnőttmarha&borjútréning falatok", "regular_price": "899", "selling_price": "", "price_per_unit": "1 kg=4495 Ft", "product_url": "https://webshop.fressnapf.hu/termekek/premiere-bonies-kutya-jutalomfalat-marha-200g/", "product_description": "Ideális jutalomfalat két étkezés között Cukormentes Kistestű felnőtt kutyák számára Jutalomfalat két étkezés között …mert jó voltál, nagyon szófogadó voltál, megtanultál egy nagyszerű trükköt, vagy csak azért, mert szeretlek – számos jó ok, amely még örömtelibbé teszi a hűséges társunkkal való együttlétet, amikor jutalomként egy kis finomság kerül elő a tarsolyból. Bármikor: akár a kiképző pályán, akár útközben, akár egy kiadós rágáshoz. Kiegészítő eledel kistestű felnőtt kutyák számára. Bővebb információk a következő címen kérhetők: webshop@fressnapf.hu Analitikai összetevők 30% fehérje, 4,5% zsírtartalom, 4% nyershamu, 2% nyersrost Összetétel hús és állati eredetű melléktermékek (18% marhahús), gabona, növényi eredetű melléktermékek. Táplálási javaslat Jutalomfalat a fő eledel kiegészítéseként. Szükség szerint csökkenteni kell a fő eledel mennyiségét. Ne használja önálló eledelként. Hűvös és száraz helyen tárolja. Tovább olvasok"}
{"breadcrumb": "Főoldal/Kutya/Eledelek/Jutalomfalatok&rágcsák/Premiere Bonies kutya jutalomfalat vad 200g", "product_name": "Premiere Bonies kutya jutalomfalat vad 200gPremiere Bonies kutya jutalomfalat vad 200g", "brand": "PremiereBoniesFelnőttvadtréning falatok", "regular_price": "899", "selling_price": "", "price_per_unit": "1 kg=4495 Ft", "product_url": "https://webshop.fressnapf.hu/termekek/premiere-bonies-vad-200g/", "product_description": "Ideális jutalomfalat két étkezés között Cukormentes Kistestű felnőtt kutyák számára Jutalomfalat két étkezés között …mert jó voltál, nagyon szófogadó voltál, megtanultál egy nagyszerű trükköt, vagy csak azért, mert szeretlek – számos jó ok, amely még örömtelibbé teszi a hűséges társunkkal való együttlétet, amikor jutalomként egy kis finomság kerül elő a tarsolyból. Bármikor: akár a kiképző pályán, akár útközben, akár egy kiadós rágáshoz. Kiegészítő eledel kistestű felnőtt kutyák számára. Bővebb információk a következő címen kérhetők: webshop@fressnapf.hu Analitikai összetevők 31% fehérje, 6% zsírtartalom, 4% nyershamu, 3% nyersrost, 25% nedvességtartalom. Összetétel Hús és állati eredetű melléktermékek (4% vadhús), gabona, növényi eredetű melléktermékek. Táplálási javaslat Jutalomfalat a fő eledel kiegészítéseként. Szükség szerint csökkenteni kell a fő eledel mennyiségét. Ne használja önálló eledelként alkalmas. Hűvös és száraz helyen tárolja. Tovább olvasok"}
{"breadcrumb": "Főoldal/Kutya/Eledelek/Jutalomfalatok&rágcsák/Premiere Bonies Mini kutya jutalomfalat marha 125g", "product_name": "Premiere Bonies Mini kutya jutalomfalat marha 125gPremiere Bonies Mini kutya jutalomfalat marha 125g", "brand": "PremiereBonies MiniFelnőttmarha&borjútréning falatok", "regular_price": "699", "selling_price": "", "price_per_unit": "1 kg=5592 Ft", "product_url": "https://webshop.fressnapf.hu/termekek/premiere-bonies-mini-kutya-jutalomfalat-marha-125g/", "product_description": "Kiegészítő eledel kis termetű kifejlett kutyák számára – cukormentes. Összetétel: Hús és állati melléktermékek (18% marhahús), gabonafélék, növényi melléktermékek. Analitikus összetevők: Fehérje 30%, zsírtartalom 4,5%, nyershamu 4%, nyersrost 2%, nedvesség 25%. Etetési javaslat: ropi, a fő eledel kiegészítése. A fő eledel mennyisége szükség szerint csökkenthető. Nem alkalmas önálló eledelként. Tovább olvasok"}
{"breadcrumb": "Főoldal/Kutya/Eledelek/Jutalomfalatok&rágcsák/Premiere Bonies Mini kutya jutalomfalat mini lazac 125g", "product_name": "Premiere Bonies Mini kutya jutalomfalat mini lazac 125gPremiere Bonies Mini kutya jutalomfalat mini lazac 125g", "brand": "PremiereBonies MiniFelnőtthal&tenger gyümölcseitréning falatok", "regular_price": "699", "selling_price": "", "price_per_unit": "1 kg=5592 Ft", "product_url": "https://webshop.fressnapf.hu/termekek/premiere-bonies-mini-kutya-jutalomfalat-mini-lazac-125g/", "product_description": "Kiegészítő eledel kis termetű kifejlett kutyák számára – cukormentes. Összetétel: hús és állati származékok, növényi eredetű származékok, gabonafélék,hal és halszármazékok (4% tengeri lazac). Analitikai összetevők: fehérje 32%, zsírtartalom 6%, nyershamu 4%, nyersrost 2%, nedvesség 25%. Etetési javaslat: ropi, a fő eledel kiegészítése. A fő eledel mennyisége szükség szerint csökkenthető. Nem alkalmas önálló eledelként. Tovább olvasok"}
{"breadcrumb": "Főoldal/Kutya/Eledelek/Jutalomfalatok&rágcsák/Premiere Bonies Mini kutya jutalomfalat szárnyas 125g", "product_name": "Premiere Bonies Mini kutya jutalomfalat szárnyas 125gPremiere Bonies Mini kutya jutalomfalat szárnyas 125g", "brand": "PremiereBonies MiniFelnőttszárnyastréning falatok", "regular_price": "699", "selling_price": "", "price_per_unit": "1 kg=5592 Ft", "product_url": "https://webshop.fressnapf.hu/termekek/premiere-bonies-mini-kutya-jutalomfalat-szarnyas-125g/", "product_description": "Kiegészítő eledel kis termetű kifejlett kutyák számára – cukormentes. Összetétel: Hús és állati melléktermékek (20% baromfi), gabonafélék, növényi melléktermékek Analitikai összetevők: Fehérje 31%, zsírtartalom 5,5%, nyers hamu 4%, nyersrost 2,5%, nedvesség 25%. Etetési javaslat: ropi, a fő eledel kiegészítése. A fő eledel mennyisége szükség szerint csökkenthető. Nem alkalmas önálló eledelként. Tovább olvasok"}
{"breadcrumb": "Főoldal/Kutya/Eledelek/Jutalomfalatok&rágcsák/Premiere Cheese Pops mini kutya jutalomfalat 40g", "product_name": "Premiere Cheese Pops mini kutya jutalomfalat 40gPremiere Cheese Pops mini kutya jutalomfalat 40g", "brand": "Premiere0g – 100gFelnőtttejes&sajtos", "regular_price": "2199", "selling_price": "", "price_per_unit": "1 KG=54975 Ft", "product_url": "https://webshop.fressnapf.hu/termekek/premiere-cheese-pops-mini-kutya-jutalomfalat-40g/", "product_description": "Cheese Snack —Pops. Sajtól készült puffasztott jutalomfalat. Minőség: Tehéntejből készült sajt. Laktózszegény. Tökéletes jutalmazáshoz. Hozzáadott cukor és adalékanyagok nélkül. Jutalmazás. Állaga: kemény. Ízletes sajt. Kiegészítő eledel 4 hónaposnál idősebb kifejlett kutyák számára. Összetétel: 99,98 sajt , tengeri só. Analitikai összetevők: fehérje 69%, zsírtartalom 13,7%, nyershamu 4,6%, nyersrost < 0,1%, kalcium 1,45%, foszfor 0,91% Tovább olvasok"}
{"breadcrumb": "Főoldal/Kutya/Eledelek/Jutalomfalatok&rágcsák/Premiere Chew It kutya rágócsont fonott halbőr&marhabőr 2db", "product_name": "Premiere Chew It kutya rágócsont fonott halbőr&marhabőr 2dbPremiere Chew It kutya rágócsont fonott halbőr&marhabőr 2db", "brand": "PremiereChew ItFelnőttvegyesrágócsontok&rágórudak", "regular_price": "2299", "selling_price": "", "price_per_unit": "1 db=1150 Ft", "product_url": "https://webshop.fressnapf.hu/termekek/premiere-chew-it-kutya-ragocsont-fonott-halbormarhabor-2db/", "product_description": "Gabona- és gluténmentes receptúra Alacsony zsírtartalmú rágcsálnivaló Speciálisan fonott bőrrel Harapásálló nyers marhabőrrel összefont halbőrből készült ízletes jutalomfalat. Az előnyök áttekintése: gabona- és gluténmentes receptúra Alacsony zsírtartalmú rágcsálnivaló Speciálisan fonott bőrrel Nem tartalmaz cukrot és szóját mesterséges színezékek és tartósítószerek hozzáadása nélkül Kiegészítő eledel felnőtt kutyák számára, bővebb információk a következő címen kérhetők: webshop@fressnapf.hu Analitikai összetevők 85% fehérje, 3,5% zsírtartalom, 4% nyershamu, 0,3% nyersrost Összetétel 80% nyers marhabőr, 20% tilápia halbőr Táplálási javaslat Jutalomfalat a fő eledel kiegészítéseként. Szükség szerint csökkenteni kell a fő eledel mennyiségét. Ne használja önálló eledelként. A tasakban található „oxigénabszorber” nem alkalmas fogyasztásra. Javasoljuk, hogy fogyasztás közben felügyelje az állatot! Mindig álljon rendelkezésre friss ivóvíz. Hűvös és száraz helyen tárolja. Nyomokban tartalmazhat egyéb összetevőket. Tovább olvasok"}
{"breadcrumb": "Főoldal/Kutya/Eledelek/Jutalomfalatok&rágcsák/Premiere Chew It kutya rágólabda marhabőrrel 1db", "product_name": "Premiere Chew It kutya rágólabda marhabőrrel 1dbPremiere Chew It kutya rágólabda marhabőrrel 1db", "brand": "PremiereChew ItFelnőttmarha&borjúrágócsontok&rágórudak", "regular_price": "899", "selling_price": "", "price_per_unit": "1 db=899 Ft", "product_url": "https://webshop.fressnapf.hu/termekek/premiere-chew-it-kutya-ragolabda-marhaborrel-1db/", "product_description": "Kiegészítő eledel kifejlett kutyák számára. Tökéletes rágcsálnivaló jutalmazáshoz, belül finom meglepetéssel töltve. A természetes és élvezetes rágcsálnivaló segítheti a fogápolást. -zsírszegény -hozzáadott cukor és szója nélkül -mesterséges aromaanyagok nélkül -gluténmentes receptúra -élvezetes rágcsálás hosszú ideig. Összetétel(%): marhabőr (40%), csirke (28%), rizskeményítő, glicerin Analitikai összetevők: fehérje 63%, zsírtartalom 2%, nyershamu 2,5%, nyersrost 0,5% Adalékanyagok/kg: érzékszervi tulajdonságokat javító adalékanyagok: színezékek Nyomokban egyéb összetevőket is tartalmazhat. Etetési javaslat: csemegeként, a fő eledel kiegészítésére. A fő eledel mennyisége szükség szerint csökkenthető. Nem alkalmas önálló eledelként. Etetés közben felügyelje kutyáját. Mindig adjon friss vizet. Hűvös és száraz helyen tárolandó. Tovább olvasok"}
{"breadcrumb": "Főoldal/Kutya/Eledelek/Jutalomfalatok&rágcsák/Premiere Chew It kutya rágószív marhabőrrel 1db", "product_name": "Premiere Chew It kutya rágószív marhabőrrel 1dbPremiere Chew It kutya rágószív marhabőrrel 1db", "brand": "PremiereChew ItFelnőttmarha&borjúrágócsontok&rágórudak", "regular_price": "899", "selling_price": "", "price_per_unit": "1 db=899 Ft", "product_url": "https://webshop.fressnapf.hu/termekek/premiere-chew-it-kutya-ragosziv-marhaborrel-1db/", "product_description": "Kiegészítő eledel kifejlett kutyák számára. Tökéletes rágcsálnivaló jutalmazáshoz, belül finom meglepetéssel töltve. A természetes és élvezetes rágcsálnivaló segítheti a fogápolást. -zsírszegény -hozzáadott cukor és szója nélkül -mesterséges aromaanyagok nélkül -gluténmentes receptúra -élvezetes rágcsálás hosszú ideig. Összetétel(%): marhahús (40%), csirke (33%), rizskeményítő, glicerin Analitikai összetevők: fehérje 57%, zsírtartalom 2%, nyershamu 2,5%, nyersrost 0,5% Adalékanyagok/kg: érzékszervi tulajdonságokat javító adalékanyagok: színezékek Nyomokban egyéb összetevőket is tartalmazhat. Etetési javaslat: csemegeként, a fő eledel kiegészítésére. A fő eledel mennyisége szükség szerint csökkenthető. Nem alkalmas önálló eledelként. Etetés közben felügyelje kutyáját. Mindig adjon friss vizet. Hűvös és száraz helyen tárolandó. Tovább olvasok"}
{"breadcrumb": "Főoldal/Kutya/Eledelek/Nedves eledelek/Premiere Chunky menu tálka adult pure marha 15x175g", "product_name": "Premiere Chunky menu tálka adult pure marha 15x175gPremiere Chunky menu tálka adult pure marha 15x175g", "brand": "Premiere101g – 200gFelnőttmarha&borjúgabonamentestálkaChunky menu", "regular_price": "5 094", "selling_price": "4 794", "price_per_unit": "749 Ft", "product_url": "https://webshop.fressnapf.hu/termekek/premiere-chunky-menu-talka-adult-pure-marha-15x175g/", "product_description": "PREMIERE. Chunky Menu. Minőségi húsból, hozzáadott gabonafélék nélkül. A marha, mint az egyetlen állati fehérjeforrás. Értékes olajok kombinációját tartalmazza az esszenciális omega-3 és omega-6 zsírsavak természetes forrásaként. Az értékes élesztő (β-glükán) hozzájárul az immunrendszer tehermentesítéséhez. Technológiai adalékanyagok: Kasszia gumi 600mg, nátriumnitrit 15mg. Összetétel: 64% marha (14% hús, tüdő, szív, tőgy, máj), 0,95% ásványi anyagok, 0,4% olajok és zsírok. Analitikai összetevők: fehérje 10,5%, zsírtartalom 6,5%, nyershamu 2%, nyersrost 0,5%, nedvesség 79%, kalcium 0,23%, foszfor 0,2%, omega-3 zsírsav 0,07%, omega-6 zsírsav 0,9%, biotin 100 µg. Összetevők/kg: Tápértékkel rendelkező adalékanyagok: D3-vitamin 250 NE, réz (aminosavak réz-kelátja, hidrát) 1,5mg, jód (kalcium-jodát, vízmentes) 0,45mg, mangán (mangán(II)-szulfát, monohidrát) 2,2mg, cink (cink-szulfát, monohidrát) 35mg. Tovább olvasok"}
{"breadcrumb": "Főoldal/Kutya/Eledelek/Jutalomfalatok&rágcsák/Premiere Dental Wrap kutya jutalomfalat csirke M 5db", "product_name": "Premiere Dental Wrap kutya jutalomfalat csirke M 5dbPremiere Dental Wrap kutya jutalomfalat csirke M 5db", "brand": "PremiereDental WrapFelnőttszárnyasfogápolásfogápolás", "regular_price": "2299", "selling_price": "", "price_per_unit": "1 db=460 Ft", "product_url": "https://webshop.fressnapf.hu/termekek/premiere-dental-wrap-csirke-m-5db/", "product_description": "70% csirke és nyers marhahús bőr A mechanikus fogtisztítás segíti a foghigiéniát Alacsony zsírtartalmú, finom rágcsálnivaló a speciálisan csavart húsnak köszönhetően Finom csirkehús, ropogós nyers marhabőrbe csavarva. A frukto-oligoszacharidok segítik az emésztést. A további előnyök áttekintése: A dikalcium-foszfát és a cink támogathatja a fog- és szájhigiéniát a mechanikus fogtisztítás segíti a foghigiéniát mesterséges színezékek és tartósítószerek hozzáadása nélkül alacsony zsírtartalmú, finom rágcsálnivaló a speciálisan csavart húsnak köszönhetően 70% csirke és nyers marhahús bőr sütőben szárított Kiegészítő eledel kutyáknak, bővebb információk a következő címen kérhetők: webshop@fressnapf.hu Analitikai összetevők 49% fehérje, 2,5% zsírtartalom, 4,5% nyershamu, 0,2% nyersrost Összetétel 40% nyers marhabőr, 30% csirkehús, 28% burgonyakeményítő, 0,5% dikalcium-foszfát, 0,5% frukto-oligoszacharidok Adalékanyag/kg Táplálkozásfiziológiai adalékanyagok: 200 mg cink (3b604 cink-szulfát, heptahidrát (mint ZnSO4*7H2O)) Táplálási javaslat Közepes termetű kutyáknak napi 1 jutalomfalat. Szükség szerint csökkenteni kell a fő eledel mennyiségét. Ne használja önálló eledelként. A tasakban található „oxigénabszorber” a termék frissen tartására szolgál, és fogyasztásra nem alkalmas. Javasoljuk, hogy fogyasztás közben felügyelje az állatot! Mindig álljon rendelkezésre friss ivóvíz. Hűvös és száraz helyen tárolja. Nyomokban tartalmazhat egyéb összetevőket. Tovább olvasok"}
{"breadcrumb": "Főoldal/Kutya/Eledelek/Jutalomfalatok&rágcsák/Premiere Dental Wrap kutya jutalomfalat csirke S 8db", "product_name": "Premiere Dental Wrap kutya jutalomfalat csirke S 8dbPremiere Dental Wrap kutya jutalomfalat csirke S 8db", "brand": "PremiereDental WrapFelnőttszárnyasfogápolásfogápolás", "regular_price": "1199", "selling_price": "", "price_per_unit": "1 db=150 Ft", "product_url": "https://webshop.fressnapf.hu/termekek/premiere-dental-wrap-csirke-s-8db/", "product_description": "Finom csirkehús, ropogós nyers marhabőrbe csavarva. A frukto-oligoszacharidok segítik az emésztést. A további előnyök áttekintése: A dikalcium-foszfát és a cink támogathatja a fog- és szájhigiéniát a mechanikus fogtisztítás segíti a foghigiéniát mesterséges színezékek és tartósítószerek hozzáadása nélkül alacsony zsírtartalmú, finom rágcsálnivaló a speciálisan csavart húsnak köszönhetően 70% csirke és nyers marhahús bőr sütőben szárított Kiegészítő eledel kutyáknak, bővebb információk a következő címen kérhetők: info@fressnapf.hu 70% csirke és nyers marhahús bőr a mechanikus fogtisztítás segíti a foghigiéniát alacsony zsírtartalmú, finom rágcsálnivaló a speciálisan csavart húsnak köszönhetően Analitikai összetevők 49% fehérje, 2,5% zsírtartalom, 4,5% nyershamu, 0,2% nyersrost Összetétel 40% nyers marhabőr, 30% csirkehús, 28% burgonyakeményítő, 0,5% dikalcium-foszfát, 0,5% frukto-oligoszacharidok Adalékanyag/kg Táplálkozásfiziológiai adalékanyagok: 200 mg cink (3b604 cink-szulfát, heptahidrát (mint ZnSO4*7H2O)) Táplálási javaslat Kis termetű kutyáknak napi 1 snack. Szükség szerint csökkenteni kell a fő eledel mennyiségét. Ne használja önálló eledelként. A tasakban található „oxigénabszorber” a termék frissen tartására szolgál, és fogyasztásra nem alkalmas. Javasolt a fogyasztás közben felügyelni az állatot. Mindig álljon rendelkezésre friss ivóvíz. Hűvös és száraz helyen tárolja. Nyomokban tartalmazhat egyéb összetevőket. Tovább olvasok"}
{"breadcrumb": "Főoldal/Kutya/Eledelek/Jutalomfalatok&rágcsák/Premiere feltét kutyaeledelre csirke&máj&répa", "product_name": "Premiere feltét kutyaeledelre csirke&máj&répaPremiere feltét kutyaeledelre csirke&máj&répa", "brand": "PremierePimp Your Bowl0g – 100gFelnőttszárnyasfeltét", "regular_price": "1099", "selling_price": "", "price_per_unit": "1 KG=18317 Ft", "product_url": "https://webshop.fressnapf.hu/termekek/premiere-feltet-kutyaeledelre-csirkemajrepa/", "product_description": "Csirkemáj sárgarépával. Egyszerűen csak szórja meg a darával kutyája szokásos teljes értékű eledelét. Kiegészítő eledel 3 hónaposnál idősebb kifejlett kutyák számára. Minőség: A különleges íz kedvéért. Ideális feltétként. Fagyasztva szárított. Gabona- és gluténmentes receptúra. Hozzáadott cukor, mesterséges színezékek és tartósítószer nélkül. Összetétel: csirkemáj 96%, sárgarépa 4%. Nyomokban egyéb összetevőket is tartalmazhat. Analitikai összetevők: fehérje 63,5%, zsírtartalom 18,5%, nyershamu 5,3%, nyersrost 1 %. Etetési javaslat: Csemegeként, a fő eledel kiegészítésére. A kutyát a súlyának megfelelően etesse; legfeljebb 10g/alkalom, hetente 3-4 alkalommal. A fő eledel mennyisége szükség szerint csökkenthető. Nem alkalmas önálló eledelként. Tovább olvasok"}
{"breadcrumb": "Főoldal/Kutya/Eledelek/Jutalomfalatok&rágcsák/Premiere feltét kutyaeledelre marha&máj&áfonya", "product_name": "Premiere feltét kutyaeledelre marha&máj&áfonyaPremiere feltét kutyaeledelre marha&máj&áfonya", "brand": "PremierePimp Your Bowl0g – 100gFelnőttmarha&borjúfeltét", "regular_price": "1099", "selling_price": "", "price_per_unit": "1 KG=18317 Ft", "product_url": "https://webshop.fressnapf.hu/termekek/premiere-feltet-kutyaeledelre-marhamajafonya/", "product_description": "Marhamáj tőzegáfonyával. Egyszerűen csak szórja meg a darával kutyája szokásos teljes értékű eledelét. Kiegészítő eledel 3 hónaposnál idősebb kifejlett kutyák számára. Minőség: A különleges íz kedvéért. Ideális feltétként. Fagyasztva szárított. Gabona- és gluténmentes receptúra. Hozzáadott cukor, mesterséges színezékek és tartósítószer nélkül. Összetétel: marhamáj 96%, tőzegáfonya 4%. Nyomokban egyéb összetevőket is tartalmazhat. Analitikai összetevők: fehérje 60,5%, zsírtartalom 9%, nyershamu 5,5%, nyersrost 1%. Etetési javaslat: Csemegeként, a fő eledel kiegészítésére. A kutyát a súlyának megfelelően etesse; legfeljebb 10g/alkalom, hetente 3-4 alkalommal. A fő eledel mennyisége szükség szerint csökkenthető. Nem alkalmas önálló eledelként. Tovább olvasok"}
{"breadcrumb": "Főoldal/Kutya/Eledelek/Nedves eledelek/Premiere Finest Meat kutya tálka adult csirke&kacsa 10x150g", "product_name": "Premiere Finest Meat kutya tálka adult csirke&kacsa 10x150gPremiere Finest Meat kutya tálka adult csirke&kacsa 10x150g", "brand": "Premiere101g – 200gFelnőttszárnyastálkaFinest Meat", "regular_price": "8 994", "selling_price": "8 394", "price_per_unit": "649 Ft", "product_url": "https://webshop.fressnapf.hu/termekek/premiere-finest-meat-kutya-talka-adult-csirkekacsa-10x150g/", "product_description": "Teljes értékű eledel kifejlett kutyáknak, csirke kacsával. A legfinomabb húsdarabkákkal. Kifejezetten kis termetű kutyáknak. Hozzáadott aromaanyagok és cukor nélkül. Összetétel: 59% csirke (55% hús, máj, szív), 4% kacsahús, ásványi anyagok. Analitikai összetevők: fehérje 9%, zsírtartalom 4,5%, nyershamu 2,2%, nyersrost 0,3%, kalcium 0,3%, foszfor 0,21%. Nedvesség 80%. Adalékanyagok/kg: tápértékkel rendelkező adalékanyagok: A-vitamin 2000 NE, D3-vitamin 200 NE, jód (3b202) 0,75mg, cink (3b603) 20mg. Tovább olvasok"}
{"breadcrumb": "Főoldal/Kutya/Eledelek/Nedves eledelek/Premiere Finest Meat kutya tálka adult csirke&lazac 10x150g", "product_name": "Premiere Finest Meat kutya tálka adult csirke&lazac 10x150gPremiere Finest Meat kutya tálka adult csirke&lazac 10x150g", "brand": "PremiereFinest Meat101g – 200gFelnőttvegyestálkakistestű 10kg-ig", "regular_price": "8 994", "selling_price": "8 394", "price_per_unit": "599 Ft", "product_url": "https://webshop.fressnapf.hu/termekek/premiere-finest-meat-kutya-talka-adult-csirkelazac-10x150g/", "product_description": "A PREMIERE Finest Meat kifejezetten a kis méretű kutyáknak készült, akik valami különlegeset keresnek. A legfinomabb húsdarabokkal még a legválogatósabb ínyencek is el lesznek kényeztetve. Teljes értékű eledel felnőtt kutyák számára Összetétel: Hús és állati melléktermékek (46% csirkehús), hal és hal melléktermékek (14% lazacfilé), ásványi anyagok. Analitikai összetevők: Fehérje 9%, zsírtartalom 4,5%, nyershamu 2,6%, nyersrost 0,3%, nedvesség 81%, kalcium 0,25%, foszfor 0,2%. Adalékanyagok kg-onként: A-vitamin 2500 NE, D3-vitamin 250 NE, réz (réz(II)szulfát, pentahidrát) 1 mg, cink (cink-oxid) 20 mg. Technológiai adalékanyagok: Cassia gumi 2700mg. Tovább olvasok"}
{"breadcrumb": "Főoldal/Kutya/Eledelek/Nedves eledelek/Premiere Finest Meat kutya tálka adult csirke&rizs 10x150g", "product_name": "Premiere Finest Meat kutya tálka adult csirke&rizs 10x150gPremiere Finest Meat kutya tálka adult csirke&rizs 10x150g", "brand": "Premiere101g – 200gFelnőttszárnyastálkaFinest Meat", "regular_price": "5 094", "selling_price": "4 794", "price_per_unit": "649 Ft", "product_url": "https://webshop.fressnapf.hu/termekek/premiere-finest-meat-kutya-talka-adult-csirkerizs-10x150g/", "product_description": "Teljes értékű eledel kifejlett kutyáknak, csirke rizzsel. A legfinomabb húsdarabkákkal. Kifejezetten kis termetű kutyáknak. Hozzáadott aromaanyagok és cukor nélkül. Összetétel: 55% csirke (51% hús, máj, szív), 6% rizs, ásványi anyagok. Analitikai összetevők: fehérje 8,5%, zsírtartalom 3%, nyershamu 2%, nyersrost 0,5%, kalcium 0,28%, foszfor 0,19%. Nedvesség 80%. Adalékanyagok/kg: tápértékkel rendelkező adalékanyagok: A-vitamin 2000 NE, D3-vitamin 200 NE, jód (3b202) 0,75mg, cink (3b603) 20mg. Tovább olvasok"}
{"breadcrumb": "Főoldal/Kutya/Eledelek/Nedves eledelek/Premiere Finest Meat kutya tálka adult csirke&sonka 10x150g", "product_name": "Premiere Finest Meat kutya tálka adult csirke&sonka 10x150gPremiere Finest Meat kutya tálka adult csirke&sonka 10x150g", "brand": "PremiereFinest Meat101g – 200gFelnőttvegyestálkakistestű 10kg-ig", "regular_price": "5 094", "selling_price": "4 794", "price_per_unit": "599 Ft", "product_url": "https://webshop.fressnapf.hu/termekek/premiere-finest-meat-kutya-talka-adult-csirkesonka-10x150g/", "product_description": "A PREMIERE Finest Meat kifejezetten a kis méretű kutyáknak készült, akik valami különlegeset keresnek. A legfinomabb húsdarabokkal még a legválogatósabb ínyencek is el lesznek kényeztetve. Teljes értékű eledel felnőtt kutyák számára Összetétel: Hús és állati melléktermékek (59% csirkehús, 8% sonka), ásványi anyagok. Analitikai összetevők: Fehérje 9,5%, zsírtartalom 4%, nyershamu 2,6%, nyersrost 0,3%, nedvesség 81%, kalcium 0,25%, foszfor 0,2%. Adalékanyagok kg-onként: A-vitamin 2500 NE, D3-vitamin 250 NE, réz (réz(II)szulfát, pentahidrát) 1 mg, cink (cink-oxid) 20 mg. Technológiai adalékanyagok: Cassia gumi 2700mg. Tovább olvasok"}
{"breadcrumb": "Főoldal/Kutya/Eledelek/Nedves eledelek/Premiere Finest Meat kutya tálka junior csirke&bárány 10x150g", "product_name": "Premiere Finest Meat kutya tálka junior csirke&bárány 10x150gPremiere Finest Meat kutya tálka junior csirke&bárány 10x150g", "brand": "PremiereFinest Meat101g – 200gKölyökvegyestálkakistestű 10kg-ig", "regular_price": "8 994", "selling_price": "8 394", "price_per_unit": "599 Ft", "product_url": "https://webshop.fressnapf.hu/termekek/premiere-finest-meat-kutya-talka-junior-csirkebarany-10x150g/", "product_description": "A PREMIERE Finest Meat kifejezetten a kis méretű kutyáknak készült, akik valami különlegeset keresnek. A legfinomabb húsdarabokkal még a legválogatósabb ínyencek is el lesznek kényeztetve. Teljes értékű eledel kölyökkutyák és fiatal kutyák számára Összetétel: Hús és állati melléktermékek (51% csirke, 6% bárány), ásványi anyagok. Analitikai összetevők: Fehérje 10%, zsírtartalom 4%, nyershamu 2,6%, nyersrost 0,3%, nedvesség 80%, kalcium 0,34%, foszfor 0,26%. Adalékanyagok kg-onként: A-vitamin 2000 NE, D3-vitamin 250 NE, réz (réz(II)szulfát, pentahidrát) 1 mg, cink (cink-oxid) 20 mg. Technológiai adalékanyagok: Cassia gumi 2700mg. Tovább olvasok"}
{"breadcrumb": "Főoldal/Kutya/Eledelek/Nedves eledelek/Premiere Finest Meat kutya tálka senior csirke&zöldség 10x150g", "product_name": "Premiere Finest Meat kutya tálka senior csirke&zöldség 10x150gPremiere Finest Meat kutya tálka senior csirke&zöldség 10x150g", "brand": "Premiere101g – 200gIdősszárnyastálkaFinest Meat", "regular_price": "5 094", "selling_price": "4 794", "price_per_unit": "649 Ft", "product_url": "https://webshop.fressnapf.hu/termekek/premiere-finest-meat-kutya-talka-senior-csirkezoldseg-10x150g/", "product_description": "Teljes értékű eledel idősebb kutyáknak, csirke zöldségekkel. A legfinomabb húsdarabkákkal. Kifejezetten kis termetű kutyáknak. Hozzáadott aromaanyagok és cukor nélkül. Összetétel: 49% csirke (45% hús, máj, szív), 6% sárgarépa, 2% borsó, ásványi anyagok. Analitikai összetevők: fehérje 7,5%, zsírtartalom 3%, nyershamu 2%, nyersrost 0,5%, kalcium 0,29%, foszfor 0,19%. Nedvesség 82%. Adalékanyagok/kg: tápértékkel rendelkező adalékanyagok: A-vitamin 2000 NE, D3-vitamin 200 NE, jód (3b202) 0,75mg, cink (3b603) 20mg. Tovább olvasok"}
{"breadcrumb": "Főoldal/Kutya/Eledelek/Száraz eledelek/Premiere High5 száraz kutyaeledel adult szárnyas 12,5kg", "product_name": "Premiere High5 száraz kutyaeledel adult szárnyas 12,5kgPremiere High5 száraz kutyaeledel adult szárnyas 12,5kg", "brand": "PremiereHigh 512,1kg – 15kgFelnőttszárnyasízület védelem", "regular_price": "3 799", "selling_price": "3 299", "price_per_unit": "1 kg=1120 Ft", "product_url": "https://webshop.fressnapf.hu/termekek/premiere-high-5-adult-baromfi-125kg/", "product_description": "Támogatja a szívműködést Támogatja a porcot és az ízületeket Megelőző hatású sejtvédelem A PREMIERE High 5 szárnyas kiegyensúlyozott bélflórát biztosít, és kiváló minőségű, könnyen emészthető összetevőkből készül. A taurin támogatja a szívműködést, a vitaminok és antioxidánsok pedig megelőző hatású sejtvédelmet biztosítanak. A HIGH5-ben található zöldkagylóhús-liszt támogatja a kutyánál a porcok és az ízületek megfelelő állapotát. A HIGH5 értékes omega-3 és omega-6 zsírsavakat is tartalmaz, amelyek biztosítják az egészséges bőrt és a fényes szőrzetet Az előnyök áttekintése: Taurin a szívműködés támogatásához A vitaminok és antioxidánsok megelőző hatású sejtvédelmet biztosítanak értékes omega-3 és omega-6 zsírsavak Kiváló minőségű, könnyen emészthető összetevők Kagylókivonat a porcok és ízületek támogatása érdekében mesterséges színezékek és tartósítószerek hozzáadása nélkül Analitikai összetevők 23,5% fehérje, 10% zsírtartalom, 5,5% nyershamu, 2,5% nyersrost, 0,35% omega-3 zsírsav, 1,75% omega-6 zsírsav. Összetétel 23% szárnyashúsliszt, kukoricadara, árpadara, búzadara, baromfizsír, fehérje-hidrolizátum, cukortalanított szárított répaszelet , 0,75% lenmag, ásványi anyagok, halolaj, halliszt, szárított sörélesztő, 0,1% zöldkagylóhús-liszt , 0,1% cikóriapor. Adalékanyag/kg 11750 NE A-vitamin, 1175 NE D3-vitamin, 200 mg E-vitamin, 60 mg C-vitamin (aszkorbilmonofoszfát, kalcium nátrium só) nyomelemek: réz, (réz-(II)-szulfát, pentahidrát) 10 mg, jód (kalcium-jodát, vízmentes) 2 mg, szelén (nátrium-szelenit) 0,2 mg, cink (cink-oxid) Technológiai adalékanyagok: antioxidánsok. Táplálási javaslat A kutya súlya Napi ajánlott mennyiség grammban 1 kg 25 g 3 kg 60 g 5 kg 90 g 10 kg 155 g 15 kg 205 g 20 kg 255 g 25 kg 300 g 30 kg 350 g 35 kg 390 g 40 kg 435 g 45 kg 475 g 50 kg 510 g 60 kg 585 g 70 kg 660 g A megadott adatok irányadó értékek. Kutyájának mindig legyen friss ivóvize. Tovább olvasok"}
{"breadcrumb": "Főoldal/Kutya/Eledelek/Jutalomfalatok&rágcsák/Premiere Insect Balls kutya jutalomfalat lisztkukac&rizs 100g", "product_name": "Premiere Insect Balls kutya jutalomfalat lisztkukac&rizs 100gPremiere Insect Balls kutya jutalomfalat lisztkukac&rizs 100g", "brand": "PremiereInsect0g – 100gFelnőttrovarropogós falatok", "regular_price": "799", "selling_price": "", "price_per_unit": "1 kg=7990 Ft", "product_url": "https://webshop.fressnapf.hu/termekek/premiere-insect-balls-kutya-jutalomfalat-lisztkukacrizs-10x100g/", "product_description": "Premiere rovar snack – balls. Lisztkukac rizzsel. A tökéletes csemege kutyája számára. Rovarfehérjét tartalmaz a hús alternatív fehérjeforrásaként. < 4% zsír. Hozzáadott cukor, szója és mesterséges színezékek, valamint tartósítószerek nélkül. Kiegészítő eledel kutyák számára. Állaga: kemény. Összetétel: Lisztkukac 72,3%, rizs 15%, növényi eredetű származékok, ásványi anyagok Analitikai összetevők: Fehérje 18%, zsírtartalom 3,5%, nyershamu 3,5%, nyersrost 1%, nedvességtartalom 18% Etetési javaslat: csemegeként, a fő eledel kiegészítésére. A fő eledel mennyisége szükség szerint csökkenthető. Nem alkalmas önálló eledelként. Tovább olvasok"}
{"breadcrumb": "Főoldal/Kutya/Eledelek/Jutalomfalatok&rágcsák/Premiere Junior Sticks kutya jutalomfalat csirke&marha 70g", "product_name": "Premiere Junior Sticks kutya jutalomfalat csirke&marha 70gPremiere Junior Sticks kutya jutalomfalat csirke&marha 70g", "brand": "PremiereJunior SticksKölyökszárnyastréning falatok", "regular_price": "949", "selling_price": "", "price_per_unit": "1 kg=13557 Ft", "product_url": "https://webshop.fressnapf.hu/termekek/10xpremiere-csirkemarha-70g/", "product_description": "JUNIOR STICKS- Csirke & Marha. Nyugodt lelkiismerettel jutalmazhatja kutyáját a PREMIERE JUNIOR STICKS lágy falatkáival, például a kölyökiskolában. 92% hússal készült. A rudacskák kemencében szárítottak. Az elsőrangú nyersanyagok és kíméletes előállításuk hozzájárul a kiváló emészthetőséghez. Kiegészítő takarmány kölyök- és fiatal kutyák számára. Összetétel: csirkemell-hús 49,9%, marhahús 42,15%, növényi eredetű származékok, glicerin, szorbitol, ásványi anyagok, omega-3 zsírsavak 0,1%. Analitikai összetevők: fehérje 33%, zsírtartalom 20%, nyershamu 4%, nyersrost 0,1%, nedvesség 23%. Etetési javaslat: csemegeként, a fő eledel kiegészítésére. A fő eledel mennyisége szükség szerint csökkenthető. Nem alkalmas önálló eledelként. A tasakban levő „oxigénelnyelő” a termék frissen tartására szolgál, fogyasztásra alkalmatlan. Mindig adjon friss ivóvizet. Nyomokban egyéb összetevőket is tartalmazhat. Tovább olvasok"}
{"breadcrumb": "Főoldal/Kutya/Eledelek/Jutalomfalatok&rágcsák/Premiere kutya jutalomfalat csirkemell csíkok 250g", "product_name": "Premiere kutya jutalomfalat csirkemell csíkok 250gPremiere kutya jutalomfalat csirkemell csíkok 250g", "brand": "PremiereBreastFelnőttszárnyasszárított&természetes", "regular_price": "2299", "selling_price": "", "price_per_unit": "1 kg=9196 Ft", "product_url": "https://webshop.fressnapf.hu/termekek/premiere-kutyasnack-csirkemell-csikok-250g/", "product_description": "Különösen finom Nem tartalmaz mesterséges adalékanyagokat Mindössze 2,5% zsírt tartalmaz Levegőn szárított természetes termék, snack kutyáknak. • különösen ízletes • nem tartalmaz mesterséges adalékanyagokat • alacsony zsírtartalmú Új, praktikus XXL 4 x 250 g-os gazdaságos kiszerelésben is kapható. Kiegészítő eledel kifejlett kutyák számára Bővebb információk a következő címen kérhetők: E-mail: webshop@fressnapf.hu Analitikai összetevők 59,8% fehérje, 2,5% zsírtartalom, 4,9% nyershamu, 0,5% nyersrost. Összetétel 96,8% csirkehús, növényi eredetű melléktermékek, ásványi anyagok. Adalékanyag/kg – Táplálási javaslat Jutalomfalat a fő eledel kiegészítéseként. Ne használja önálló eledelként. Hűvös és száraz helyen tárolja. A tasakban található „oxigénabszorber” a termék frissen tartására szolgál, fogyasztásra nem alkalmas. Nyomokban tartalmazhat egyéb összetevőket. Tovább olvasok"}
{"breadcrumb": "Főoldal/Kutya/Eledelek/Jutalomfalatok&rágcsák/Premiere kutya jutalomfalat csirkemell csíkok 4x250g", "product_name": "Premiere kutya jutalomfalat csirkemell csíkok 4x250gPremiere kutya jutalomfalat csirkemell csíkok 4x250g", "brand": "PremiereBreastFelnőttszárnyasszárított&természetes", "regular_price": "7499", "selling_price": "", "price_per_unit": "1 kg=7499 Ft", "product_url": "https://webshop.fressnapf.hu/termekek/premiere-kutya-jutalomfalat-csirkemell-csikok-4x250g/", "product_description": "Különösen finom Nem tartalmaz mesterséges adalékanyagokat Mindössze 2,5% zsírt tartalmaz Levegőn szárított természetes termék, snack kutyáknak. • különösen finom • nem tartalmaz mesterséges adalékanyagokat • alacsony zsírtartalmú Kiegészítő eledel kifejlett kutyák számára Bővebb információk a következő címen kérhetők: webshop@fressnapf.hu Analitikai összetevők 59,8% fehérje, 2,5% zsírtartalom, 4,9% nyershamu, 0,5% nyersrost. Összetétel 96,8% csirkehús, növényi eredetű melléktermékek, ásványi anyagok. Adalékanyag/kg – Táplálási javaslat Jutalomfalat a fő eledel kiegészítéseként. Ne használja önálló eledelként. Hűvös és száraz helyen tárolja. A tasakban található „oxigénabszorber” a termék frissen tartására szolgál, fogyasztásra nem alkalmas. Nyomokban tartalmazhat egyéb összetevőket. Tovább olvasok"}
{"breadcrumb": "Főoldal/Kutya/Eledelek/Jutalomfalatok&rágcsák/Premiere kutya jutalomfalat csirkemell szárított 70g", "product_name": "Premiere kutya jutalomfalat csirkemell szárított 70gPremiere kutya jutalomfalat csirkemell szárított 70g", "brand": "PremiereBreastFelnőttszárnyasszárított&természetes", "regular_price": "899", "selling_price": "", "price_per_unit": "1 kg=12843 Ft", "product_url": "https://webshop.fressnapf.hu/termekek/9xpremiere-csirkemell-szaritott-70g/", "product_description": "Levegőn szárított természetes termék, snack kutyáknak. • különösen finom • nem tartalmaz mesterséges adalékanyagokat • alacsony zsírtartalmú Kiegészítő eledel kifejlett kutyák számára Bővebb információk a következő címen kérhetők: info@fressnapf.hu különösen finom nem tartalmaz mesterséges adalékanyagokat alacsony zsírtartalmú Analitikai összetevők 59,6% fehérje, 2,5% zsírtartalom, 4,5% nyershamu, 0,4% nyersrost. Összetétel 95,8% csirkehús, növényi eredetű melléktermékek, ásványi anyagok. Adalékanyag/kg – Táplálási javaslat Jutalomfalat a fő eledel kiegészítéseként. Ne használja önálló eledelként. Tovább olvasok"}
{"breadcrumb": "Főoldal/Kutya/Eledelek/Jutalomfalatok&rágcsák/Premiere kutya jutalomfalat csirkemell tekercs 250g", "product_name": "Premiere kutya jutalomfalat csirkemell tekercs 250gPremiere kutya jutalomfalat csirkemell tekercs 250g", "brand": "PremiereBreastFelnőttszárnyasrágócsontok&rágórudak", "regular_price": "2299", "selling_price": "", "price_per_unit": "1 kg=9196 Ft", "product_url": "https://webshop.fressnapf.hu/termekek/premiere-kutyasnack-csirkemell-tekercs-250g/", "product_description": "Különösen finom Nem tartalmaz mesterséges adalékanyagokat Alacsony zsírtartalmú Levegőn szárított természetes termék, snack kutyáknak. Az előnyök áttekintése: különösen finom nem tartalmaz mesterséges adalékanyagokat alacsony zsírtartalmú Kiegészítő eledel kifejlett kutyák számára Bővebb információk a következő címen kérhetők: webshop@fressnapf.hu Analitikai összetevők 52,6% fehérje, 2,6% zsírtartalom, 6,2% nyershamu, 0,3% nyersrost. Összetétel 81% marhabőr, 15,8% csirkehús, növényi eredetű melléktermékek. Adalékanyag/kg – Táplálási javaslat Jutalomfalat a fő eledel kiegészítéseként. Ne használja önálló eledelként. Tovább olvasok"}
{"breadcrumb": "Főoldal/Kutya/Eledelek/Jutalomfalatok&rágcsák/Premiere kutya jutalomfalat csirkemell&hal 250g", "product_name": "Premiere kutya jutalomfalat csirkemell&hal 250gPremiere kutya jutalomfalat csirkemell&hal 250g", "brand": "PremiereBreastFelnőttszárnyasszárított&természetes", "regular_price": "2299", "selling_price": "", "price_per_unit": "1 kg=9196 Ft", "product_url": "https://webshop.fressnapf.hu/termekek/premiere-kutyasnack-csirkemellhal-250g/", "product_description": "Különösen finom Nem tartalmaz mesterséges adalékanyagokat Alacsony zsírtartalmú Levegőn szárított természetes termék, snack kutyáknak. • különösen finom • nem tartalmaz mesterséges adalékanyagokat • alacsony zsírtartalmú Kiegészítő eledel kifejlett kutyák számára Bővebb információk a következő címen kérhetők: webshop@fressnapf.hu Analitikai összetevők 54,9% fehérje, 1,4% zsírtartalom, 5,2% nyershamu, 0,4% nyersrost. Összetétel 70,8% csirkehús, 26% hal, növényi eredetű melléktermékek, ásványi anyagok. Adalékanyag/kg – Táplálási javaslat Jutalomfalat a fő eledel kiegészítéseként. Ne használja önálló eledelként. Tovább olvasok"}
{"breadcrumb": "Főoldal/Kutya/Eledelek/Jutalomfalatok&rágcsák/Premiere kutya jutalomfalat csirkemell&hal 70g", "product_name": "Premiere kutya jutalomfalat csirkemell&hal 70gPremiere kutya jutalomfalat csirkemell&hal 70g", "brand": "PremiereBreastFelnőttszárnyasszárított&természetes", "regular_price": "899", "selling_price": "", "price_per_unit": "1 kg=12843 Ft", "product_url": "https://webshop.fressnapf.hu/termekek/7xpremiere-kutyasnack-csirkemellhal-70g/", "product_description": "Levegőn szárított természetes termék, snack kutyáknak. • különösen finom • nem tartalmaz mesterséges adalékanyagokat • alacsony zsírtartalmú Kiegészítő eledel kifejlett kutyák számára Bővebb információk a következő címen kérhetők: info@fressnapf.hu különösen finom nem tartalmaz mesterséges adalékanyagokat alacsony zsírtartalmú Analitikai összetevők 54,9% fehérje, 1,4% zsírtartalom, 5,2% nyershamu, 0,4% nyersrost. Összetétel 70,8% csirkehús, 26% hal, növényi eredetű melléktermékek, ásványi anyagok. Adalékanyag/kg – Táplálási javaslat Jutalomfalat a fő eledel kiegészítéseként. Ne használja önálló eledelként. Tovább olvasok"}
{"breadcrumb": "Főoldal/Kutya/Eledelek/Jutalomfalatok&rágcsák/Premiere kutya jutalomfalat kacsamell csíkok 4x250g", "product_name": "Premiere kutya jutalomfalat kacsamell csíkok 4x250gPremiere kutya jutalomfalat kacsamell csíkok 4x250g", "brand": "PremiereBreastFelnőttszárnyasszárított&természetes", "regular_price": "7499", "selling_price": "", "price_per_unit": "1 kg=7499 Ft", "product_url": "https://webshop.fressnapf.hu/termekek/premiere-kutya-jutalomfalat-kacsamell-csikok-4x250g/", "product_description": "Különösen finom Nem tartalmaz mesterséges adalékanyagokat Mindössze 2,7% zsírt tartalmaz Levegőn szárított természetes termék, snack kutyáknak. • különösen finom • nem tartalmaz mesterséges adalékanyagokat • alacsony zsírtartalmú Kiegészítő eledel kifejlett kutyák számára Bővebb információk a következő címen kérhetők: webshop@fressnapf.hu Analitikai összetevők 49,8% fehérje, 2,7% zsírtartalom, 5,0% nyershamu, 0,5% nyersrost Összetétel 97,3% kacsahús, növényi eredetű melléktermékek, ásványi anyagok. Adalékanyag/kg – Táplálási javaslat Jutalomfalat a fő eledel kiegészítéseként. Ne használja önálló eledelként. Hűvös és száraz helyen tárolja. A tasakban található „oxigénabszorber” a termék frissen tartására szolgál, fogyasztásra nem alkalmas. Nyomokban tartalmazhat egyéb összetevőket. Tovább olvasok"}
{"breadcrumb": "Főoldal/Kutya/Eledelek/Jutalomfalatok&rágcsák/Premiere kutya rágócsont 120g bárány 12db", "product_name": "Premiere kutya rágócsont 120g bárány 12dbPremiere kutya rágócsont 120g bárány 12db", "brand": "PremiereChew ItFelnőttjuh&bárány&kecskerágócsontok&rágórudak", "regular_price": "1699", "selling_price": "", "price_per_unit": "1 db=142 Ft", "product_url": "https://webshop.fressnapf.hu/termekek/premiere-snack-ragocsont-120g-barany-12db/", "product_description": "Természetes rágcsálnivaló, levegőn szárított Nem tartalmaz mesterséges adalékanyagokat alacsony zsírtartalmú Levegőn szárított természetes termék, snack kutyáknak. különösen finom nem tartalmaz mesterséges adalékanyagokat alacsony zsírtartalmú Kiegészítő eledel kifejlett kutyák számára Bővebb információk a következő címen kérhetők: webshop@fressnapf.hu Analitikai összetevők 71,8% fehérje, 2,6% zsírtartalom, 2,9% nyershamu, 0,1% nyersrost Összetétel 73% marhabőr, 22,8% bárányhús, növényi eredetű melléktermékek, ásványi anyag Táplálási javaslat Jutalomfalat a fő eledel kiegészítéseként. Szükség szerint csökkenteni kell a fő eledel mennyiségét. Ne használja önálló eledelként. A tasakban található „oxigénabszorber” a termék frissen tartására szolgál, és fogyasztásra nem alkalmas. Tovább olvasok"}
{"breadcrumb": "Főoldal/Kutya/Eledelek/Jutalomfalatok&rágcsák/Premiere kutya rágócsont 120g csirke 12db", "product_name": "Premiere kutya rágócsont 120g csirke 12dbPremiere kutya rágócsont 120g csirke 12db", "brand": "PremiereChew ItFelnőttszárnyasrágócsontok&rágórudak", "regular_price": "1699", "selling_price": "", "price_per_unit": "1 db=142 Ft", "product_url": "https://webshop.fressnapf.hu/termekek/premiere-kutyasnack-ragocsont-csirke-12-db/", "product_description": "Különösen finom Nem tartalmaz mesterséges adalékanyagokat Alacsony zsírtartalmú Levegőn szárított természetes termék, snack kutyáknak. • különösen finom • nem tartalmaz mesterséges adalékanyagokat • alacsony zsírtartalmú Kiegészítő eledel kifejlett kutyák számára Bővebb információk a következő címen kérhetők: webshop@fressnapf.hu Analitikai összetevők 87,9% fehérje, 3,0% zsírtartalom, 2,6% nyershamu, 0,5% nyersrost. Összetétel 83% marhabőr, 12,8% csirkehús, növényi eredetű melléktermékek, ásványi anyagok. Adalékanyag/kg – Táplálási javaslat Jutalomfalat a fő eledel kiegészítéseként. Ne használja önálló eledelként. Tovább olvasok"}
{"breadcrumb": "Főoldal/Kutya/Eledelek/Jutalomfalatok&rágcsák/Premiere kutya rágócsont 120g csirke 2db", "product_name": "Premiere kutya rágócsont 120g csirke 2dbPremiere kutya rágócsont 120g csirke 2db", "brand": "PremiereChew ItFelnőttszárnyasrágócsontok&rágórudak", "regular_price": "1699", "selling_price": "", "price_per_unit": "1 db=850 Ft", "product_url": "https://webshop.fressnapf.hu/termekek/premiere-kutyasnack-ragocsont-csirke-2-db/", "product_description": "Különösen finom Nem tartalmaz mesterséges adalékanyagokat Alacsony zsírtartalmú Levegőn szárított természetes termék, snack kutyáknak. • különösen finom • nem tartalmaz mesterséges adalékanyagokat • alacsony zsírtartalmú Kiegészítő eledel kifejlett kutyák számára Bővebb információk a következő címen kérhetők: webshop@fressnapf.hu Analitikai összetevők 84,9% zsírtartalom, 3,3% nyershamu, 3,1% nyersrost, 0,4% nyersrost. Összetétel 73% marhabőr, 22,8% csirkehús, növényi eredetű melléktermékek, ásványi anyagok. Adalékanyag/kg – Táplálási javaslat Jutalomfalat a fő eledel kiegészítéseként. Ne használja önálló eledelként. Tovább olvasok"}
{"breadcrumb": "Főoldal/Kutya/Eledelek/Jutalomfalatok&rágcsák/Premiere kutya rágócsont 120g kacsa 12db", "product_name": "Premiere kutya rágócsont 120g kacsa 12dbPremiere kutya rágócsont 120g kacsa 12db", "brand": "PremiereChew ItFelnőttszárnyasrágócsontok&rágórudak", "regular_price": "1699", "selling_price": "", "price_per_unit": "1 db=142 Ft", "product_url": "https://webshop.fressnapf.hu/termekek/premiere-snack-ragocsont-120g-kacsa-12db/", "product_description": "Természetes rágcsálnivaló, levegőn szárított Nem tartalmaz mesterséges adalékanyagokat Kevesebb mint 4% zsír Levegőn szárított természetes termék, snack kutyáknak. különösen finom nem tartalmaz mesterséges adalékanyagokat alacsony zsírtartalmú Kiegészítő eledel kifejlett kutyák számára Bővebb információk a következő címen kérhetők: webshop@fressnapf.hu Analitikai összetevők 73,8% fehérje, 3,1% zsírtartalom, 3% nyershamu, 0,1% nyersrost Összetétel 73% marhabőr, 22,8% kacsahús, növényi eredetű melléktermékek, ásványi anyagok Táplálási javaslat Jutalomfalat a fő eledel kiegészítéseként. Szükség szerint csökkenteni kell a fő eledel mennyiségét. Ne használja önálló eledelként. A tasakban található „oxigénabszorber” a termék frissen tartására szolgál, és fogyasztásra nem alkalmas. Tovább olvasok"}
{"breadcrumb": "Főoldal/Kutya/Eledelek/Jutalomfalatok&rágcsák/Premiere kutya rágócsont 120g kacsa 2db", "product_name": "Premiere kutya rágócsont 120g kacsa 2dbPremiere kutya rágócsont 120g kacsa 2db", "brand": "PremiereChew ItFelnőttszárnyasrágócsontok&rágórudak", "regular_price": "1699", "selling_price": "", "price_per_unit": "1 db=850 Ft", "product_url": "https://webshop.fressnapf.hu/termekek/premiere-snack-ragocsont-120g-kacsa-2db/", "product_description": "Természetes rágcsálnivaló, levegőn szárított Nem tartalmaz mesterséges adalékanyagokat Kevesebb mint 4% zsír Levegőn szárított természetes termék, snack kutyáknak. különösen finom nem tartalmaz mesterséges adalékanyagokat alacsony zsírtartalmú Kiegészítő eledel kifejlett kutyák számára Bővebb információk a következő címen kérhetők: webshop@fressnapf.hu Analitikai összetevők 73,8% fehérje, 3,1% zsírtartalom, 3% nyershamu, 0,1% nyersrost Összetétel 73% marhabőr, 22,8% kacsahús, növényi eredetű melléktermékek, ásványi anyagok Táplálási javaslat Jutalomfalat a fő eledel kiegészítéseként. Szükség szerint csökkenteni kell a fő eledel mennyiségét. Ne használja önálló eledelként. A tasakban található „oxigénabszorber” a termék frissen tartására szolgál, és fogyasztásra nem alkalmas. Tovább olvasok"}
{"breadcrumb": "Főoldal/Kutya/Eledelek/Jutalomfalatok&rágcsák/Premiere kutya rágócsont 120g lazac 12db", "product_name": "Premiere kutya rágócsont 120g lazac 12dbPremiere kutya rágócsont 120g lazac 12db", "brand": "PremiereChew ItFelnőtthal&tenger gyümölcseirágócsontok&rágórudak", "regular_price": "1699", "selling_price": "", "price_per_unit": "1 db=142 Ft", "product_url": "https://webshop.fressnapf.hu/termekek/premiere-kutyasnack-ragocsont-lazac-12-db/", "product_description": "Különösen finom Nem tartalmaz mesterséges adalékanyagokat Alacsony zsírtartalmú Levegőn szárított természetes termék, snack kutyáknak. • különösen finom • nem tartalmaz mesterséges adalékanyagokat • alacsony zsírtartalmú Kiegészítő eledel kifejlett kutyák számára Bővebb információk a következő címen kérhetők: webshop@fressnapf.hu Analitikai összetevők 87,2% fehérje, 5,0% zsírtartalom, 2,5% nyershamu, 0,5% nyersrost. Összetétel 74,8% marhabőr, 13% lazac, 8%, 8% lazacbőr, növényi eredetű melléktermékek, ásványi anyagok. Adalékanyag/kg – Táplálási javaslat Jutalomfalat a fő eledel kiegészítéseként. Ne használja önálló eledelként. Tovább olvasok"}
{"breadcrumb": "Főoldal/Kutya/Eledelek/Jutalomfalatok&rágcsák/Premiere kutya rágórúd bárány 1m 300g", "product_name": "Premiere kutya rágórúd bárány 1m 300gPremiere kutya rágórúd bárány 1m 300g", "brand": "PremiereChew ItFelnőttjuh&bárány&kecskerágócsontok&rágórudak", "regular_price": "2999", "selling_price": "", "price_per_unit": "1 kg=9997 Ft", "product_url": "https://webshop.fressnapf.hu/termekek/premiere-kutyasnack-ragorud-barany-300g-1m/", "product_description": "Különösen finom Nem tartalmaz mesterséges adalékanyagokat Alacsony zsírtartalmú Levegőn szárított természetes termék, snack kutyáknak. különösen finom nem tartalmaz mesterséges adalékanyagokat alacsony zsírtartalmú Kiegészítő eledel kifejlett kutyák számára Bővebb információk a következő címen kérhetők: webshop@fressnapf.hu Analitikai összetevők 74,9% fehérje, 5,8% zsírtartalom, 4,0% nyershamu, 1,5% nyersrost. Összetétel 72% sertésbőr, 24,8% bárányhús, növényi eredetű melléktermékek, ásványi anyagok. Adalékanyag/kg – Táplálási javaslat Jutalomfalat a fő eledel kiegészítéseként. Ne használja önálló eledelként. Tovább olvasok"}
{"breadcrumb": "Főoldal/Kutya/Eledelek/Jutalomfalatok&rágcsák/Premiere kutya rágórúd csirke 200g", "product_name": "Premiere kutya rágórúd csirke 200gPremiere kutya rágórúd csirke 200g", "brand": "PremiereChew ItFelnőttszárnyasrágócsontok&rágórudak", "regular_price": "2399", "selling_price": "", "price_per_unit": "1 kg=11995 Ft", "product_url": "https://webshop.fressnapf.hu/termekek/premiere-ragorud-csirke-200g/", "product_description": "Kíméletesen levegőn szárítva Fehérjékben gazdag Nem tartalmas mesterséges tartósítószereket és színezékeket A csirkemellből és nyers marhabőrből készült PREMIERE rágórudak alacsony zsírtartalmú rágcsálnivalók minden kutya számára. kíméletesen levegőn szárítva Finom jutalomfalat két étkezés között fehérjékben gazdag Nem tartalmas mesterséges tartósítószereket és színezékeket Kiegészítő eledel kutyáknak, bővebb információk a következő címen kérhetők: webshop@fressnapf.hu Analitikai összetevők 66,2% fehérje, 3,8% zsírtartalom, 1,8% nyershamu, 2,5% nyersrost Összetétel 47% csirkemell, 47% nyers marhabőr, 5% burgonyakeményítő, 0,5% glicerin, 0,5% szorbit Táplálási javaslat Jutalomfalat a fő eledel kiegészítéseként. Szükség szerint csökkenteni kell a fő eledel mennyiségét. Ne használja önálló eledelként. A tasakban található „oxigénabszorber” a termék frissen tartására szolgál, fogyasztásra nem alkalmas. Hűvös és száraz helyen tárolja. Tovább olvasok"}
{"breadcrumb": "Főoldal/Kutya/Eledelek/Jutalomfalatok&rágcsák/Premiere kutya rágórúd kacsa 200g", "product_name": "Premiere kutya rágórúd kacsa 200gPremiere kutya rágórúd kacsa 200g", "brand": "PremiereChew ItFelnőttszárnyasrágócsontok&rágórudak", "regular_price": "2399", "selling_price": "", "price_per_unit": "1 kg=11995 Ft", "product_url": "https://webshop.fressnapf.hu/termekek/premiere-ragorud-kacsa-200g/", "product_description": "Kíméletesen levegőn szárítva Fehérjékben gazdag Nem tartalmas mesterséges tartósítószereket és színezékeket A kacsamellből és nyers marhabőrből készült PREMIERE rágórudak alacsony zsírtartalmú rágcsálnivalóként kínálhatók minden kutya számára. kíméletesen levegőn szárítva Finom jutalomfalat két étkezés között fehérjékben gazdag Nem tartalmas mesterséges tartósítószereket és színezékeket Kiegészítő eledel kutyáknak, bővebb információk a következő címen kérhetők: webshop@fressnapf.hu Analitikai összetevők 67% fehérje, 4% zsírtartalom, 1.5% nyershamu, 2,5% nyersrost Összetétel 47% kacsamell, 47% nyers marhabőr, 5% burgonyakeményítő, 0,5% glicerin, 0,5% szorbit Táplálási javaslat Jutalomfalat a fő eledel kiegészítéseként. Szükség szerint csökkenteni kell a fő eledel mennyiségét. Ne használja önálló eledelként. A tasakban található „oxigénabszorber” a termék frissen tartására szolgál, fogyasztásra nem alkalmas. Hűvös és száraz helyen tárolja. Tovább olvasok"}
{"breadcrumb": "Főoldal/Kutya/Eledelek/Jutalomfalatok&rágcsák/Premiere Lucky Snacks kutya jutalomfalat csirke 200g", "product_name": "Premiere Lucky Snacks kutya jutalomfalat csirke 200gPremiere Lucky Snacks kutya jutalomfalat csirke 200g", "brand": "PremiereLucky Snacks101g – 200gFelnőttszárnyastréning falatok", "regular_price": "1299", "selling_price": "", "price_per_unit": "1 kg=6495 Ft", "product_url": "https://webshop.fressnapf.hu/termekek/premiere-lucky-snacks-kutya-jutalomfalat-csirke-200g/", "product_description": "Premiere Lucky Snack – csemege csirkével. Ízletes lóhere formájú csemege csirkével és lazacolajjal. Minőség: szerencsehozó finomság minden kutyának. Tökéletes jutalmazáshoz és tréninghez. Hozzáadott cukor és szója nélkül. Hozzáadott mesterséges színezékek nélkül. Állaga: kemény. Kiegészítő eledel kifejlett kutyák számára. Összetétel: rizs, csirkefehérje (20%), glicerin, lazacolaj (5%), hidrolizált csirkemáj (4%), sertésből származó kollagén. Nyomokban egyéb összetevőket is tartalmazhat. Analitikai összetevők: fehérje 14%, zsírtartalom 7%, nyershamu 2,8%, nyersrost 1,5%, kalcium 0,3%, foszfor 0,2%, nedvesség 17%. Adalékanyagok/kg: technológiai adalékanyagok: tartósítószer. Etetési javaslat: Csemegeként, a fő étkezések kiegészítésére. A fő eledel mennyisége szükség szerint csökkenthető. Nem alkalmas önálló eledelként. Etetés közben felügyelje háziállatát. Tovább olvasok"}
{"breadcrumb": "Főoldal/Kutya/Eledelek/Jutalomfalatok&rágcsák/Premiere Lucky Snacks kutya jutalomfalat kacsa 200g", "product_name": "Premiere Lucky Snacks kutya jutalomfalat kacsa 200gPremiere Lucky Snacks kutya jutalomfalat kacsa 200g", "brand": "PremiereLucky Snacks101g – 200gFelnőttszárnyastréning falatok", "regular_price": "1299", "selling_price": "", "price_per_unit": "1 kg=12990 Ft", "product_url": "https://webshop.fressnapf.hu/termekek/premiere-lucky-snacks-kutya-jutalomfalat-kacsa-200g/", "product_description": "Premiere Lucky Snack – csemege kacsával. Ízletes lóhere formájú csemege kacsával és lazacolajjal. Minőség: szerencsehozó finomság minden kutyának. Tökéletes jutalmazáshoz és tréninghez. Hozzáadott cukor és szója nélkül. Hozzáadott mesterséges színezékek nélkül. Állaga: kemény. Kiegészítő eledel kifejlett kutyák számára. Összetétel: rizs, kacsafehérje (20%), glicerin, lazacolaj (5%), hidrolizált csirkemáj (4%), sertésből származó kollagén. Nyomokban egyéb összetevőket is tartalmazhat. Analitikai összetevők: fehérje 14%, zsírtartalom 7%, nyershamu 3,1%, nyersrost 1,5%, kalcium 0,3%, foszfor 0,2%, nedvesség 17%. Adalékanyagok/kg: technológiai adalékanyagok: tartósítószer. Etetési javaslat: Csemegeként, a fő étkezések kiegészítésére. A fő eledel mennyisége szükség szerint csökkenthető. Nem alkalmas önálló eledelként. Etetés közben felügyelje háziállatát. Tovább olvasok"}
{"breadcrumb": "Főoldal/Kutya/Eledelek/Jutalomfalatok&rágcsák/Premiere Lucky Snacks kutya jutalomfalat lazac 200g", "product_name": "Premiere Lucky Snacks kutya jutalomfalat lazac 200gPremiere Lucky Snacks kutya jutalomfalat lazac 200g", "brand": "PremiereLucky Snacks101g – 200gFelnőtthal&tenger gyümölcseitréning falatok", "regular_price": "1299", "selling_price": "", "price_per_unit": "1 kg=12990 Ft", "product_url": "https://webshop.fressnapf.hu/termekek/premiere-lucky-snacks-kutya-jutalomfalat-lazac-200g/", "product_description": "Premiere Lucky Snack – csemege lazaccal. Ízletes lóhere formájú csemege lazaccal és lazacolajjal. Minőség: szerencsehozó finomság minden kutyának. Tökéletes jutalmazáshoz és tréninghez. Hozzáadott cukor és szója nélkül. Hozzáadott mesterséges színezékek nélkül. Állaga: kemény. Kiegészítő eledel kifejlett kutyák számára. Összetétel: rizs, lazacfehérje (20%), glicerin, lazacolaj (5%), hidrolizált csirkemáj (4%), sertésből származó kollagén. Nyomokban egyéb összetevőket is tartalmazhat. Analitikai összetevők: fehérje 14%, zsírtartalom 7%, nyershamu 2,9%, nyersrost 1,5%, kalcium 0,3%, foszfor 0,2%, nedvesség 17%. Adalékanyagok/kg: technológiai adalékanyagok: tartósítószer. Etetési javaslat: Csemegeként, a fő étkezések kiegészítésére. A fő eledel mennyisége szükség szerint csökkenthető. Nem alkalmas önálló eledelként. Etetés közben felügyelje háziállatát. Tovább olvasok"}
{"breadcrumb": "Főoldal/Kutya/Eledelek/Jutalomfalatok&rágcsák/Premiere Maxi Meaties kutya jutalomfalat csirke 250g", "product_name": "Premiere Maxi Meaties kutya jutalomfalat csirke 250gPremiere Maxi Meaties kutya jutalomfalat csirke 250g", "brand": "PremierePure MeatiesFelnőttszárnyasszárított&természetesnagytestű 26kg-tól", "regular_price": "2299", "selling_price": "", "price_per_unit": "1 kg=9196 Ft", "product_url": "https://webshop.fressnapf.hu/termekek/premiere-maxi-meaties-kutya-jutalomfalat-csirke-250g/", "product_description": "PREMIERE. Meaties Maxi – csirke. Szárított húscsíkok, tökéletes jutalmazáshoz. Minőség: 96% hús. Kemencében szárított. < 2,5% zsír. Hozzáadott mesterséges színezékek és tartósítószerek nélkül. Élvezetes rágcsálnivaló. Kiegészítő eledel kutyák számára kb. 4 hónapos kortól. Összetétel: csirkemell 96,5%, glicerin 3,5%. Analitikai összetevők: fehérje 60% , zsírtartalom 2%, nyershamu 5%, nyersrost 0,1%. Nedvesség 17%. Etetési javaslat: Csemegeként, a fő eledel kiegészítésére. A fő eledel mennyisége szükség szerint csökkenthető. Nyomokban egyéb összetevőket is tartalmazhat. Tovább olvasok"}
{"breadcrumb": "Főoldal/Kutya/Eledelek/Jutalomfalatok&rágcsák/Premiere Meat Jerkys kutya jutalomfalat bárány 70g", "product_name": "Premiere Meat Jerkys kutya jutalomfalat bárány 70gPremiere Meat Jerkys kutya jutalomfalat bárány 70g", "brand": "PremiereMeatFelnőttjuh&bárány&kecskeszárított&természetes", "regular_price": "999", "selling_price": "", "price_per_unit": "1 KG=14271 Ft", "product_url": "https://webshop.fressnapf.hu/termekek/premiere-meat-jerkys-kutya-jutalomfalat-barany-70g/", "product_description": "Kiegészítő eledel kutyák számára. 93% színtiszta hús, levegőn szárítva. Mesterséges színezékek és aromák nélkül. Mesterséges tartósítószerek és hozzáadott cukor nélkül. Állatorvosok közreműködésével kifejlesztve. Analitikai összetevők: Fehérje 53%, zsírtartalom 2%, nyershamu 5%, nyersrost 4,3%, nedvességtartalom 18% Összetétel: Bárányhús (93,4%), kukoricakeményítő, glicerin Etetési javaslat: rágcsálnivalóként étkezések között. Az eledel mennyisége szükség szerint csökkenthető. Mindig adjon friss ivóvizet. Tovább olvasok"}
{"breadcrumb": "Főoldal/Kutya/Eledelek/Jutalomfalatok&rágcsák/Premiere Meat Jerkys kutya jutalomfalat marha 70g", "product_name": "Premiere Meat Jerkys kutya jutalomfalat marha 70gPremiere Meat Jerkys kutya jutalomfalat marha 70g", "brand": "PremiereMeatFelnőttmarha&borjúszárított&természetes", "regular_price": "999", "selling_price": "", "price_per_unit": "1 KG=14271 Ft", "product_url": "https://webshop.fressnapf.hu/termekek/premiere-meat-jerkys-kutya-jutalomfalat-marha-70g/", "product_description": "Kiegészítő eledel kutyák számára. 93% színtiszta hús, levegőn szárítva. Mesterséges színezékek és aromák nélkül. Mesterséges tartósítószerek és hozzáadott cukor nélkül. Állatorvosok közreműködésével kifejlesztve. Analitikai összetevők: Fehérje 53%, zsírtartalom 2%, nyershamu 5%, nyersrost 4,3%, nedvességtartalom 18% Összetétel: Marhahús (93,2%), kukoricakeményítő, glicerin Etetési javaslat: rágcsálnivalóként étkezések között. Az eledel mennyisége szükség szerint csökkenthető. Mindig adjon friss ivóvizet. Tovább olvasok"}
{"breadcrumb": "Főoldal/Kutya/Eledelek/Jutalomfalatok&rágcsák/Premiere Meat Pasta kutya jutalomfalat csirke&hal 70g", "product_name": "Premiere Meat Pasta kutya jutalomfalat csirke&hal 70gPremiere Meat Pasta kutya jutalomfalat csirke&hal 70g", "brand": "PremiereMeatFelnőttszárnyaspaszták&krémek", "regular_price": "999", "selling_price": "", "price_per_unit": "1 kg=14271 Ft", "product_url": "https://webshop.fressnapf.hu/termekek/7xpremiere-meat-pasta-csirkehal-70g/", "product_description": "PREMIERE Meat Pasta. Csirkében és Alaszkai Fekete Tőkehalban gazdag. Zsírszegény jutalomfalat. 48% hússal és halfilével. Visszazárható frissen tartó csomagolás. Csirke, máj és hal, kemencében szárított. Kiegészítő eledel kutyák számára. Összetétel: hús és állati melléktermékek (39% csirkehús, 10% csirkemáj), növényi fehérjekivonatok, hal és halas melléktermékek (9% fekete tőkehal filé), növényi glicerin 8,5%, propilén-glikol, növényi melléktermékek, olajok és zsírok, cukor (granulált), ásványi anyagok. Analitikai összetevők: fehérje 28%, zsírtartalom 1%, nyershamu 3%, nyersrost 1%, nedvesség 30%. Adalékanyagok: érzékszervi tulajdonságokat javító adalékanyagok: színezékek. Etetési javaslat: csemegeként, a fő eledel kiegészítésére. A fő eledel mennyisége szükség szerint csökkenthető. Nem alkalmas önálló eledelként. A tasakban levő „oxigénelnyelő” a termék frissen tartására szolgál, fogyasztásra alkalmatlan. Etetés közben ajánlatos a felügyelet. Mindig adjon friss ivóvizet. Hűvös és száraz helyen tárolandó. Nyomokban egyéb összetevőket is tartalmazhat. Tovább olvasok"}
{"breadcrumb": "Főoldal/Kutya/Eledelek/Jutalomfalatok&rágcsák/Premiere Meat Sandwich kutya jutalomfalat csirke&hal 150g", "product_name": "Premiere Meat Sandwich kutya jutalomfalat csirke&hal 150gPremiere Meat Sandwich kutya jutalomfalat csirke&hal 150g", "brand": "Premiere101g – 200gFelnőttvegyespuha falatok", "regular_price": "1599", "selling_price": "", "price_per_unit": "1 KG=10660 Ft", "product_url": "https://webshop.fressnapf.hu/termekek/premiere-meat-sandwich-kutya-jutalomfalat-csirkehal-150g/", "product_description": "PREMIERE. Fun Snack — Szendvics. Csirke hallal. 150g gazdaságos csomag. Mókás küllemű, szendvics formájú rágcsálnivaló. Minőség: Tökéletes jutalmazáshoz és tréninghez. < 4% zsír. Hozzáadott cukor nélkül. Hozzáadott mesterséges tartósítószerek nélkül. Állaga: puha. Kiegészítő eledel minden kutya számára 4 hónapos kortól. Összetétel: csirkehús 53,2%, glicerin, szójafehérje 12,6%, fekete tőkehal 12,3%, kukoricakeményítő, szójaolaj, só, fokhagymapor. Analitikai összetevők: fehérje 31 %, zsírtartalom 3,5%, nyershamu 3%, nyersrost 1% Nedvesség 34%. Tovább olvasok"}
{"breadcrumb": "Főoldal/Kutya/Eledelek/Jutalomfalatok&rágcsák/Premiere Meat Sandwich kutya jutalomfalat csirke&hal 70g", "product_name": "Premiere Meat Sandwich kutya jutalomfalat csirke&hal 70gPremiere Meat Sandwich kutya jutalomfalat csirke&hal 70g", "brand": "PremiereMeatFelnőttvegyespuha falatok", "regular_price": "999", "selling_price": "", "price_per_unit": "1 KG=14271 Ft", "product_url": "https://webshop.fressnapf.hu/termekek/premiere-meat-sandwich-kutya-jutalomfalat-csirkehal-70g/", "product_description": "65% hús és hal, levegőn szárítva Nem tartalmaz mesterséges színezékeket és aromákat Állatorvosok által kifejlesztve A PREMIERE Meat Sandwiches eledellel nyugodt lelkiismerettel kényeztetheti és jutalmazhatja kutyáját. Szaftos csirkehússal és ízletes fekete tőkehallal készült. A húscsíkokat levegőn szárítják. A kiváló minőségű alapanyagok és a kíméletes gyártás kiváló emészthetőséget garantálnak. A további előnyök áttekintése: Csupán 3,5% zsírtartalom. Nem tartalmaz mesterséges színezékeket, aromákat és tartósítószereket Nem tartalmaz cukrot Kiegészítő eledel kutyák számára. Bővebb információk a következő címen kérhetők: webshop@fressnapf.hu Analitikai összetevők 31% fehérje, 3,5% zsírtartalom, 3% nyershamu, 1% nyersrost Összetétel csirkehús (53%), fekete tőkehal (12%), Szójababfehérje, glicerin, kukoricakeményítő, fokhagymapor, só, szójaolaj Táplálási javaslat étkezések közötti snackként Szükség szerint csökkenteni kell az eledel mennyiségét. Kérjük, mindig álljon rendelkezésre friss ivóvíz hűvös és száraz helyen tárolja Zárja le gondosan a tasakot a termék különleges frissességének megőrzése érdekében a csomagolásban ún. „deoxidálószer” található – ez fogyasztásra nem alkalmas Tovább olvasok"}
{"breadcrumb": "Főoldal/Kutya/Eledelek/Jutalomfalatok&rágcsák/Premiere Meat Sticks kutya jutalomfalat marha 70g", "product_name": "Premiere Meat Sticks kutya jutalomfalat marha 70gPremiere Meat Sticks kutya jutalomfalat marha 70g", "brand": "PremiereMeatFelnőttmarha&borjúrágócsíkok", "regular_price": "999", "selling_price": "", "price_per_unit": "1 KG=14271 Ft", "product_url": "https://webshop.fressnapf.hu/termekek/premiere-meat-sticks-kutya-jutalomfalat-marha-70g/", "product_description": "A PREMIERE húsrudacskákkal nyugodt lelkiismerettel kényeztetheti és jutalmazhatja kutyáját. A húsos falatokat levegőn szárítják. A kiváló minőségű alapanyagok és a kíméletes előállítás garantálja a kiváló emészthetőséget. Nem tartalmaz hozzáadott mesterséges színezéket, aromát, tartósítószert és cukrot. Analitikai összetevők: Fehérje 20%, zsírtartalom 10% Nyers hamu 1,3%, nyers rost 0,5%, nedvességtartalom24% Összetétel: Marhahús (40%), marhafaggyú (9%), glicerin, kukoricakeményítő, szorbit, só. Tovább olvasok"}
{"breadcrumb": "Főoldal/Kutya/Eledelek/Nedves eledelek/Premiere Meati kutya konzerv adult bárány 6x400g", "product_name": "Premiere Meati kutya konzerv adult bárány 6x400gPremiere Meati kutya konzerv adult bárány 6x400g", "brand": "PremiereMeati201g – 400gFelnőttjuh&bárány&kecskekonzervgabonamentesközepes testű 11-25kg", "regular_price": "5 094", "selling_price": "4 794", "price_per_unit": "799 Ft", "product_url": "https://webshop.fressnapf.hu/termekek/6xpremiere-meati-kutyakonzerv-barany-400g/", "product_description": "PREMIERE Meati – a valódi hús ízélménye! Kiegyensúlyozott, ízletes húst tartalmazó nedves eledel felnőtt kutyák számára. A kiváló minőségű összetevők és a kíméletes feldolgozás garantálják a kiváló emészthetőséget. 71% hús és állati eredetű összetevők: A PREMIERE Meati terméket a magas hústartalma és a lédús, természetes húsdarabok teszik igazán különlegessé és ízletessé. Védekezőképesség: A lenmagolajban található többszörösen telítetlen omega-3 zsírsavak támogatják a szervezet saját védekezőképességét és hozzájárulnak a sejtek védelméhez. Optimális emésztés: A répa rostjaiban található élelmi rostok elősegítik az optimális emésztést. 71% hús és állati eredetű összetevők Gabonamentes Telítetlen omega-3 zsírsavakkal Analitikai összetevők 10,6% fehérje, 7% zsírtartalom, 2,2% nyershamu, 0,6% nyersrost, 0,21% kalcium, 0,15% foszfor, 0,15% omega-3-zsírsavak Összetétel 71% hús és állati eredetű melléktermékek (ebből 13% bárányszív, 12% báránytüdő, 5% bárány bendő), ásványi anyagok, olajok és zsírok (0,2% lenmagolaj), növényi eredetű melléktermékek (0,2% réparost). 15% izomhús-tartalom. Adalékanyag/kg Táplálkozásfiziológiai adalékanyagok: 200 NE D3-vitamin, 0,75 mg jód (kalcium-jodát, vízmentes), 1,4 mg mangán (mangán(II)-szulfát, monohidrát), 25 mg cink (cink-szulfát, monohidrát), 300 mcg biotin Nyomokban tartalmazhat egyéb összetevőket. Táplálási javaslat A kutya súlya Adagolás 5 kg 270 g/nap 7 kg 350 g/nap 10 kg 450 g/nap 15 kg 610 g/nap 20 kg 760 g/nap A megadott adatok irányadó értékek. Az egyéni tápanyagigény a fajtától, az életkortól és az aktivitástól függ. Felbontás után hűvös helyen tárolja. Szobahőmérsékleten tálalja. Tovább olvasok"}
{"breadcrumb": "Főoldal/Kutya/Eledelek/Nedves eledelek/Premiere Meati kutya konzerv adult bárány 6x800g", "product_name": "Premiere Meati kutya konzerv adult bárány 6x800gPremiere Meati kutya konzerv adult bárány 6x800g", "brand": "PremiereMeati601g – 800gFelnőttjuh&bárány&kecskekonzervgabonamentesnagytestű 26kg-tól", "regular_price": "8 994", "selling_price": "8 394", "price_per_unit": "1 399 Ft", "product_url": "https://webshop.fressnapf.hu/termekek/6xpremiere-meati-kutyakonzerv-barany-800g/", "product_description": "PREMIERE Meati – a valódi hús ízélménye! Kiegyensúlyozott, ízletes húst tartalmazó nedves eledel felnőtt kutyák számára. A kiváló minőségű összetevők és a kíméletes feldolgozás garantálják a kiváló emészthetőséget. 71% hús és állati eredetű összetevők: A PREMIERE Meati terméket a magas hústartalma és a lédús, természetes húsdarabok teszik igazán különlegessé és ízletessé. Védekezőképesség: A lenmagolajban található többszörösen telítetlen omega-3 zsírsavak támogatják a szervezet saját védekezőképességét és hozzájárulnak a sejtek védelméhez. optimális emésztés: A répa rostjaiban található élelmi rostok elősegítik az optimális emésztést. 71% hús és állati eredetű összetevők Gabonamentes Telítetlen omega-3 zsírsavakkal Analitikai összetevők 10,6% fehérje, 7% zsírtartalom, 2,2% nyershamu, 0,6% nyersrost, 0,21% kalcium, 0,15% foszfor, 0,15% omega-3-zsírsavak. Összetétel 71% hús és állati eredetű melléktermékek (ebből 13% bárányszív, 12% báránytüdő, 5% bárány bendő), ásványi anyagok, olajok és zsírok (0,2% lenmagolaj), növényi eredetű melléktermékek (0,2% réparost). 15% izomhús-tartalom. Adalékanyag/kg Táplálkozásfiziológiai adalékanyagok: 200 NE D3-vitamin, 0,75 mg jód (kalcium-jodát, vízmentes), 1,4 mg mangán (mangán(II)-szulfát, monohidrát), 25 mg cink (cink-szulfát, monohidrát), 300 mcg biotin. Nyomokban tartalmazhat egyéb összetevőket. Táplálási javaslat A kutya súlya Adagolás 10 kg 450 g/nap 15 kg 610 g/nap 20 kg 760 g/nap 25 kg 900 g/nap 30 kg 10300 g/nap 35 kg 1160 g/nap 40 kg 1280 g/nap 45 kg 1400 g/nap 50 kg 1510 g/nap 60 kg 1730 g/nap 70 kg 1940 g/nap 80 kg 2200 g/nap Felbontás után hűvös helyen tárolja. Szobahőmérsékletűre melegítve kínálja. A megadott adatok referenciaértékek. Az egyéni tápanyagigény a fajtától, az életkortól és az aktivitástól függ. Tovább olvasok"}
{"breadcrumb": "Főoldal/Kutya/Eledelek/Nedves eledelek/Premiere Meati kutya konzerv adult borjú 6x400g", "product_name": "Premiere Meati kutya konzerv adult borjú 6x400gPremiere Meati kutya konzerv adult borjú 6x400g", "brand": "PremiereMeati201g – 400gFelnőttmarha&borjúkonzervgabonamentesközepes testű 11-25kg", "regular_price": "5 094", "selling_price": "4 794", "price_per_unit": "799 Ft", "product_url": "https://webshop.fressnapf.hu/termekek/6xpremiere-meati-kutyakonzerv-borju-400g/", "product_description": "PREMIERE Meati – a valódi hús ízélménye! Kiegyensúlyozott, ízletes húst tartalmazó nedves eledel felnőtt kutyák számára. A kiváló minőségű összetevők és a kíméletes feldolgozás garantálják a kiváló emészthetőséget. 71% hús és állati eredetű összetevők: A PREMIERE Meati terméket a magas hústartalma és a lédús, természetes húsdarabok teszik igazán különlegessé és ízletessé. Védekezőképesség: A lenmagolajban található többszörösen telítetlen omega-3 zsírsavak támogatják a szervezet saját védekezőképességét és hozzájárulnak a sejtek védelméhez. Optimális emésztés: A répa rostjaiban található élelmi rostok elősegítik az optimális emésztést. 71% hús és állati eredetű összetevők Gabonamentes Telítetlen omega-3 zsírsavakkal Analitikai összetevők 11% fehérje, 7,1% zsírtartalom, 2,4% nyershamu, 0,6% nyersrost, 0,21% kalcium, 0,16% foszfor, 0,15% omega-3-zsírsavak. Összetétel 71% hús és állati eredetű melléktermékek (ebből 10% borjúszív, 10% borjútüdő, 10% borjúgyomor), ásványi anyagok, olajok és zsírok (0,2% lenmagolaj), növényi eredetű melléktermékek (0,2% réparost). 15% izomhús-tartalom. Adalékanyag/kg Táplálkozásfiziológiai adalékanyagok: 200 NE D3-vitamin, 0,75 mg jód (kalcium-jodát, vízmentes), 1,4 mg mangán (mangán(II)-szulfát, monohidrát), 25 mg cink (cink-szulfát, monohidrát), 300 mcg biotin. Nyomokban tartalmazhat egyéb összetevőket. Táplálási javaslat A kutya súlya Adagolás 5 kg 270 g/nap 7 kg 350 g/nap 10 kg 450 g/nap 15 kg 610 g/nap 20 kg 760 g/nap A megadott adatok irányadó értékek. Az egyéni tápanyagigény a fajtától, az életkortól és az aktivitástól függ. Felbontás után hűvös helyen tárolja. Szobahőmérsékleten tálalja. Tovább olvasok"}
{"breadcrumb": "Főoldal/Kutya/Eledelek/Nedves eledelek/Premiere Meati kutya konzerv adult borjú 6x800g", "product_name": "Premiere Meati kutya konzerv adult borjú 6x800gPremiere Meati kutya konzerv adult borjú 6x800g", "brand": "PremiereMeati601g – 800gFelnőttmarha&borjúkonzervgabonamentesnagytestű 26kg-tól", "regular_price": "8 994", "selling_price": "8 394", "price_per_unit": "1 399 Ft", "product_url": "https://webshop.fressnapf.hu/termekek/6xpremiere-meati-kutyakonzerv-borju-800g/", "product_description": "PREMIERE Meati – a valódi hús ízélménye! Kiegyensúlyozott, ízletes húst tartalmazó nedves eledel felnőtt kutyák számára. A kiváló minőségű összetevők és a kíméletes feldolgozás garantálják a kiváló emészthetőséget. 71% hús és állati eredetű összetevők: A PREMIERE Meati terméket a magas hústartalma és a lédús, természetes húsdarabok teszik igazán különlegessé és ízletessé. Védekezőképesség: A lenmagolajban található többszörösen telítetlen omega-3 zsírsavak támogatják a szervezet saját védekezőképességét és hozzájárulnak a sejtek védelméhez. optimális emésztés: A répa rostjaiban található élelmi rostok elősegítik az optimális emésztést. 71% hús és állati eredetű összetevők Gabonamentes Telítetlen omega-3 zsírsavakkal Analitikai összetevők 11% fehérje, 7,1% zsírtartalom, 2,4% nyershamu, 0,6% nyersrost, 0,21% kalcium, 0,16% foszfor, 0,15% omega-3 zsírsavak. Összetétel 71% hús és állati eredetű melléktermékek (ebből 10% borjúszív, 10% borjú tüdő, 10% borjú bendő), ásványi anyagok, olajok és zsírok (0,2% lenmagolaj), növényi eredetű melléktermékek (0,2% réparost). 15% izomhús-tartalom. Adalékanyag/kg Táplálkozásfiziológiai adalékanyagok: 200 NE D3-vitamin, 0,75 mg jód (kalcium-jodát, vízmentes), 1,4 mg mangán (mangán(II)-szulfát, monohidrát), 25 mg cink (cink-szulfát, monohidrát), 300 mcg biotin. Nyomokban tartalmazhat egyéb összetevőket. Táplálási javaslat A kutya súlya Adagolás 10 kg 450 g/nap 15 kg 610 g/nap 20 kg 760 g/nap 25 kg 900 g/nap 30 kg 1030 g/nap 35 kg 1160 g/nap 40 kg 1280 g/nap 45 kg 1400 g/nap 50 kg 1510 g/nap 60 kg 1730 g/nap 70 kg 1940 g/nap 80 kg 2200 g/nap Felbontás után hűvös helyen tárolja. Szobahőmérsékletűre melegítve kínálja. A megadott adatok referenciaértékek. Az egyéni tápanyagigény a fajtától, az életkortól és az aktivitástól függ. Tovább olvasok"}
{"breadcrumb": "Főoldal/Kutya/Eledelek/Nedves eledelek/Premiere Meati kutya konzerv adult csirke 6x400g", "product_name": "Premiere Meati kutya konzerv adult csirke 6x400gPremiere Meati kutya konzerv adult csirke 6x400g", "brand": "PremiereMeati201g – 400gFelnőttszárnyaskonzervközepes testű 11-25kg", "regular_price": "5 094", "selling_price": "4 794", "price_per_unit": "799 Ft", "product_url": "https://webshop.fressnapf.hu/termekek/premiere-meati-kutya-konzerv-adult-csirke-400g/", "product_description": "PREMIERE Meati – a valódi hús ízélménye! Kiegyensúlyozott, ízletes húst tartalmazó nedves eledel felnőtt kutyák számára. A kiváló minőségű összetevők és a kíméletes feldolgozás garantálják a kiváló emészthetőséget. 71% hús és állati eredetű összetevők: A PREMIERE Meati terméket a magas hústartalma és a lédús, természetes húsdarabok teszik igazán különlegessé és ízletessé. Védekezőképesség: A lenmagolajban található többszörösen telítetlen omega-3 zsírsavak támogatják a szervezet saját védekezőképességét és hozzájárulnak a sejtek védelméhez. Optimális emésztés: A répa rostjaiban található élelmi rostok elősegítik az optimális emésztést. 71% hús és állati eredetű összetevők Gabonamentes Telítetlen omega-3 zsírsavakkal Analitikai összetevők 8% fehérje, 5,5% zsírtartalom, 2,8% nyershamu, 0,3% nyersrost, 77% nedvességtartalom, 0,3% kalcium, 0,25% foszfor, 0,1% omega-3 zsírsavak Összetétel 71% hús és állati eredetű melléktermékek (ebből 12% csirkehús, 10% csirkemáj, 8% csirkeszív), ásványi anyagok, olajok és zsírok (0,2% lenmagolaj), növényi eredetű melléktermékek (0,2% réparost). 15% izomhús-tartalom. Adalékanyag/kg Táplálkozásfiziológiai adalékanyagok: 200 NE D3-vitamin, 2 mg réz (aminosavak réz-kelátja, hidrát) 30 mg vas (vas(II)-szulfát-monohidrát), 0,75 mg jód (kálium-jodid), 3 mg mangán (mangán(II)-oxid), 15 mg cink (aminosavak cink-kelátja, hidrát). Táplálási javaslat A kutya súlya Adagolás 5 kg 270 g/nap 7 kg 350 g/nap 10 kg 450 g/nap 15 kg 610 g/nap 20 kg 760 g/nap A megadott adatok irányadó értékek. Az egyéni tápanyagigény a fajtától, az életkortól és az aktivitástól függ. Felbontás után 8 °C-on tárolandó. Szobahőmérsékleten tálalja. Nyomokban egyéb összetevőket tartalmazhat. Tovább olvasok"}
{"breadcrumb": "Főoldal/Kutya/Eledelek/Nedves eledelek/Premiere Meati kutya konzerv adult csirke 6x800g", "product_name": "Premiere Meati kutya konzerv adult csirke 6x800gPremiere Meati kutya konzerv adult csirke 6x800g", "brand": "PremiereMeati601g – 800gFelnőttszárnyaskonzervgabonamentesnagytestű 26kg-tól", "regular_price": "8 994", "selling_price": "8 394", "price_per_unit": "1 399 Ft", "product_url": "https://webshop.fressnapf.hu/termekek/6xpremiere-meati-kutyakonzerv-csirke-800g/", "product_description": "PREMIERE Meati – a valódi hús ízélménye! Kiegyensúlyozott, ízletes húst tartalmazó nedves eledel felnőtt kutyák számára. A kiváló minőségű összetevők és a kíméletes feldolgozás garantálják a kiváló emészthetőséget. 71% hús és állati eredetű összetevők: A PREMIERE Meati terméket a magas hústartalma és a lédús, természetes húsdarabok teszik igazán különlegessé és ízletessé. Védekezőképesség: A lenmagolajban található többszörösen telítetlen omega-3 zsírsavak támogatják a szervezet saját védekezőképességét és hozzájárulnak a sejtek védelméhez. optimális emésztés: A répa rostjaiban található élelmi rostok elősegítik az optimális emésztést. 71% hús és állati eredetű összetevők Gabonamentes Telítetlen omega-3 zsírsavakkal Analitikai összetevők 8% fehérje, 5,5% zsírtartalom, 2,8% nyershamu, 0,3% nyersrost, 0,3% kalcium, 0,25% foszfor, 0,1% omega-3-zsírsavak Összetétel 71% hús és állati eredetű melléktermékek (ebből 12% csirkehús, 10% csirkemáj, 8% csirkeszív), ásványi anyagok, olajok és zsírok (0,2% lenmagolaj), növényi eredetű melléktermékek (0,2% réparost). 15% izomhús-tartalom. Adalékanyag/kg Táplálkozásfiziológiai adalékanyagok: 200 NE D3-vitamin, 2 mg réz (aminosavak réz-kelátja, hidrát) 30 mg vas (vas(II)-szulfát-monohidrát),0,75 mg jód (kálium-jodid), 3 mg mangán (mangán(II)-oxid), 15 mg cink (aminosavak cink-kelátja, hidrát). Táplálási javaslat A kutya súlya Napi adagolás 10 kg 450 g 15 kg 610 g 20 kg 760 g 25 kg 900 g 30 kg 1030 g 35 kg 1160 g 40 kg 1280 g 45 kg 1400 g 50 kg 1510 g 60 kg 1730 g 70 kg 2200 g Felbontás után hűvös helyen tárolja. Szobahőmérsékleten tálalja. A megadott adatok irányadó értékek. Az egyéni tápanyagigény a fajtától, az életkortól és az aktivitástól függ. Tovább olvasok"}
{"breadcrumb": "Főoldal/Kutya/Eledelek/Nedves eledelek/Premiere Meati kutya konzerv adult csirkeszív 6x400g", "product_name": "Premiere Meati kutya konzerv adult csirkeszív 6x400gPremiere Meati kutya konzerv adult csirkeszív 6x400g", "brand": "PremiereMeati201g – 400gFelnőttszárnyaskonzervgabonamentesközepes testű 11-25kg", "regular_price": "5 094", "selling_price": "4 794", "price_per_unit": "799 Ft", "product_url": "https://webshop.fressnapf.hu/termekek/6xpremiere-meati-kutyakonzerv-baromfisziv-400g/", "product_description": "PREMIERE Meati – a valódi hús ízélménye! Kiegyensúlyozott, ízletes húst tartalmazó nedves eledel felnőtt kutyák számára. A kiváló minőségű összetevők és a kíméletes feldolgozás garantálják a kiváló emészthetőséget. 71% hús és állati eredetű összetevők: A PREMIERE Meati terméket a magas hústartalma és a lédús, természetes húsdarabok teszik igazán különlegessé és ízletessé. Védekezőképesség: A lenmagolajban található többszörösen telítetlen omega-3 zsírsavak támogatják a szervezet saját védekezőképességét és hozzájárulnak a sejtek védelméhez. Optimális emésztés: A répa rostjaiban található élelmi rostok elősegítik az optimális emésztést. 71% hús és állati eredetű összetevők Gabonamentes Telítetlen omega-3 zsírsavakkal Analitikai összetevők 10,8% fehérje, 6,9% zsírtartalom, 2,4% nyershamu, 0,6% nyersrost, 0,23% kalcium, 0,17% foszfor, 0,15% omega-3-zsírsavak Összetétel 71% hús és állati eredetű melléktermékek (ebből 15% csirkeszív), ásványi anyagok, olajok és zsírok (0,2% lenmagolaj), növényi eredetű melléktermékek (0,2% réparost). Izomhús aránya: 15%. Adalékanyag/kg Táplálkozásfiziológiai adalékanyagok: 200 NE D3-vitamin, 0,75 mg jód (kalcium-jodát, vízmentes), 1,4 mg mangán (mangán(II)-szulfát, monohidrát), 25 mg cink (cink-szulfát, monohidrát), 300 mcg biotin. Nyomokban tartalmazhat egyéb összetevőket. Táplálási javaslat A kutya súlya Adagolás 5 kg 270 g/nap 7 kg 350 g/nap 10 kg 450 g/nap 15 kg 610 g/nap 20 kg 760 g/nap A megadott adatok irányadó értékek. Az egyéni tápanyagigény a fajtától, az életkortól és az aktivitástól függ. Felbontás után hűvös helyen tárolja. Szobahőmérsékleten tálalja. Tovább olvasok"}
{"breadcrumb": "Főoldal/Kutya/Eledelek/Nedves eledelek/Premiere Meati kutya konzerv adult csirkeszív 6x800g", "product_name": "Premiere Meati kutya konzerv adult csirkeszív 6x800gPremiere Meati kutya konzerv adult csirkeszív 6x800g", "brand": "PremiereMeati601g – 800gFelnőttszárnyaskonzervgabonamentesnagytestű 26kg-tól", "regular_price": "8 994", "selling_price": "8 394", "price_per_unit": "1 399 Ft", "product_url": "https://webshop.fressnapf.hu/termekek/6xpremiere-meati-kutyakonzerv-baromfisziv-800g/", "product_description": "PREMIERE Meati – a valódi hús ízélménye! Kiegyensúlyozott, ízletes húst tartalmazó nedves eledel felnőtt kutyák számára. A kiváló minőségű összetevők és a kíméletes feldolgozás garantálják a kiváló emészthetőséget. 71% hús és állati eredetű összetevők: A PREMIERE Meati terméket a magas hústartalma és a lédús, természetes húsdarabok teszik igazán különlegessé és ízletessé. Védekezőképesség: A lenmagolajban található többszörösen telítetlen omega-3 zsírsavak támogatják a szervezet saját védekezőképességét és hozzájárulnak a sejtek védelméhez. Optimális emésztés: A répa rostjaiban található élelmi rostok elősegítik az optimális emésztést. 71% hús és állati eredetű összetevők Gabonamentes Telítetlen omega-3 zsírsavakkal Analitikai összetevők 10,8% fehérje, 6,9% zsírtartalom, 2,4% nyershamu, 0,6% nyersrost, 0,23% kalcium, 0,17% foszfor, 0,15% omega-3-zsírsavak Összetétel 71% hús és állati eredetű melléktermékek (ebből 15% egész csirkeszív), ásványi anyagok, olajok és zsírok (0,2% lenmagolaj), növényi eredetű melléktermékek (0,2% réparost). Izomhús aránya: 15%. Adalékanyag/kg Táplálkozásfiziológiai adalékanyagok: 200 NE D3-vitamin, 0,75 mg jód (kalcium-jodát, vízmentes), 1,4 mg mangán (mangán(II)-szulfát, monohidrát), 25 mg cink (cink-szulfát, monohidrát), 300 mcg biotin. Nyomokban tartalmazhat egyéb összetevőket. Táplálási javaslat A kutya súlya Adagolás 10 kg 450 g/nap 15 kg 610 g/nap 20 kg 760 g/nap 25 kg 900 g/nap 30 kg 1030 g/nap 35 kg 1160 g/nap 40 kg 1150 g/nap 45 kg 1280 g/nap 50 kg 1510 g/nap 60 kg 1730 g/nap 70 kg 1940 g/nap 80 kg 2200 g/ nap Felbontás után hűvös helyen tárolja. Szobahőmérsékletűre melegítve kínálja. A megadott adatok referenciaértékek. Az egyéni tápanyagigény a fajtától, az életkortól és az aktivitástól függ. Tovább olvasok"}
{"breadcrumb": "Főoldal/Kutya/Eledelek/Nedves eledelek/Premiere Meati kutya konzerv adult kacsaszív 6x400g", "product_name": "Premiere Meati kutya konzerv adult kacsaszív 6x400gPremiere Meati kutya konzerv adult kacsaszív 6x400g", "brand": "PremiereMeati201g – 400gFelnőttszárnyaskonzervgabonamentesközepes testű 11-25kg", "regular_price": "5 094", "selling_price": "4 794", "price_per_unit": "799 Ft", "product_url": "https://webshop.fressnapf.hu/termekek/6xpremiere-meati-konzerv-adult-kacsasziv-400g/", "product_description": "PREMIERE Meati – a valódi hús ízélménye! Kiegyensúlyozott, ízletes húst tartalmazó nedves eledel felnőtt kutyák számára. A kiváló minőségű összetevők és a kíméletes feldolgozás garantálják a kiváló emészthetőséget. 71% hús és állati eredetű összetevők: A PREMIERE Meati terméket a magas hústartalma és a lédús, természetes húsdarabok teszik igazán különlegessé és ízletessé. Védekezőképesség: A lenmagolajban található többszörösen telítetlen omega-3 zsírsavak támogatják a szervezet saját védekezőképességét és hozzájárulnak a sejtek védelméhez. Optimális emésztés: A répa rostjaiban található élelmi rostok elősegítik az optimális emésztést. 71% hús és állati eredetű összetevők Gabonamentes Telítetlen omega-3 zsírsavakkal Analitikai összetevők 10,6% fehérje, 6,8% zsírtartalom, 2,4% nyershamu, 0,6% nyersrost, 0,23% kalcium, 0,17% foszfor, 0,15% omega-3-zsírsavak. Összetétel 71% hús és állati eredetű melléktermékek (ebből 15% egész kacsaszív), ásványi anyagok, olajok és zsírok (0,2% lenmagolaj), növényi eredetű melléktermékek (0,2% réparost). 15% izomhús-tartalom. Adalékanyag/kg Táplálkozásfiziológiai adalékanyagok: 200 NE D3-vitamin, 0,75 mg jód (kalcium-jodát, vízmentes), 1,4 mg mangán (mangán(II)-szulfát, monohidrát), 25 mg cink (cink-szulfát, monohidrát), 300 mcg biotin. Nyomokban tartalmazhat egyéb összetevőket. Táplálási javaslat A kutya súlya Adagolás 5 kg 270 g/nap 7 kg 350 g/nap 10 kg 450 g/nap 15 kg 610 g/nap 20 kg 760 g/nap A megadott adatok irányadó értékek. Az egyéni tápanyagigény a fajtától, az életkortól és az aktivitástól függ. Felbontás után hűvös helyen tárolja. Szobahőmérsékleten tálalja. Tovább olvasok"}
{"breadcrumb": "Főoldal/Kutya/Eledelek/Nedves eledelek/Premiere Meati kutya konzerv adult kacsaszív 6x800g", "product_name": "Premiere Meati kutya konzerv adult kacsaszív 6x800gPremiere Meati kutya konzerv adult kacsaszív 6x800g", "brand": "PremiereMeati601g – 800gFelnőttszárnyaskonzervgabonamentesnagytestű 26kg-tól", "regular_price": "8 994", "selling_price": "8 394", "price_per_unit": "1 399 Ft", "product_url": "https://webshop.fressnapf.hu/termekek/6xpremiere-meati-konzerv-adult-kacsasziv-800g/", "product_description": "Teljes értékű eledel kifejlett kutyák számára. Gabonaféléktől mentes receptúra. Egész kacsaszivekkel. 71% húsnak és állati eredetű összetevőknek köszönhetően. A lenolajból származó omega-3 zsírsavak fokozhatják a szervezet ellenállóképességét és hozzájárulhatnak a sejtek védelméhez. A réparostokból származó ballasztanyagok hozzájárulhatnak az optimális emésztéshez. Összetétel: 71% hús és állati származékok (ebből 15% kacsaszív), ásványi anyagok, olajok és zsírok (0,2% lenolaj), növényi eredetű származékok (0,2% réparost). A színhús aránya (15%). Analitikai összetevők: fehérje 10,5%, zsírtartalom 5,9%, nyershamu 2,3%, nyersrost 0,6%, nedvesség 78%, kalcium 0,3%, foszfor 0,25%, omega-3 zsírsavak 0,28%. Adalékanyagok/kg: tápértékkel rendelkező adalékanyagok: D3-vitamin 200 NE, jód (kalcium-jodát, vízmentes) 0,75mg, mangán (mangán(II)-szulfát, monohidrát) 3mg, cink (cink-szulfát, monohidrát) 15mg. Nyomokban egyéb összetevőket is tartalmazhat. Tovább olvasok"}
{"breadcrumb": "Főoldal/Kutya/Eledelek/Nedves eledelek/Premiere Meati kutya konzerv adult marha 6x400g", "product_name": "Premiere Meati kutya konzerv adult marha 6x400gPremiere Meati kutya konzerv adult marha 6x400g", "brand": "PremiereMeati201g – 400gFelnőttmarha&borjúkonzervgabonamentesközepes testű 11-25kg", "regular_price": "5 094", "selling_price": "4 794", "price_per_unit": "799 Ft", "product_url": "https://webshop.fressnapf.hu/termekek/6xpremiere-meati-kutyakonzerv-marha-400g/", "product_description": "PREMIERE Meati – a valódi hús ízélménye! Kiegyensúlyozott, ízletes húst tartalmazó nedves eledel felnőtt kutyák számára. A kiváló minőségű összetevők és a kíméletes feldolgozás garantálják a kiváló emészthetőséget. 71% hús és állati eredetű összetevők: A PREMIERE Meati terméket a magas hústartalma és a lédús, természetes húsdarabok teszik igazán különlegessé és ízletessé. Védekezőképesség: A lenmagolajban található többszörösen telítetlen omega-3 zsírsavak támogatják a szervezet saját védekezőképességét és hozzájárulnak a sejtek védelméhez. Optimális emésztés: A répa rostjaiban található élelmi rostok elősegítik az optimális emésztést. 71% hús és állati eredetű összetevők Gabonamentes Telítetlen omega-3 zsírsavakkal Analitikai összetevők 10,8% fehérje, 7,1% zsírtartalom, 2,2% nyershamu, 0,6% nyersrost, 0,22% kalcium, 0,15% foszfor, 0,15% omega-3-zsírsavak. Összetétel 71% hús és állati eredetű melléktermékek (ebből 12% marhahús, 6% marhaszív, 6% marhamáj, 6% marhagyomor), ásványi anyagok, olajok és zsírok (0,2% lenmagolaj), növényi eredetű melléktermékek (0,2% réparost). 15% izomhús-tartalom. Adalékanyag/kg Táplálkozásfiziológiai adalékanyagok: 200 NE D3-vitamin, 0,75 mg jód (kalcium-jodát, vízmentes), 1,4 mg mangán (mangán(II)-szulfát, monohidrát), 25 mg cink (cink-szulfát, monohidrát), 300 mcg biotin. Nyomokban tartalmazhat egyéb összetevőket. Táplálási javaslat A kutya súlya Adagolás 5 kg 270 g/nap 7 kg 350 g/nap 10 kg 450 g/nap 15 kg 610 g/nap 20 kg 760 g/nap A megadott adatok irányadó értékek. Az egyéni tápanyagigény a fajtától, az életkortól és az aktivitástól függ. Felbontás után hűvös helyen tárolja. Szobahőmérsékleten tálalja. Tovább olvasok"}
{"breadcrumb": "Főoldal/Kutya/Eledelek/Nedves eledelek/Premiere Meati kutya konzerv adult marha 6x800g", "product_name": "Premiere Meati kutya konzerv adult marha 6x800gPremiere Meati kutya konzerv adult marha 6x800g", "brand": "PremiereMeati601g – 800gFelnőttmarha&borjúkonzervgabonamentesnagytestű 26kg-tól", "regular_price": "8 994", "selling_price": "8 394", "price_per_unit": "1 399 Ft", "product_url": "https://webshop.fressnapf.hu/termekek/6xpremiere-meati-kutyakonzerv-marha-800g/", "product_description": "PREMIERE Meati – a valódi hús ízélménye! Kiegyensúlyozott, ízletes húst tartalmazó nedves eledel felnőtt kutyák számára. A kiváló minőségű összetevők és a kíméletes feldolgozás garantálják a kiváló emészthetőséget. 71% hús és állati eredetű összetevők: A PREMIERE Meati terméket a magas hústartalma és a lédús, természetes húsdarabok teszik igazán különlegessé és ízletessé. Védekezőképesség: A lenmagolajban található többszörösen telítetlen omega-3 zsírsavak támogatják a szervezet saját védekezőképességét és hozzájárulnak a sejtek védelméhez. optimális emésztés: A répa rostjaiban található élelmi rostok elősegítik az optimális emésztést. 71% hús és állati eredetű összetevők Gabonamentes Telítetlen omega-3 zsírsavakkal Analitikai összetevők 10,8% fehérje, 7,1% zsírtartalom, 2,2% nyershamu, 0,6% nyersrost, 0,22% kalcium, 0,15% foszfor, 0,15% omega-3 zsírsavak. Összetétel 71% hús és állati eredetű melléktermékek (ebből 12% marhahús, 6% marhaszív, 6% marhamáj, 6% marha bendő), ásványi anyagok, olajok és zsírok (0,2% lenmagolaj), növényi eredetű melléktermékek (0,2% réparost). 15% izomhús-tartalom. Adalékanyag/kg Táplálkozásfiziológiai adalékanyagok: 200 NE D3-vitamin, 0,75 mg jód (kalcium-jodát, vízmentes), 1,4 mg mangán (mangán(II)-szulfát, monohidrát), 25 mg cink (cink-szulfát, monohidrát), 300 mcg biotin. Nyomokban tartalmazhat egyéb összetevőket. Táplálási javaslat A kutya súlya Adagolás 10 kg 450 g/nap 15 kg 610 g/nap 20 kg 760 g/nap 25 kg 900 g/nap 30 kg 1030 g/nap 35 kg 1160 g/nap 40 kg 1280 g/nap 45 kg 1400 g/nap 50 kg 1510 g/nap 60 kg 1730 g/nap 70 kg 1940 g/nap 80 kg 2200 g/nap Felbontás után hűvös helyen tárolja. Szobahőmérsékletűre melegítve kínálja. A megadott adatok referenciaértékek. Az egyéni tápanyagigény a fajtától, az életkortól és az aktivitástól függ. Tovább olvasok"}
{"breadcrumb": "Főoldal/Kutya/Eledelek/Nedves eledelek/Premiere Meati kutya konzerv adult marha pacal&szív&máj 6x400g", "product_name": "Premiere Meati kutya konzerv adult marha pacal&szív&máj 6x400gPremiere Meati kutya konzerv adult marha pacal&szív&máj 6x400g", "brand": "PremiereMeati201g – 400gFelnőttmarha&borjúkonzervközepes testű 11-25kg", "regular_price": "5 094", "selling_price": "4 794", "price_per_unit": "799 Ft", "product_url": "https://webshop.fressnapf.hu/termekek/premiere-meati-kutya-konzerv-adult-marha-pacalszivmaj-400g/", "product_description": "PREMIERE Meati – a valódi hús ízélménye! Kiegyensúlyozott, ízletes húst tartalmazó nedves eledel felnőtt kutyák számára. A kiváló minőségű összetevők és a kíméletes feldolgozás garantálják a kiváló emészthetőséget. 71% hús és állati eredetű összetevők: A PREMIERE Meati terméket a magas hústartalma és a lédús, természetes húsdarabok teszik igazán különlegessé és ízletessé. Védekezőképesség: A lenmagolajban található többszörösen telítetlen omega-3 zsírsavak támogatják a szervezet saját védekezőképességét és hozzájárulnak a sejtek védelméhez. Optimális emésztés: A répa rostjaiban található élelmi rostok elősegítik az optimális emésztést. 71% hús és állati eredetű összetevők Gabonamentes Telítetlen omega-3 zsírsavakkal Analitikai összetevők 9% fehérje, 7,5% zsírtartalom, 2,5% nyershamu, 0,3% nyersrost, 77% nedvességtartalom, 0,3% kalcium, 0,3% foszfor, 0,1% omega-3 zsírsavak Összetétel 71% hús és állati eredetű melléktermékek (ebből 10% marhamáj, 10% marhaszív, 10% marha bendő), ásványi anyagok, olajok és zsírok (0,2% lenmagolaj), növényi eredetű melléktermékek (0,2% réparost). Izomhús aránya: 15%. Adalékanyag/kg Táplálkozásfiziológiai adalékanyagok: 200 NE D3-vitamin, 2 mg réz (aminosavak réz-kelátja, hidrát) 30 mg vas (vas(II)-szulfát-monohidrát), 0,75 mg jód (kálium-jodid), 3 mg mangán (mangán(II)-oxid), 15 mg cink (aminosavak cink-kelátja, hidrát). Táplálási javaslat A kutya súlya Gramm/  nap 5 kg 270 g 7 kg 350 g 10 kg 450 g 15 kg 610 g 20 kg 760 g Felbontás után hűvös helyen tárolja. Szobahőmérsékletűre melegítve kínálja. A megadott adatok referenciaértékek. Az egyéni tápanyagigény a fajtától, az életkortól és az aktivitástól függ. Tovább olvasok"}
{"breadcrumb": "Főoldal/Kutya/Eledelek/Nedves eledelek/Premiere Meati kutya konzerv adult pacal 6x400g", "product_name": "Premiere Meati kutya konzerv adult pacal 6x400gPremiere Meati kutya konzerv adult pacal 6x400g", "brand": "Premiere201g – 400gFelnőttmarha&borjúgabonamenteskonzervMeati", "regular_price": "5 094", "selling_price": "4 794", "price_per_unit": "799 Ft", "product_url": "https://webshop.fressnapf.hu/termekek/premiere-meati-kutya-konzerv-adult-pacal-6x400g/", "product_description": "Színtiszta Pacal. Teljes értékű eledel kifejlett kutyák számára. Gabonamentes receptúra. Szaftos pacaldarabokban gazdag. Összetétel: 71% marhapacal, ásványi anyagok, olajok és zsírok (0,2% lenolaj), növényi melléktermékek (0,2% réparost). Analitikai összetevők: fehérje 10,2%, zsírtartalom 8,2%, nyershamu 2%, nyersrost 0,6%, nedvesség 73%, kalcium 0,21%, foszfor 0,16%, omega-3 zsírsavak 0,15%. Adalékanyagok/kg: tápértékkel rendelkező adalékanyagok: D3-vitamin 200 NE, jód (kalcium-jodát, vízmentes) 0,75mg, mangán (mangán(II)-szulfát, monohidrát) 1,4mg, cink (cink-szulfát, monohidrát) 25mg, biotin 300mcg. Tovább olvasok"}
{"breadcrumb": "Főoldal/Kutya/Eledelek/Nedves eledelek/Premiere Meati kutya konzerv adult pacal 6x800g", "product_name": "Premiere Meati kutya konzerv adult pacal 6x800gPremiere Meati kutya konzerv adult pacal 6x800g", "brand": "PremiereMeati601g – 800gFelnőttmarha&borjúkonzervgabonamentesnagytestű 26kg-tól", "regular_price": "8 994", "selling_price": "8 394", "price_per_unit": "1 399 Ft", "product_url": "https://webshop.fressnapf.hu/termekek/6xpremiere-meati-kutyakonzerv-pacal-800g/", "product_description": "PREMIERE Meati – a valódi hús ízélménye! Kiegyensúlyozott, ízletes húst tartalmazó nedves eledel felnőtt kutyák számára. A kiváló minőségű összetevők és a kíméletes feldolgozás garantálják a kiváló emészthetőséget. 71% hús és állati eredetű összetevők: A PREMIERE Meati terméket a magas hústartalma és a lédús, természetes húsdarabok teszik igazán különlegessé és ízletessé. Védekezőképesség: A lenmagolajban található többszörösen telítetlen omega-3 zsírsavak támogatják a szervezet saját védekezőképességét és hozzájárulnak a sejtek védelméhez. optimális emésztés: A répa rostjaiban található élelmi rostok elősegítik az optimális emésztést. 71% hús és állati eredetű összetevők Gabonamentes Telítetlen omega-3 zsírsavakkal Analitikai összetevők 10,2% fehérje, 8,2% zsírtartalom, 2% nyershamu, 0,6% nyersrost, 0,21% kalcium, 0,16% foszfor, 0,15% omega-3-zsírsavak. Összetétel 71% marhagyomor, ásványi anyagok, olajok és zsírok (0,2% lenmagolaj), növényi eredetű melléktermékek (0,2% réparost). Adalékanyag/kg Táplálkozásfiziológiai adalékanyagok: 200 NE D3-vitamin, 0,75 mg jód (kalcium-jodát, vízmentes), 1,4 mg mangán (mangán(II)-szulfát, monohidrát), 25 mg cink (cink-szulfát, monohidrát), 300 mcg biotin. Nyomokban tartalmazhat egyéb összetevőket. Táplálási javaslat A kutya súlya Adagolás 10 kg 380 g/nap 15 kg 510 g/nap 20 kg 630 g/nap 25 kg 750 g/nap 30 kg 860 g/nap 35 kg 960 g/nap 40 kg 1060 g/nap 45 kg 1160 g/nap 50 kg 1260 g/nap 60 kg 1440 g/nap 70 kg 1620 g/nap 80 kg 1790 g/nap Felbontás után hűvös helyen tárolja. Szobahőmérsékletűre melegítve kínálja. A megadott adatok referenciaértékek. Az egyéni tápanyagigény a fajtától, az életkortól és az aktivitástól függ. Tovább olvasok"}
{"breadcrumb": "Főoldal/Kutya/Eledelek/Nedves eledelek/Premiere Meati kutya konzerv adult pacal&szív 6x800g", "product_name": "Premiere Meati kutya konzerv adult pacal&szív 6x800gPremiere Meati kutya konzerv adult pacal&szív 6x800g", "brand": "PremiereMeati601g – 800gFelnőttmarha&borjúkonzervgabonamentesnagytestű 26kg-tól", "regular_price": "8 994", "selling_price": "8 394", "price_per_unit": "1 399 Ft", "product_url": "https://webshop.fressnapf.hu/termekek/6xpremiere-meati-konzerv-adult-pacalsziv-800g/", "product_description": "PREMIERE. MEATI Adult. Marhapacallal, -szívvel és -májjal. Teljes értékű eledel kifejlett kutyák számára. Minőség: Különösen ízletes a 71% húsnak és állati eredetű összetevőknek köszönhetően. A lenolajból származó omega-3 zsírsavak fokozhatják a szervezet ellenálló képességét és hozzájárulhatnak a sejtek védelméhez. A répából származó élelmi rostok hozzájárulhatnak az optimális emésztéshez. Gabonaféléktől mentes receptúra. Szaftos pacaldarabokkal. Összetétel: 71% hús és állati melléktermékek (ebből 10% marhamáj, 10% marhaszív, 10% marhapacal), ásványi anyagok, olajok és zsírok (0,2% lenolaj), növényi melléktermékek (0,2% réparost). A színhús aránya 15%. Analitikai összetevők: fehérje 9%, zsírtartalom 7,5%, nyershamu 2,5%, nyersrost 0,3%, nedvesség 77%, kalcium 0,3%, foszfor 0,3%, omega-3 zsírsavak 0,1%. Adalékanyagok/kg: tápértékkel rendelkező adalékanyagok: D3-vitamin 200 NE, réz (aminosavak réz-kelátja, hidrát) 2mg, vas (vas(II)-szulfát, monohidrát) 30mg, jód (kálium-jodid) 0,75mg, mangán (mangán(II)-oxid) 3mg, cink (aminosavak cink-kelátjának hidrátja) 15mg. Tovább olvasok"}
{"breadcrumb": "Főoldal/Kutya/Eledelek/Nedves eledelek/Premiere Meati kutya konzerv adult rénszarvas 6x400g", "product_name": "Premiere Meati kutya konzerv adult rénszarvas 6x400gPremiere Meati kutya konzerv adult rénszarvas 6x400g", "brand": "PremiereMeati201g – 400gFelnőttvadkonzervgabonamentesközepes testű 11-25kg", "regular_price": "5 094", "selling_price": "4 794", "price_per_unit": "799 Ft", "product_url": "https://webshop.fressnapf.hu/termekek/6xpremiere-meati-konzerv-adult-renszarvas-400g/", "product_description": "PREMIERE Meati – a valódi hús ízélménye! Kiegyensúlyozott, ízletes húst tartalmazó nedves eledel felnőtt kutyák számára. A kiváló minőségű összetevők és a kíméletes feldolgozás garantálják a kiváló emészthetőséget. 71% hús és állati eredetű összetevők: A PREMIERE Meati terméket a magas hústartalma és a lédús, természetes húsdarabok teszik igazán különlegessé és ízletessé. Védekezőképesség: A lenmagolajban található többszörösen telítetlen omega-3 zsírsavak támogatják a szervezet saját védekezőképességét és hozzájárulnak a sejtek védelméhez. Optimális emésztés: A répa rostjaiban található élelmi rostok elősegítik az optimális emésztést. 71% hús és állati eredetű összetevők Gabonamentes Telítetlen omega-3 zsírsavakkal Analitikai összetevők 10,7% fehérje, 6,8% zsírtartalom, 2,5% nyershamu, 0,6% nyersrost, 0,24% kalcium, 0,18% foszfor, 0,15% omega-3-zsírsavak. Összetétel 71% hús és állati eredetű melléktermékek (ebből 20% rénszarvas), ásványi anyagok, olajok és zsírok (0,2% lenmagolaj), növényi eredetű melléktermékek (0,2% réparost). Izomhús aránya: 15%. Adalékanyag/kg Táplálkozásfiziológiai adalékanyagok: 200 NE D3-vitamin, 0,75 mg jód (kalcium-jodát, vízmentes), 1,4 mg mangán (mangán(II)-szulfát, monohidrát), 25 mg cink (cink-szulfát, monohidrát), 300 mcg biotin. Nyomokban tartalmazhat egyéb összetevőket. Táplálási javaslat A kutya súlya Adagolás 5 kg 270 g/nap 7 kg 350 g/nap 10 kg 450 g/nap 15 kg 610 g/nap 20 kg 760 g/nap A megadott adatok irányadó értékek. Az egyéni tápanyagigény a fajtától, az életkortól és az aktivitástól függ. Felbontás után hűvös helyen tárolja. Szobahőmérsékleten tálalja. Tovább olvasok"}
{"breadcrumb": "Főoldal/Kutya/Eledelek/Nedves eledelek/Premiere Meati kutya konzerv adult rénszarvas 6x800g", "product_name": "Premiere Meati kutya konzerv adult rénszarvas 6x800gPremiere Meati kutya konzerv adult rénszarvas 6x800g", "brand": "PremiereMeati601g – 800gFelnőttvadkonzervgabonamentesnagytestű 26kg-tól", "regular_price": "8 994", "selling_price": "8 394", "price_per_unit": "1 399 Ft", "product_url": "https://webshop.fressnapf.hu/termekek/6xpremiere-meati-konzerv-adult-renszarvas-800g/", "product_description": "Teljes értékű eledel kifejlett kutyák számára. Minőség: Különösen ízletes a 71% húsnak és állati eredetű összetevőknek köszönhetően. A lenolaj omega-3 zsírsavai fokozhatják a szervezet ellenálló képességét, és hozzájárulhatnak a sejtek védelméhez. A répából származó élelmi rostok segíthetik az emésztést. Gabonamentes receptúra. Szaftos húsdarabokban gazdag. Összetétel: 71% hús és állati melléktermékek (ebből 20% rénszarvas), ásványi anyagok, olajok és zsírok (0,2% lenolaj), növényi melléktermékek (0,2% réparost). A színhús aránya 15%. Analitikai összetevők: fehérje 10,7%, zsírtartalom 6,8%, nyershamu 2,5%, nyersrost 0,6%, nedvesség 77%, kalcium 0,24%, foszfor 0,18%, omega-3 zsírsavak 0,15%. Adalékanyagok/kg: tápértékkel rendelkező adalékanyagok: D3-vitamin 200 NE, jód (kalcium-jodát, vízmentes) 0,75mg, mangán (mangán(II)-szulfát, monohidrát) 1,4mg, cink (cink-szulfát, monohidrát) 25mg, biotin 300mcg. Nyomokban egyéb összetevőket is tartalmazhat. Tovább olvasok"}
{"breadcrumb": "Főoldal/Kutya/Eledelek/Nedves eledelek/Premiere Meati kutya konzerv adult sonka 6x400g", "product_name": "Premiere Meati kutya konzerv adult sonka 6x400gPremiere Meati kutya konzerv adult sonka 6x400g", "brand": "PremiereMeati201g – 400gFelnőttmalackonzervközepes testű 11-25kg", "regular_price": "5 094", "selling_price": "4 794", "price_per_unit": "799 Ft", "product_url": "https://webshop.fressnapf.hu/termekek/premiere-meati-kutya-konzerv-adult-sonka-400g/", "product_description": "PREMIERE Meati – a valódi hús ízélménye! Kiegyensúlyozott, ízletes húst tartalmazó nedves eledel felnőtt kutyák számára. A kiváló minőségű összetevők és a kíméletes feldolgozás garantálják a kiváló emészthetőséget. 71% hús és állati eredetű összetevők: A PREMIERE Meati terméket a magas hústartalma és a lédús, természetes húsdarabok teszik igazán különlegessé és ízletessé. Védekezőképesség: A lenmagolajban található többszörösen telítetlen omega-3 zsírsavak támogatják a szervezet saját védekezőképességét és hozzájárulnak a sejtek védelméhez. Optimális emésztés: A répa rostjaiban található élelmi rostok elősegítik az optimális emésztést. 71% hús és állati eredetű összetevők Gabonamentes Telítetlen omega-3 zsírsavakkal Analitikai összetevők 11% fehérje, 6% zsírtartalom, 2,5% nyershamu, 0,5% nyersrost, 77% nedvességtartalom, 0,25% kalcium, 0,2% foszfor, 0,1% omega-3 zsírsavak Összetétel 71% hús és állati eredetű melléktermékek (ebből 15% csirkehús, 15% sertéssonka), ásványi anyagok, olajok és zsírok (0,2% lenmagolaj), növényi eredetű melléktermékek (0,2% réparost). 15% izomhús-tartalom. Adalékanyag/kg Táplálkozásfiziológiai adalékanyagok: 200 NE D3-vitamin, 30 mg vas (vas(II)-szulfát-monohidrát), 2 mg réz (réz(II)-szulfát-pentahidrát), 3 mg mangán (mangán(II)-oxid), 0,75 mg jód (kálium-jodid), 15 mg cink (cink-oxid). Nyomokban egyéb összetevőket tartalmazhat Táplálási javaslat A kutya súlya Adagolás 5 kg 270 g/nap 7 kg 350 g/nap 10 kg 450 g/nap 15 kg 610 g/nap 20 kg 760 g/nap A megadott adatok irányadó értékek. Az egyéni tápanyagigény a fajtától, az életkortól és az aktivitástól függ. Felbontás után hűvös helyen tárolja. Szobahőmérsékleten tálalja. Tovább olvasok"}
{"breadcrumb": "Főoldal/Kutya/Eledelek/Nedves eledelek/Premiere Meati kutya konzerv adult sonka 6x800g", "product_name": "Premiere Meati kutya konzerv adult sonka 6x800gPremiere Meati kutya konzerv adult sonka 6x800g", "brand": "PremiereMeati601g – 800gFelnőttmalackonzervközepes testű 11-25kg", "regular_price": "8 994", "selling_price": "8 394", "price_per_unit": "1 399 Ft", "product_url": "https://webshop.fressnapf.hu/termekek/premiere-meati-kutya-konzerv-adult-sonka-6x800g/", "product_description": "Teljes értékű eledel kifejlett kutyáknak. Minőség: Különösen ízletes a 71% húsnak és állati eredetű összetevőknek köszönhetően. Az omega-3 zsírsavak kedvezően hatnak az agy működésére és a látásra. A répából származó élelmi rostok segíthetik az emésztést. Gabonamentes receptúra. Szaftos sonkadarabokkal. Összetétel: 71% hús és állati származékok (ebből 15% csirkehús, 15% sertéssonka), ásványi anyagok, olajok és zsírok (0,2% lenolaj), növényi eredetű származékok (0,2% réparost). A színhús aránya 15%. Analitikai összetevők: fehérje 11%, zsírtartalom 6%, nyershamu 2,5%, nyersrost 0,5%, nedvesség 77%, kalcium 0,25%, foszfor 0,2%, omega-3 zsírsavak 0,1%. Adalékanyagok/ kg: tápértékkel rendelkező adalékanyagok: D3-vitamin 200 NE, vas (vas(II)-szulfát-monohidrát) 30mg, réz (réz(II)- szulfát-pentahidrát) 2mg, mangán (mangán(II)-oxid) 3mg, jód (kálium-jodid) 0,75mg, cink (cink-oxid) 15mg. Nyomokban egyéb összetevőket is tartalmazhat. Tovább olvasok"}
{"breadcrumb": "Főoldal/Kutya/Eledelek/Nedves eledelek/Premiere Meati kutya konzerv adult vadas kompozíció 6x400g", "product_name": "Premiere Meati kutya konzerv adult vadas kompozíció 6x400gPremiere Meati kutya konzerv adult vadas kompozíció 6x400g", "brand": "PremiereMeati201g – 400gFelnőttvadkonzervközepes testű 11-25kg", "regular_price": "5 094", "selling_price": "4 794", "price_per_unit": "799 Ft", "product_url": "https://webshop.fressnapf.hu/termekek/premiere-meati-kutya-konzerv-adult-vadas-kompozicio-6x400g/", "product_description": "Premiere vadas kompozíció. Teljes értékű takarmány kifejlett kutyák számára. Különösen ízletes a 71% húsnak és az állati eredetű összetevőknek köszönhetően. A lenolaj Omega-3 zsírsavai fokozhatják a szervezet ellenálló képességét, és hozzájárulhatnak a sejtek védelméhez. A répából származó élelmi rostok segíthetik az emésztést. Gabonamentes receptúra. Szaftos húsdarabokban gazdag. Összetétel: 71% hús és állati melléktermék (ebből 10% vadszív, 10% vadmáj, 10% vadtüdő), ásványi anyagok, olajok és zsírok (0,2% lenmagolaj), növényi melléktermékek (0,2% réparost). A színhús aránya 15%. Analitikai összetevők: fehérje 10,6%, zsírtartalom 6,7%, nyershamu 2,3%, nyersrost 0,6%, nedvességtartalom 78%, kalcium 0,3%, foszfor 0,25%, omega-3 zsírsavak 0,28%, nedvességtartalom 78%. Adalékanyagok / kg: Tápértékkel rendelkező adalékanyagok: D3-vitamin 200 NE, jód (kalcium-jodát, vízmentes) 0,75 mg, mangán (mangán (II) -szulfát, monohidrát) 1,4 mg, cink (cink-szulfát, monohidrát) 25 mg, biotin 300 mcg. Egyéb összetevőket is tartalmazhat. Tovább olvasok"}
{"breadcrumb": "Főoldal/Kutya/Eledelek/Nedves eledelek/Premiere Meati kutya konzerv adult vadas kompozíció 6x800g", "product_name": "Premiere Meati kutya konzerv adult vadas kompozíció 6x800gPremiere Meati kutya konzerv adult vadas kompozíció 6x800g", "brand": "PremiereMeati601g – 800gFelnőttvadkonzervgabonamentesnagytestű 26kg-tól", "regular_price": "8 994", "selling_price": "8 394", "price_per_unit": "1 399 Ft", "product_url": "https://webshop.fressnapf.hu/termekek/premiere-meati-kutya-konzerv-adult-vadas-kompozicio-6x800g/", "product_description": "Premiere vadas kompozíció. Teljes értékű takarmány kifejlett kutyák számára. Különösen ízletes a 71% húsnak és az állati eredetű összetevőknek köszönhetően. A lenolaj Omega-3 zsírsavai fokozhatják a szervezet ellenálló képességét, és hozzájárulhatnak a sejtek védelméhez. A répából származó élelmi rostok segíthetik az emésztést. Gabonamentes receptúra. Szaftos húsdarabokban gazdag. Összetétel: 71% hús és állati melléktermék (ebből 10% vadszív, 10% vadmáj, 10% vadtüdő), ásványi anyagok, olajok és zsírok (0,2% lenmagolaj), növényi melléktermékek (0,2% réparost). A színhús aránya 15%. Analitikai összetevők: fehérje 10,6%, zsírtartalom 6,7%, nyershamu 2,3%, nyersrost 0,6%, nedvességtartalom 78%, kalcium 0,3%, foszfor 0,25%, omega-3 zsírsavak 0,28%, nedvességtartalom 78%. Adalékanyagok / kg: Tápértékkel rendelkező adalékanyagok: D3-vitamin 200 NE, jód (kalcium-jodát, vízmentes) 0,75 mg, mangán (mangán (II) -szulfát, monohidrát) 1,4 mg, cink (cink-szulfát, monohidrát) 25 mg, biotin 300 mcg. Egyéb összetevőket is tartalmazhat. Tovább olvasok"}
{"breadcrumb": "Főoldal/Kutya/Eledelek/Nedves eledelek/Premiere Meati kutya konzerv adult vaddisznó 6x400g", "product_name": "Premiere Meati kutya konzerv adult vaddisznó 6x400gPremiere Meati kutya konzerv adult vaddisznó 6x400g", "brand": "PremiereMeati201g – 400gFelnőttvadkonzervgabonamentesközepes testű 11-25kg", "regular_price": "5 094", "selling_price": "4 794", "price_per_unit": "849 Ft", "product_url": "https://webshop.fressnapf.hu/termekek/6xpremiere-meati-konzerv-adult-vaddiszno-400g/", "product_description": "PREMIERE Meati – a valódi hús ízélménye! Kiegyensúlyozott, ízletes húst tartalmazó nedves eledel felnőtt kutyák számára. A kiváló minőségű összetevők és a kíméletes feldolgozás garantálják a kiváló emészthetőséget. 71% hús és állati eredetű összetevők: A PREMIERE Meati terméket a magas hústartalma és a lédús, természetes húsdarabok teszik igazán különlegessé és ízletessé. Védekezőképesség: A lenmagolajban található többszörösen telítetlen omega-3 zsírsavak támogatják a szervezet saját védekezőképességét és hozzájárulnak a sejtek védelméhez. Optimális emésztés: A répa rostjaiban található élelmi rostok elősegítik az optimális emésztést. 71% hús és állati eredetű összetevők Gabonamentes Telítetlen omega-3 zsírsavakkal Analitikai összetevők 10,8% fehérje, 6,9% zsírtartalom, 2,5% nyershamu, 0,6% nyersrost, 0,24% kalcium, 0,17% foszfor, 0,15% omega-3-zsírsavak. Összetétel 71% hús és állati eredetű melléktermékek (ebből 10% vaddisznószív, 5% vaddisznómáj, 5% vaddisznótüdő), Ásványi anyagok, olajok és zsírok (0,2% lenmagolaj), növényi eredetű melléktermékek (0,2% réparost). 15% izomhús-tartalom. Adalékanyag/kg Táplálkozásfiziológiai adalékanyagok: 200 NE D3-vitamin, 0,75 mg jód (kalcium-jodát, vízmentes), 1,4 mg mangán (mangán(II)-szulfát, monohidrát), 25 mg cink (cink-szulfát, monohidrát), 300 mcg biotin Nyomokban tartalmazhat egyéb összetevőket. Táplálási javaslat A kutya súlya Adagolás 5 kg 270 g/nap 7 kg 350 g/nap 10 kg 450 g/nap 15 kg 610 g/nap 20 kg 760 g/nap A megadott adatok irányadó értékek. Az egyéni tápanyagigény a fajtától, az életkortól és az aktivitástól függ. Felbontás után hűvös helyen tárolja. Szobahőmérsékleten tálalja. Tovább olvasok"}
{"breadcrumb": "Főoldal/Kutya/Eledelek/Nedves eledelek/Premiere Meati kutya konzerv adult vaddisznó 6x800g", "product_name": "Premiere Meati kutya konzerv adult vaddisznó 6x800gPremiere Meati kutya konzerv adult vaddisznó 6x800g", "brand": "PremiereMeati601g – 800gFelnőttvadkonzervgabonamentesnagytestű 26kg-tól", "regular_price": "8 994", "selling_price": "8 394", "price_per_unit": "1 399 Ft", "product_url": "https://webshop.fressnapf.hu/termekek/6xpremiere-meati-konzerv-adult-vaddiszno-800g/", "product_description": "Teljes értékű eledel kifejlett kutyák számára. Minőség: Különösen ízletes a 71% húsnak és állati eredetű összetevőknek köszönhetően. A lenolaj omega-3 zsírsavai fokozhatják a szervezet ellenálló képességét, és hozzájárulhatnak a sejtek védelméhez. A répából származó élelmi rostok segíthetik az emésztést. Gabonamentes receptúra. Szaftos húsdarabokban gazdag. Összetétel: 71% hús és állati melléktermékek (ebből 10% vaddisznószív, 5% vaddisznómáj, 5% vaddisznótüdő), ásványi anyagok, olajok és zsírok (0,2% lenolaj), növényi melléktermékek (0,2% réparost). A színhús aránya 15%. Analitikai összetevők: fehérje 10,8%, zsírtartalom 6,9%, nyershamu 2,5%, nyersrost 0,6%, nedvesség 78%, kalcium 0,24%, foszfor 0,17%, omega-3 zsírsavak 0,15%. Adalékanyagok/kg: tápértékkel rendelkező adalékanyagok: D3-vitamin 200 NE, jód (kalcium-jodát, vízmentes) 0,75mg, mangán (mangán(II)-szulfát, monohidrát) 1,4mg, cink (cink-szulfát, monohidrát) 25mg, biotin 300mcg. Nyomokban egyéb összetevőket is tartalmazhat. Tovább olvasok"}
{"breadcrumb": "Főoldal/Kutya/Eledelek/Nedves eledelek/Premiere Meati kutya konzerv junior csirke 6x800g", "product_name": "Premiere Meati kutya konzerv junior csirke 6x800gPremiere Meati kutya konzerv junior csirke 6x800g", "brand": "PremiereMeati601g – 800gKölyökszárnyaskonzervgabonamentesnagytestű 26kg-tól", "regular_price": "8 994", "selling_price": "8 394", "price_per_unit": "1 399 Ft", "product_url": "https://webshop.fressnapf.hu/termekek/6xpremiere-meati-konzerv-junior-csirke-800g/", "product_description": "PREMIERE. MEATI Junior. Csirkével. Teljes értékű eledel növekedésben lévő kutyáknak, 12 hónapos életkorig. Minőség: Különösen ízletes a 71% húsnak és állati eredetű összetevőknek köszönhetően. A lenolaj és a szabályozott kalcium-foszfor arány elősegíthetik az egyenletes növekedést és az erőteljes csontozat kifejlődését. Lenolajból származó EPA és DHA zsírsavakban gazdag az agy megfelelő fejlődéséért. Gabonaféléktől mentes receptúra. Szaftos húsdarabokban gazdag. Összetétel: 71% hús és állati melléktermékek (ebből 12% csirkehús, 10% csirkemáj, 8% csirkeszív), ásványi anyagok, olajok és zsírok (0,2% lenolaj), növényi melléktermékek (0,2% réparost). A színhús aránya 15%. Analitikai összetevők: fehérje 10%, zsírtartalom 6,5%, nyershamu 2,8%, nyersrost 0,3%, nedvesség 77%, kalcium 0,3%, foszfor 0,2%, omega-3 zsírsavak 0,1%. Adalékanyagok/kg: tápértékkel rendelkező adalékanyagok: D3-vitamin 250 NE, réz (aminosavak réz-kelátja, hidrát ) 2mg, vas (vas(II)-szulfát, monohidrát) 30mg, jód (kálium-jodid) 0,8mg, mangán (mangán(II)-oxid) 3mg, cink (aminosavak cink-kelátjának hidrátja) 18mg. Tovább olvasok"}
{"breadcrumb": "Főoldal/Kutya/Eledelek/Nedves eledelek/Premiere Meati kutya konzerv puppy csirke 6x400g", "product_name": "Premiere Meati kutya konzerv puppy csirke 6x400gPremiere Meati kutya konzerv puppy csirke 6x400g", "brand": "PremiereMeati201g – 400gKölyökszárnyaskonzervközepes testű 11-25kg", "regular_price": "5 094", "selling_price": "4 794", "price_per_unit": "799 Ft", "product_url": "https://webshop.fressnapf.hu/termekek/premiere-meati-kutya-konzerv-puppy-csirke-400g/", "product_description": "A Premiere Meati Szárnyas Junior termék szaftos húsdarabokban gazdag. Ízletes húst tartalmazó kiegyensúlyozott nedves eledel serdülő kutyák számára. A kiváló minőségű összetevők és a kíméletes feldolgozás garantálják a kiváló emészthetőséget.  Különösen ízletes a 71% hús és állati eredetű összetevők miatt. Védekezőképesség: A lenmagolajban található többszörösen telítetlen omega-3 zsírsavak támogatják a szervezet saját védekezőképességét és hozzájárulnak a sejtek védelméhez. Optimális emésztés: A répa rostjaiban található élelmi rostok elősegítik az optimális emésztést. Az előnyök áttekintése: Gabonamentes telítetlen omega-3 zsírsavakkal 71% hús és állati eredetű melléktermékek szaftos húsdarabokban gazdag 71% hús és állati összetevők Gabonamentes Az optimális agyi fejlődés támogatása érdekében gazdag a lenmagolajból származó EPA-ben és DHA-ban. Analitikai összetevők 10% fehérje 10%, 6,5% zsírtartalom, 2,8% nyershamu, 0,3% nyersrost, 0,3% kalcium, 0,2% foszfor, 0,1% omega-3 zsírsavak, Összetétel 71% hús és állati eredetű melléktermékek (ebből 12% csirkehús, 10% csirkemáj, 8% csirkeszív), ásványi anyagok, olajok és zsírok (0,2% lenmagolaj), növényi eredetű melléktermékek (0,2% réparost). 15% izomhús-tartalom. Adalékanyag/kg Táplálkozásfiziológiai adalékanyagok: 250 NE D3-vitamin, 2 mg réz (aminosavak réz-kelátja, hidrát) 30 mg vas (vas(II)-szulfát-monohidrát), 0,8 mg jód (kálium-jodid), 3 mg mangán (mangán(II)-oxid), 18 mg cink (aminosavak cink-kelátja, hidrát) Táplálási javaslat Végleges súly A kutya életkora  hónapokban 2 3-5 6-8 9-10 11-12 2 kg 180 g 200-215 g 215 g 210 g Adult 5 kg 365 g 400-430 g 430 g 415 g Adult 7 kg 440 g 500-550 g 555 g 530 g Adult 10 kg 550 g 640-720 g 725 g 695 g Adult 15 kg 715 g 855-970 g 990 g 975 g 940 g A megadott adatok irányadó értékek. Az egyéni tápanyagigény a fajtától, az életkortól és az aktivitástól függ. Hűvös és száraz helyen tárolja. Felbontás után hűtőszekrényben tárolja. Szobahőmérsékleten tálalja. Nyomokban tartalmazhat egyéb összetevőket. Tovább olvasok"}
{"breadcrumb": "Főoldal/Kutya/Eledelek/Nedves eledelek/Premiere Meati kutya tasak adult csirke 5x500g", "product_name": "Premiere Meati kutya tasak adult csirke 5x500gPremiere Meati kutya tasak adult csirke 5x500g", "brand": "PremiereMeati401g – 600gFelnőttszárnyastasakgabonamenteskistestű 10kg-ig", "regular_price": "5 094", "selling_price": "4 794", "price_per_unit": "899 Ft", "product_url": "https://webshop.fressnapf.hu/termekek/5xpremiere-meati-tasak-adult-csirke-500g/", "product_description": "Praktikus frissentartó tasakban: kevesebb csomagolási hulladék, helytakarékos és könnyen kezelhető. PREMIERE Meati – a valódi hús ízélménye! Kiegyensúlyozott, ízletes húst tartalmazó nedves eledel felnőtt kutyák számára. A kiváló minőségű összetevők és a kíméletes feldolgozás garantálják a kiváló emészthetőséget. 71% hús és állati összetevők: a PREMIERE Meati eledelt a magas hústartalma és a lédús, természetes húsdarabok teszik igazán különlegessé és ízletessé. Védekezőképesség: A lenmagolajban található többszörösen telítetlen omega-3 zsírsavak támogatják a szervezet saját védekezőképességét és hozzájárulnak a sejtek védelméhez. Az előnyök áttekintése: Praktikus frissentartó tasakban: kevesebb csomagolási hulladék, helytakarékos és könnyen kezelhető. 71% hús és állati eredetű összetevők Gabonamentes receptúra Az omega-3 zsírsavak támogatják a szervezet védekezőképességét és hozzájárulnak a sejtek védelméhez. Könnyen kezelhető adagolótasak a frissesség megőrzéséhez és a praktikus adagoláshoz, vagy útközbeni használatra Gabonamentes receptúra 71% hús és állati összetevők Analitikai összetevők 11% fehérje, 8% zsírtartalom, 2,5% nyershamu, 0,6% nyersrost, 0,25% kalcium, 0,18% foszfor, 0,1% omega-3-zsírsavak. Összetétel 71% hús és állati eredetű melléktermékek (ebből 12% csirkehús, 10% csirkemáj, 8% csirkeszív), ásványi anyagok, olajok és zsírok (0,2% lenmagolaj), növényi eredetű melléktermékek (0,2% réparost). 15% izomhús-tartalom. Adalékanyag/kg Táplálkozásfiziológiai adalékanyagok: 200 NE A-vitamin, 20 NE D3-vitamin, 10 mg B1-vitamin, 6 mg B2-vitamin, 2 mg B6-vitamin, 75 mcg B12-vitamin, 15 mg niacinamid, 9 mg kalcium-D-pantotenát, 0,35 mg folsav, 300 mcg biotin, 1200 mg kolinklorid, 0,75 mg jód (kalcium-jodát, vízmentes), 1,4 mg mangán (mangán(II)-szulfát, monohidrát), 25 mg cink (cink-szulfát, monohidrát). Táplálási javaslat A kutya súlya Napi adagolás 5 kg 230 g 7 kg 300 g 10 kg 400 g 15 kg 550 g 20 kg 700 g 25 kg 800 g A megadott adatok irányadó értékek. Az egyéni tápanyagigény a fajtától, az életkortól és az aktivitástól függ. Hűvös és száraz helyen tárolja. Felbontás után hűtőszekrényben tárolja. Szobahőmérsékleten tálalja. Nyomokban tartalmazhat egyéb összetevőket. Tovább olvasok"}
{"breadcrumb": "Főoldal/Kutya/Eledelek/Nedves eledelek/Premiere Meati kutya tasak adult csirkeszív 5x500g", "product_name": "Premiere Meati kutya tasak adult csirkeszív 5x500gPremiere Meati kutya tasak adult csirkeszív 5x500g", "brand": "PremiereMeati401g – 600gFelnőttszárnyastasakgabonamenteskistestű 10kg-ig", "regular_price": "5 094", "selling_price": "4 794", "price_per_unit": "899 Ft", "product_url": "https://webshop.fressnapf.hu/termekek/5xpremiere-meati-tasak-adult-csirkesziv-500g/", "product_description": "Praktikus frissentartó tasakban: kevesebb csomagolási hulladék, helytakarékos és könnyen kezelhető. PREMIERE Meati – a valódi hús ízélménye! Kiegyensúlyozott, ízletes húst tartalmazó nedves eledel felnőtt kutyák számára. A kiváló minőségű összetevők és a kíméletes feldolgozás garantálják a kiváló emészthetőséget. 71% hús és állati összetevők: a PREMIERE Meati eledelt a magas hústartalma és a lédús, természetes húsdarabok teszik igazán különlegessé és ízletessé. Védekezőképesség: A lenmagolajban található többszörösen telítetlen omega-3 zsírsavak támogatják a szervezet saját védekezőképességét és hozzájárulnak a sejtek védelméhez. Az előnyök áttekintése: Praktikus frissentartó tasakban: kevesebb csomagolási hulladék, helytakarékos és könnyen kezelhető. 71% hús és állati eredetű összetevők Gabonamentes receptúra Az omega-3 zsírsavak támogatják a szervezet védekezőképességét és hozzájárulnak a sejtek védelméhez. Könnyen kezelhető adagolótasak a frissesség megőrzéséhez és a praktikus adagoláshoz, vagy útközbeni használatra Gabonamentes receptúra 71% hús és állati összetevők Analitikai összetevők 11% fehérje, 8% zsírtartalom, 2,5% nyershamu , 0,6% nyersrost,0,23% kalcium, 0,18% foszfor, 0,1% omega-3-zsírsavak Összetétel 71% hús és állati eredetű melléktermékek (ebből 15% csirkeszív), ásványi anyagok, olajok és zsírok (0,2% lenmagolaj), növényi eredetű melléktermékek (0,2% réparost). Izomhús aránya: 15%. Adalékanyag/kg Táplálkozásfiziológiai adalékanyagok: 200 NE A-vitamin, 20 NE D3-vitamin, 10 mg B1-vitamin, 6 mg B2-vitamin, 2 mg B6 -vitamin, 75 mcg B12-vitamin, 15 mg niacinamid, 9 mg kalcium-D-pantotenát, 0,35 mg folsav, 300 mcg biotin, 1200 mg kolinklorid, 0,75 mg jód (kalcium-jodát, vízmentes), 1,4 mg mangán (mangán(II)-szulfát, monohidrát), 25 mg cink (cink-szulfát, monohidrát). Táplálási javaslat A kutya súlya Napi adagolás 5 kg 230 g 7 kg 300 g 10 kg 400 g 15 kg 550 g 20 kg 700 g 25 kg 800 g A megadott adatok irányadó értékek. Az egyéni tápanyagigény a fajtától, az életkortól és az aktivitástól függ. Hűvös és száraz helyen tárolja. Felbontás után hűtőszekrényben tárolja. Szobahőmérsékleten tálalja. Nyomokban tartalmazhat egyéb összetevőket. Tovább olvasok"}
{"breadcrumb": "Főoldal/Kutya/Eledelek/Nedves eledelek/Premiere Meati kutya tasak adult kacsaszív 5x500g", "product_name": "Premiere Meati kutya tasak adult kacsaszív 5x500gPremiere Meati kutya tasak adult kacsaszív 5x500g", "brand": "PremiereMeati401g – 600gFelnőttszárnyastasakgabonamenteskistestű 10kg-ig", "regular_price": "8 994", "selling_price": "8 394", "price_per_unit": "899 Ft", "product_url": "https://webshop.fressnapf.hu/termekek/5xpremiere-meati-tasak-adult-kacsasziv-500g/", "product_description": "Praktikus frissentartó tasakban: kevesebb csomagolási hulladék, helytakarékos és könnyen kezelhető. PREMIERE Meati – a valódi hús ízélménye! Kiegyensúlyozott, ízletes húst tartalmazó nedves eledel felnőtt kutyák számára. A kiváló minőségű összetevők és a kíméletes feldolgozás garantálják a kiváló emészthetőséget. 71% hús és állati összetevők: a PREMIERE Meati eledelt a magas hústartalma és a lédús, természetes húsdarabok teszik igazán különlegessé és ízletessé. Védekezőképesség: A lenmagolajban található többszörösen telítetlen omega-3 zsírsavak támogatják a szervezet saját védekezőképességét és hozzájárulnak a sejtek védelméhez. Az előnyök áttekintése: Praktikus frissentartó tasakban: kevesebb csomagolási hulladék, helytakarékos és könnyen kezelhető. 71% hús és állati eredetű összetevők Gabonamentes receptúra Az omega-3 zsírsavak támogatják a szervezet védekezőképességét és hozzájárulnak a sejtek védelméhez. Könnyen kezelhető adagolótasak a frissesség megőrzéséhez és a praktikus adagoláshoz, vagy útközbeni használatra Gabonamentes receptúra 71% hús és állati összetevők Analitikai összetevők 10,5% fehérje, 6,5% zsírtartalom, 2,3% nyershamu, 0,3% nyersrost, 0,3% kalcium, 0,25% foszfor, 0,1% omega-3-zsírsavak. Összetétel 71% hús és állati eredetű melléktermékek (ebből 15% kacsaszív), ásványi anyagok, olajok és zsírok (0,2% lenmagolaj), növényi eredetű melléktermékek (0,2% réparost). Izomhús aránya: 15%. Adalékanyag/kg Táplálkozásfiziológiai adalékanyagok: 200 NE A-vitamin, 20 NE D3-vitamin, 10 mg B1-vitamin, 2 mg B6-vitamin, 15 mg niacinamid, 9 mg kalcium-D-pantotenát, 0,5 mg folsav, 300 mcg biotin, 1200 mg kolinklorid, 0,75 mg jód (kalcium-jodát, vízmentes), 1,4 mg mangán (mangán(II)-szulfát, monohidrát), 25 mg cink (cink-szulfát, monohidrát). Táplálási javaslat A kutya súlya Napi adagolás 5 kg 270 g 7 kg 350 g 10 kg 450 g 15 kg 610 g 20 kg 760 g 25 kg 900 g A megadott adatok irányadó értékek. Az egyéni tápanyagigény a fajtától, az életkortól és az aktivitástól függ. Hűvös és száraz helyen tárolja. Felbontás után hűtőszekrényben tárolja. Szobahőmérsékleten tálalja. Nyomokban tartalmazhat egyéb összetevőket. Tovább olvasok"}
{"breadcrumb": "Főoldal/Kutya/Eledelek/Nedves eledelek/Premiere Meati kutya tasak adult marha 5x500g", "product_name": "Premiere Meati kutya tasak adult marha 5x500gPremiere Meati kutya tasak adult marha 5x500g", "brand": "PremiereMeati401g – 600gFelnőttmarha&borjútasakgabonamenteskistestű 10kg-ig", "regular_price": "8 994", "selling_price": "8 394", "price_per_unit": "899 Ft", "product_url": "https://webshop.fressnapf.hu/termekek/5xpremiere-meati-tasak-adult-marha-500g/", "product_description": "Praktikus frissentartó tasakban: kevesebb csomagolási hulladék, helytakarékos és könnyen kezelhető. PREMIERE Meati – a valódi hús ízélménye! Kiegyensúlyozott, ízletes húst tartalmazó nedves eledel felnőtt kutyák számára. A kiváló minőségű összetevők és a kíméletes feldolgozás garantálják a kiváló emészthetőséget. 71% hús és állati összetevők: a PREMIERE Meati eledelt a magas hústartalma és a lédús, természetes húsdarabok teszik igazán különlegessé és ízletessé. Védekezőképesség: A lenmagolajban található többszörösen telítetlen omega-3 zsírsavak támogatják a szervezet saját védekezőképességét és hozzájárulnak a sejtek védelméhez. Az előnyök áttekintése: Praktikus frissentartó tasakban: kevesebb csomagolási hulladék, helytakarékos és könnyen kezelhető. 71% hús és állati eredetű összetevők Gabonamentes receptúra Az omega-3 zsírsavak támogatják a szervezet védekezőképességét és hozzájárulnak a sejtek védelméhez. Könnyen kezelhető adagolótasak a frissesség megőrzéséhez és a praktikus adagoláshoz, vagy útközbeni használatra Gabonamentes receptúra 71% hús és állati összetevők Analitikai összetevők 11% fehérje, 8% zsírtartalom, 2,5% nyershamu , 0,6% nyersrost, 0,23% kalcium, 0,18% foszfor, 0,1% omega-3-zsírsavak Összetétel 71% hús és állati eredetű melléktermékek (ebből 12% marhahús, 6% marhaszív, 6% marhamáj, 6% marha bendő), ásványi anyagok, olajok és zsírok (0,2% lenmagolaj), növényi  eredetű melléktermékek (0,2% réparost). 15% izomhús-tartalom. Adalékanyag/kg Táplálkozásfiziológiai adalékanyagok: 200 NE A-vitamin, 20 NE D3-vitamin, 10 mg B1-vitamin, 6 mg B2-vitamin, 2 mg B6-vitamin, 75 mcg B12-vitamin, 15 mg niacinamid, 9 mg kalcium-D-pantotenát, 35 mg folsav, 300 mcg biotin, 1200 mg kolinklorid, 0,75 mg jód (kalcium-jodát, vízmentes), 1,4 mg mangán (mangán(II)-szulfát, monohidrát), 25 mg cink (cink-szulfát, monohidrát). Táplálási javaslat A kutya súlya Napi adagolás 5 kg 230 g 7 kg 300 g 10 kg 400 g 15 kg 550 g 20 kg 700 g 25 kg 800 g A megadott adatok irányadó értékek. Az egyéni tápanyagigény a fajtától, az életkortól és az aktivitástól függ. Hűvös és száraz helyen tárolja. Felbontás után hűtőszekrényben tárolja. Szobahőmérsékleten tálalja. Nyomokban tartalmazhat egyéb összetevőket. Tovább olvasok"}
{"breadcrumb": "Főoldal/Kutya/Eledelek/Nedves eledelek/Premiere Meati Sensitive kutya konzerv adult bárány 6x400g", "product_name": "Premiere Meati Sensitive kutya konzerv adult bárány 6x400gPremiere Meati Sensitive kutya konzerv adult bárány 6x400g", "brand": "PremiereMeati Sensitive201g – 400gFelnőttjuh&bárány&kecskekonzervérzékeny emésztésűközepes testű 11-25kg", "regular_price": "8 994", "selling_price": "8 394", "price_per_unit": "999 Ft", "product_url": "https://webshop.fressnapf.hu/termekek/premiere-meati-sensitive-kutya-konzerv-adult-barany-400g/", "product_description": "PREMIERE Meati Sensitive – táplálkozási szempontból érzékeny és táplálékintoleranciában szenvedő kutyák számára Különösen kiegyensúlyozott nedves eledel a következő előnyökkel: Csak egy kiválasztott fehérje a receptúrában A növényi szénhidrátokat nem tartalmazó Pur-változatok különösen alkalmasak a rizsre, gabonafélékre vagy burgonyára érzékeny kutyák számára Táplálékra érzékeny kutyák számára is alkalmas Gyártás helye: Németország A gabona- és gluténmentes receptúra segít megvédeni a gyomor-bél traktust és biztosítja az optimális emésztést. Ideális választás a táplálékintoleranciában szenvedő kutyák számára. változatonként csak egy kiválasztott fehérje Gabona- és gluténmentes receptúra nem tartalmaz szóját és színezékeket Analitikai összetevők 11,1% fehérje, 7,3% zsírtartalom, 2,3% nyershamu, 0,3% nyersrost, 0,3% kalcium, 0,25% foszfor. Összetétel 65% bárány (szív, 15% izomhús, máj, tüdő, gyomor), 1% ásványi anyag, 0,5% lenmagolaj Adalékanyag/kg Táplálkozásfiziológiai adalékanyagok/kg: 200 NE D3-vitamin, 0,75 mg jód (kalcium-jodát, vízmentes), 1,4 mg mangán (mangán(II)-szulfát, monohidrát), 25 mg cink (cink-szulfát, monohidrát) Nyomokban egyéb összetevőket tartalmazhat Táplálási javaslat A kutya súlya Adagolás 5 kg 240 g/nap 7 kg 310 g/nap 10 kg 400 g/nap 15 kg 540 g/nap 20 kg 670 g/nap Felbontás után hűvös helyen tárolja. Szobahőmérsékleten tálalja. A megadott adatok irányadó értékek. Az egyéni tápanyagigény a fajtától, az életkortól és az aktivitástól függ. Tovább olvasok"}
{"breadcrumb": "Főoldal/Kutya/Eledelek/Nedves eledelek/Premiere Meati Sensitive kutya konzerv adult bárány 6x800g", "product_name": "Premiere Meati Sensitive kutya konzerv adult bárány 6x800gPremiere Meati Sensitive kutya konzerv adult bárány 6x800g", "brand": "PremiereMeati Sensitive601g – 800gFelnőttjuh&bárány&kecskekonzervérzékeny emésztésűnagytestű 26kg-tól", "regular_price": "11 394", "selling_price": "10 794", "price_per_unit": "1 799 Ft", "product_url": "https://webshop.fressnapf.hu/termekek/6xpremiere-meati-sensitive-barany-800g/", "product_description": "Teljes értékű takarmány a kifejlett, érzékeny emésztésű kutyák számára. 1 kiválasztott fehérje a receptúrában. Növényi eredetű szénhidrát nélkül. Gabonaféléktől és gluténtől mentes receptúra. Kiváltképpen alkalmas a gabonafélékre, rizsre vagy burgonyára reagáló kutyák számára. Hozzáadott szója és színezékek nélkül. 100% bárány az összes állati eredetű összetevőben. Összetétel: 55% bárány (szív, 16% színhús, máj, tüdő, pacal), 1% ásványi anyagok, 0,5% lenolaj. Analitikai összetevők: fehérje 11,1%, zsírtartalom 6,9%, nyershamu 2,3%, nyersrost 0,3%, nedvesség 77%, kalcium 0,30%, foszfor 0,25%. Adalékanyagok/kg: tápértékkel rendelkező adalékanyagok: D3-vitamin 200 NE, jód (kalcium-jodát, vízmentes) 0,75mg, mangán (mangán(II)-szulfát, monohidrát) 3mg, cink (cink-szulfát, monohidrát) 15mg. Kinyitás után hűtőszekrényben tárolandó. Az eledel etetéskor szobahőmérsékletű legyen. Nyomokban egyéb összetevőket is tartalmazhat. Az adatok tájékoztató értékek. A tényleges tápanyagszükséglet fajtától, életkortól és aktivitástól függ. Tovább olvasok"}
{"breadcrumb": "Főoldal/Kutya/Eledelek/Nedves eledelek/Premiere Meati Sensitive kutya konzerv adult bárány&burgonya 6x400g", "product_name": "Premiere Meati Sensitive kutya konzerv adult bárány&burgonya 6x400gPremiere Meati Sensitive kutya konzerv adult bárány&burgonya 6x400g", "brand": "PremiereMeati Sensitive201g – 400gFelnőttjuh&bárány&kecskekonzervérzékeny emésztésűközepes testű 11-25kg", "regular_price": "5 094", "selling_price": "4 794", "price_per_unit": "999 Ft", "product_url": "https://webshop.fressnapf.hu/termekek/premiere-meati-sensitive-kutya-konzerv-adult-baranyburgonya-400g/", "product_description": "PREMIERE Meati Sensitive – táplálkozási szempontból érzékeny és táplálékintoleranciában szenvedő kutyák számára Különösen kiegyensúlyozott nedves eledel a következő előnyökkel: Csak egy kiválasztott fehérje a receptúrában A növényi szénhidrátokat nem tartalmazó Pur-változatok különösen alkalmasak a rizsre, gabonafélékre vagy burgonyára érzékeny kutyák számára Táplálékra érzékeny kutyák számára is alkalmas Gyártás helye: Németország A gabona- és gluténmentes receptúra segít megvédeni a gyomor-bél traktust és biztosítja az optimális emésztést. Ideális választás a táplálékintoleranciában szenvedő kutyák számára. változatonként csak egy kiválasztott fehérje Gabona- és gluténmentes receptúra nem tartalmaz szóját és színezékeket Analitikai összetevők 9,5% fehérje, 7,1% zsírtartalom, 2,5% nyershamu, 0,5% nyersrost, 0,3% kalcium, 0,25% foszfor Összetétel 60% bárány (szív, 15% izomhús, máj, tüdő, gyomor), 7% burgonya, 1% ásványi anyag, 0,5% lenmagolaj Adalékanyag/kg Táplálkozásfiziológiai adalékanyagok/kg: 200 NE D3-vitamin, 0,75 mg jód (kalcium-jodát, vízmentes), 1,4 mg mangán (mangán(II)-szulfát, monohidrát), 25 mg cink (cink-szulfát, monohidrát) Nyomokban tartalmazhat egyéb összetevőket. Táplálási javaslat A kutya súlya Adagolás 5 kg 240 g/nap 7 kg 310 g/nap 10 kg 400 g/nap 15 kg 540 g/nap 20 kg 670 g/nap Felbontás után hűvös helyen tárolja. Szobahőmérsékleten tálalja. A megadott adatok irányadó értékek. Az egyéni tápanyagigény a fajtától, az életkortól és az aktivitástól függ. Tovább olvasok"}
{"breadcrumb": "Főoldal/Kutya/Eledelek/Nedves eledelek/Premiere Meati Sensitive kutya konzerv adult bárány&burgonya 6x800g", "product_name": "Premiere Meati Sensitive kutya konzerv adult bárány&burgonya 6x800gPremiere Meati Sensitive kutya konzerv adult bárány&burgonya 6x800g", "brand": "PremiereMeati Sensitive601g – 800gFelnőttjuh&bárány&kecskekonzervérzékeny emésztésűnagytestű 26kg-tól", "regular_price": "11 394", "selling_price": "10 794", "price_per_unit": "1 799 Ft", "product_url": "https://webshop.fressnapf.hu/termekek/6xpremiere-meati-sensitive-baranyburgonya-800g/", "product_description": "PREMIERE Meati Sensitive – táplálkozási szempontból érzékeny és táplálékintoleranciában szenvedő kutyák számára Különösen kiegyensúlyozott nedves eledel a következő előnyökkel: Csak egy kiválasztott fehérje a receptúrában A növényi szénhidrátokat nem tartalmazó Pur-változatok különösen alkalmasak a rizsre, gabonafélékre vagy burgonyára érzékeny kutyák számára Táplálékra érzékeny kutyák számára is alkalmas Gyártás helye: Németország A gabona- és gluténmentes receptúra segít megvédeni a gyomor-bél traktust és biztosítja az optimális emésztést. Ideális választás a táplálékintoleranciában szenvedő kutyák számára. változatonként csak egy kiválasztott fehérje Gabona- és gluténmentes receptúra nem tartalmaz szóját és színezékeket Analitikai összetevők 9,5% fehérje, 7,1% zsírtartalom, 2,5% nyershamu, 0,5% nyersrost, 76% nedvességtartalom, 0,30% kalcium, 0,25% foszfor Összetétel 60% bárány (szív, 15% izomhús, máj, tüdő, gyomor), 7% burgonya, 1% ásványi anyag, 0,5% lenmagolaj Adalékanyag/kg Táplálkozásfiziológiai adalékanyagok/kg: 200 NE D3-vitamin, 0,75 mg jód (kalcium-jodát, vízmentes), 1,4 mg mangán (mangán(II)-szulfát, monohidrát), 25 mg cink (cink-szulfát, monohidrát) Táplálási javaslat A kutya súlya Adagolás 10 kg 400 g/nap 15 kg 540 g/nap 20 kg 670 g/nap 25 kg 790 g/nap 30 kg 910 g/nap 35 kg 1020 g/nap 40 kg 1130 g/nap 45 kg 1240 g/nap 50 kg 1340 g/nap 60 kg 1530 g/nap 70 kg 1720 g/nap 80 kg 1900 g/nap Felbontás után hűvös helyen tárolja. Szobahőmérsékleten tálalja. A megadott adatok irányadó értékek. Az egyéni tápanyagigény a fajtától, az életkortól és az aktivitástól függ. Tovább olvasok"}
{"breadcrumb": "Főoldal/Kutya/Eledelek/Nedves eledelek/Premiere Meati Sensitive kutya konzerv adult csirke 6x400g", "product_name": "Premiere Meati Sensitive kutya konzerv adult csirke 6x400gPremiere Meati Sensitive kutya konzerv adult csirke 6x400g", "brand": "PremiereMeati Sensitive201g – 400gFelnőttszárnyaskonzervérzékeny emésztésűközepes testű 11-25kg", "regular_price": "8 994", "selling_price": "8 394", "price_per_unit": "999 Ft", "product_url": "https://webshop.fressnapf.hu/termekek/premiere-meati-sensitive-kutya-konzerv-adult-csirke-400g/", "product_description": "PREMIERE Meati Sensitive – táplálkozási szempontból érzékeny és táplálékintoleranciában szenvedő kutyák számára Különösen kiegyensúlyozott nedves eledel a következő előnyökkel: Csak egy kiválasztott fehérje a receptúrában A növényi szénhidrátokat nem tartalmazó Pur-változatok különösen alkalmasak a rizsre, gabonafélékre vagy burgonyára érzékeny kutyák számára Táplálékra érzékeny kutyák számára is alkalmas Gyártás helye: Németország A gabona- és gluténmentes receptúra segít megvédeni a gyomor-bél traktust és biztosítja az optimális emésztést. Ideális választás a táplálékintoleranciában szenvedő kutyák számára. változatonként csak egy kiválasztott fehérje Gabona- és gluténmentes receptúra nem tartalmaz szóját és színezékeket Analitikai összetevők 10,5% fehérje, 5,1% zsírtartalom, 2,3% nyershamu, 0,4% nyersrost, 80% nedvességtartalom, 0,30% kalcium, 0,25% foszfor. Összetétel 65% csirke (szív, 15% izomhús, máj, zúza, nyak, zsír), 1% ásványi anyag, 0,5% lenmagolaj Adalékanyag/kg Táplálkozásfiziológiai adalékanyagok/kg: 200 NE D3-vitamin, 1 mg réz (réz(II)-szulfát, pentahidrát), 0,75 mg jód (kalcium-jodát, vízmentes), 1,4 mg mangán (mangán(II)-szulfát, monohidrát), 25 mg cink (cink-szulfát, monohidrát) Táplálási javaslat A kutya súlya Adagolás 5 kg 280 g/nap 7 kg 360 g/nap 10 kg 470 g/nap 15 kg 640 g/nap 20 kg 790 g/nap Felbontás után hűvös helyen tárolja. Szobahőmérsékleten tálalja. A megadott adatok irányadó értékek. Az egyéni tápanyagigény a fajtától, az életkortól és az aktivitástól függ. Tovább olvasok"}
{"breadcrumb": "Főoldal/Kutya/Eledelek/Nedves eledelek/Premiere Meati Sensitive kutya konzerv adult csirke 6x800g", "product_name": "Premiere Meati Sensitive kutya konzerv adult csirke 6x800gPremiere Meati Sensitive kutya konzerv adult csirke 6x800g", "brand": "PremiereMeati Sensitive601g – 800gFelnőttszárnyaskonzervérzékeny emésztésűnagytestű 26kg-tól", "regular_price": "11 394", "selling_price": "10 794", "price_per_unit": "1 799 Ft", "product_url": "https://webshop.fressnapf.hu/termekek/6xpremiere-meati-sensitive-csirke-800g/", "product_description": "Teljes értékű takarmány a kifejlett, érzékeny emésztésű kutyák számára. 1 kiválasztott fehérje a receptúrában. Növényi eredetű szénhidrát nélkül. Gabonaféléktől és gluténtől mentes receptúra. Kiváltképpen alkalmas a gabonafélékre, rizsre vagy burgonyára reagáló kutyák számára. Hozzáadott szója és színezékek nélkül. 100% csirke az összes állati eredetű összetevőben. Összetétel: 55% csirke (szív, 12% színhús, máj, zúza, nyak), 1% ásványi anyagok, 0,5% lenolaj. Analitikai összetevők: fehérje 10,5%, zsírtartalom 5,9%, nyershamu 2,3%, nyersrost 0,4%, nedvesség 78%, kalcium 0,30%, foszfor 0,25%. Adalékanyagok/kg: tápértékkel rendelkező adalékanyagok: D3-vitamin 200 NE, jód (kalcium-jodát, vízmentes) 0,75mg, mangán (mangán(II)-szulfát, monohidrát) 3mg, cink (cink-szulfát, monohidrát) 15mg. Kinyitás után hűtőszekrényben tárolandó. Az eledel etetéskor szobahőmérsékletű legyen. Az adatok tájékoztató értékek. A tényleges tápanyagszükséglet fajtától, életkortól és aktivitástól függ. Tovább olvasok"}
{"breadcrumb": "Főoldal/Kutya/Eledelek/Nedves eledelek/Premiere Meati Sensitive kutya konzerv adult csirke&burgonya 6x400g", "product_name": "Premiere Meati Sensitive kutya konzerv adult csirke&burgonya 6x400gPremiere Meati Sensitive kutya konzerv adult csirke&burgonya 6x400g", "brand": "PremiereMeati Sensitive201g – 400gFelnőttszárnyaskonzervérzékeny emésztésűközepes testű 11-25kg", "regular_price": "8 994", "selling_price": "8 394", "price_per_unit": "999 Ft", "product_url": "https://webshop.fressnapf.hu/termekek/premiere-meati-sensitive-kutya-konzerv-adult-csirkeburgonya-400g/", "product_description": "PREMIERE Meati Sensitive – táplálkozási szempontból érzékeny és táplálékintoleranciában szenvedő kutyák számára Különösen kiegyensúlyozott nedves eledel a következő előnyökkel: Csak egy kiválasztott fehérje a receptúrában A növényi szénhidrátokat nem tartalmazó Pur-változatok különösen alkalmasak a rizsre, gabonafélékre vagy burgonyára érzékeny kutyák számára Táplálékra érzékeny kutyák számára is alkalmas Gyártás helye: Németország A gabona- és gluténmentes receptúra segít megvédeni a gyomor-bél traktust és biztosítja az optimális emésztést. Ideális választás a táplálékintoleranciában szenvedő kutyák számára. változatonként csak egy kiválasztott fehérje Gabona- és gluténmentes receptúra nem tartalmaz szóját és színezékeket Analitikai összetevők 10,2% fehérje, 5% zsírtartalom, 2,5% nyershamu, 0,5% nyersrost, 80% nedvességtartalom, 0,3% kalcium, 0,25% foszfor Összetétel 60% csirke (szív, 15% izomhús, máj, zúza, nyak, zsír), 7% burgonya, 1% ásványi anyag, 0,5% lenmagolaj. Adalékanyag/kg Táplálkozásfiziológiai adalékanyagok: 200 NE D3-vitamin, 1 mg réz (réz(II)-szulfát, pentahidrát), 0,75 mg jód (kalcium-jodát, vízmentes), 1,4 mg mangán (mangán(II)-szulfát, monohidrát), 25 mg cink (cink-szulfát, monohidrát). Nyomokban egyéb összetevőket tartalmazhat Táplálási javaslat A kutya súlya Adagolás 5 kg 230 g/nap 7 kg 300 g/nap 10 kg 400 g/nap 15 kg 550 g/nap 20 kg 700 g/nap Felbontás után hűtőszekrényben tárolja. Szobahőmérsékleten tálalja. A megadott adatok irányadó értékek. Az egyéni tápanyagigény a fajtától, az életkortól és az aktivitástól függ. Tovább olvasok"}
{"breadcrumb": "Főoldal/Kutya/Eledelek/Nedves eledelek/Premiere Meati Sensitive kutya konzerv adult csirke&burgonya 6x800g", "product_name": "Premiere Meati Sensitive kutya konzerv adult csirke&burgonya 6x800gPremiere Meati Sensitive kutya konzerv adult csirke&burgonya 6x800g", "brand": "PremiereMeati Sensitive601g – 800gFelnőttszárnyaskonzervérzékeny emésztésűközepes testű 11-25kg", "regular_price": "11 394", "selling_price": "10 794", "price_per_unit": "1 799 Ft", "product_url": "https://webshop.fressnapf.hu/termekek/premiere-meati-sensitive-kutya-konzerv-adult-csirkeburgonya-800g/", "product_description": "PREMIERE Meati Sensitive – táplálkozási szempontból érzékeny és táplálékintoleranciában szenvedő kutyák számára Különösen kiegyensúlyozott nedves eledel a következő előnyökkel: Csak egy kiválasztott fehérje a receptúrában A növényi szénhidrátokat nem tartalmazó Pur-változatok különösen alkalmasak a rizsre, gabonafélékre vagy burgonyára érzékeny kutyák számára Táplálékra érzékeny kutyák számára is alkalmas Gyártás helye: Németország A gabona- és gluténmentes receptúra segít megvédeni a gyomor-bél traktust és biztosítja az optimális emésztést. Ideális választás a táplálékintoleranciában szenvedő kutyák számára. változatonként csak egy kiválasztott fehérje Gabona- és gluténmentes receptúra nem tartalmaz szóját és színezékeket Analitikai összetevők 10,2% fehérje, 5% zsírtartalom, 2,5% nyershamu, 0,5% nyersrost, 80% nedvességtartalom, 0,3% kalcium, 0,25% foszfor Összetétel 60% csirke (szív, 15% izomhús, máj, zúza, nyak, zsír), 7% burgonya, 1% ásványi anyag, 0,5% lenmagolaj Adalékanyag/kg Táplálkozásfiziológiai adalékanyagok: 200 NE D3-vitamin, 1 mg réz (réz(II)-szulfát, pentahidrát), 0,75 mg jód (kalcium-jodát, vízmentes), 1,4 mg mangán (mangán(II)-szulfát, monohidrát), 25 mg cink (cink-szulfát, monohidrát). Nyomokban egyéb összetevőket tartalmazhat Táplálási javaslat A kutya súlya Adagolás 10 kg 470 g/nap 15 kg 640 g/nap 20 kg 790 g/nap 25 kg 940 g/nap 30 kg 1070 g/nap 35 kg 1210 g/nap 40 kg 1330 g/nap 45 kg 1460 g/nap 50 kg 1580 g/nap 60 kg 1810 g/nap 70 kg 2030 g/nap 80 kg 2240 g/nap Felbontás után hűvös helyen tárolja. Szobahőmérsékleten tálalja. A megadott adatok irányadó értékek. Az egyéni tápanyagigény a fajtától, az életkortól és az aktivitástól függ. Tovább olvasok"}
{"breadcrumb": "Főoldal/Kutya/Eledelek/Nedves eledelek/Premiere Meati Sensitive kutya konzerv adult kacsa 6x400g", "product_name": "Premiere Meati Sensitive kutya konzerv adult kacsa 6x400gPremiere Meati Sensitive kutya konzerv adult kacsa 6x400g", "brand": "PremiereMeati Sensitive201g – 400gFelnőttszárnyaskonzervérzékeny emésztésűközepes testű 11-25kg", "regular_price": "7 194", "selling_price": "6 594", "price_per_unit": "1 099 Ft", "product_url": "https://webshop.fressnapf.hu/termekek/premiere-meati-sensitive-kutya-konzerv-adult-kacsa-400g/", "product_description": "Teljes értékű eledel kifejlett, érzékeny emésztésű kutyáknak. 1 kiválasztott állati fehérje az összetevők között. Növényi szénhidrátok nélkül*. Gabona- és gluténmentes receptúra. Különösen alkalmas a gabonafélékre, rizsre vagy burgonyára érzékeny kutyáknak. Hozzáadott szója és színezékek nélkül. Összetétel: 65% kacsa (nyak, 15% színhús, szív, zúza), 1% ásványi anyag, 0,5% lenolaj. Analitikai összetevők: fehérje 9%, zsírtartalom 5,5%, nyershamu 2,3%, nyersrost 0,3%, nedvesség 78%, kalcium 0,34%, foszfor 0,26%. Adalékanyagok/ kg: tápértékkel rendelkező adalékanyagok: A-vitamin 2000 NE, D3-vitamin 200 NE, réz (réz(II)-szulfát-pentahidrát) 1,5mg, jód (kalcium-jodát, vízmentes) 0,75mg, cink (cink-oxid) 20mg. Nyomokban egyéb összetevőket is tartalmazhat. Tovább olvasok"}
{"breadcrumb": "Főoldal/Kutya/Eledelek/Nedves eledelek/Premiere Meati Sensitive kutya konzerv adult kacsa 6x800g", "product_name": "Premiere Meati Sensitive kutya konzerv adult kacsa 6x800gPremiere Meati Sensitive kutya konzerv adult kacsa 6x800g", "brand": "PremiereMeati Sensitive601g – 800gFelnőttszárnyaskonzervérzékeny emésztésűközepes testű 11-25kg", "regular_price": "11 394", "selling_price": "10 794", "price_per_unit": "1 799 Ft", "product_url": "https://webshop.fressnapf.hu/termekek/premiere-meati-sensitive-kutya-konzerv-adult-kacsa-6x800g/", "product_description": "Teljes értékű eledel kifejlett, érzékeny emésztésű kutyáknak. 1 kiválasztott állati fehérje az összetevők között. Növényi szénhidrátok nélkül*. Gabona- és gluténmentes receptúra. Különösen alkalmas a gabonafélékre, rizsre vagy burgonyára érzékeny kutyáknak. Hozzáadott szója és színezékek nélkül. Összetétel: 65% kacsa (nyak, 15% színhús, szív, zúza), 1% ásványi anyag, 0,5% lenolaj. Analitikai összetevők: fehérje 9%, zsírtartalom 5,5%, nyershamu 2,3%, nyersrost 0,3%, nedvesség 78%, kalcium 0,34%, foszfor 0,26%. Adalékanyagok/ kg: tápértékkel rendelkező adalékanyagok: A-vitamin 2000 NE, D3-vitamin 200 NE, réz (réz(II)-szulfát-pentahidrát) 1,5mg, jód (kalcium-jodát, vízmentes) 0,75mg, cink (cink-oxid) 20mg. Nyomokban egyéb összetevőket is tartalmazhat. Tovább olvasok"}
{"breadcrumb": "Főoldal/Kutya/Eledelek/Nedves eledelek/Premiere Meati Sensitive kutya konzerv adult lóhús 6x400g", "product_name": "Premiere Meati Sensitive kutya konzerv adult lóhús 6x400gPremiere Meati Sensitive kutya konzerv adult lóhús 6x400g", "brand": "PremiereMeati Sensitive201g – 400gFelnőttlókonzervérzékeny emésztésűközepes testű 11-25kg", "regular_price": "7 194", "selling_price": "6 594", "price_per_unit": "1 099 Ft", "product_url": "https://webshop.fressnapf.hu/termekek/premiere-meati-sensitive-kutya-konzerv-adult-lohus-400g/", "product_description": "PREMIERE Meati Sensitive – táplálkozási szempontból érzékeny és táplálékintoleranciában szenvedő kutyák számára Különösen kiegyensúlyozott nedves eledel a következő előnyökkel: Csak egy kiválasztott fehérje a receptúrában A növényi szénhidrátokat nem tartalmazó Pur-változatok különösen alkalmasak a rizsre, gabonafélékre vagy burgonyára érzékeny kutyák számára Táplálékra érzékeny kutyák számára is alkalmas Gyártás helye: Németország A gabona- és gluténmentes receptúra segít megvédeni a gyomor-bél traktust és biztosítja az optimális emésztést. Ideális választás a táplálékintoleranciában szenvedő kutyák számára. változatonként csak egy kiválasztott fehérje Gabona- és gluténmentes receptúra nem tartalmaz szóját és színezékeket Analitikai összetevők 11,5% fehérje, 5,6% zsírtartalom, 2,3% nyershamu, 0,4% nyersrost, 0,3% kalcium, 0,25% foszfor Összetétel 65% ló (40% izomhús, szív, máj), 1% ásványi anyag, 0,5% lenmagolaj Adalékanyag/kg Táplálkozásfiziológiai adalékanyagok/kg: 200 NE D3-vitamin, 0,75 mg jód (kalcium-jodát, vízmentes), 1,4 mg mangán (mangán(II)-szulfát, monohidrát), 25 mg cink (cink-szulfát, monohidrát) Nyomokban tartalmazhat egyéb összetevőket. Táplálási javaslat A kutya súlya Adagolás 5 kg 280 g/nap 7 kg 360 g/nap 10 kg 470 g/nap 15 kg 640 g/nap 20 kg 790 g/nap Felbontás után hűvös helyen tárolja. Szobahőmérsékleten tálalja. A megadott adatok irányadó értékek. Az egyéni tápanyagigény a fajtától, az életkortól és az aktivitástól függ. Tovább olvasok"}
{"breadcrumb": "Főoldal/Kutya/Eledelek/Nedves eledelek/Premiere Meati Sensitive kutya konzerv adult lóhús 6x800g", "product_name": "Premiere Meati Sensitive kutya konzerv adult lóhús 6x800gPremiere Meati Sensitive kutya konzerv adult lóhús 6x800g", "brand": "PremiereMeati Sensitive601g – 800gFelnőttlókonzervérzékeny emésztésűközepes testű 11-25kg", "regular_price": "11 394", "selling_price": "10 794", "price_per_unit": "1 799 Ft", "product_url": "https://webshop.fressnapf.hu/termekek/premiere-meati-sensitive-kutya-konzerv-adult-lohus-800g/", "product_description": "PREMIERE Meati Sensitive – táplálkozási szempontból érzékeny és táplálékintoleranciában szenvedő kutyák számára Különösen kiegyensúlyozott nedves eledel a következő előnyökkel: Csak egy kiválasztott fehérje a receptúrában A növényi szénhidrátokat nem tartalmazó Pur-változatok különösen alkalmasak a rizsre, gabonafélékre vagy burgonyára érzékeny kutyák számára Táplálékra érzékeny kutyák számára is alkalmas Gyártás helye: Németország A gabona- és gluténmentes receptúra segít megvédeni a gyomor-bél traktust és biztosítja az optimális emésztést. Ideális választás a táplálékintoleranciában szenvedő kutyák számára. változatonként csak egy kiválasztott fehérje Gabona- és gluténmentes receptúra nem tartalmaz szóját és színezékeket Analitikai összetevők 11,5% fehérje, 5,6% zsírtartalom, 2,3% nyershamu, 0,4% nyersrost, 0,30% kalcium, 0,25% foszfor. Összetétel 65% ló (40% izomhús, szív, máj), 1% ásványi anyag, 0,5% lenmagolaj Adalékanyag/kg Táplálkozásfiziológiai adalékanyagok: 200 NE D3-vitamin, 1 mg réz (réz(II)-szulfát, pentahidrát), 0,75 mg jód (kalcium-jodát, vízmentes), 1,4 mg mangán (mangán(II)-szulfát, monohidrát), 25 mg cink (cink-szulfát, monohidrát). Táplálási javaslat A kutya súlya Adagolás 10 kg 470 g/nap 15 kg 640 g/nap 20 kg 790 g/nap 25 kg 940 g/nap 30 kg 1070 g/nap 35 kg 1210 g/nap 40 kg 1330 g/nap 45 kg 1460 g/nap 50 kg 1580 g/nap 60 kg 1810 g/nap 70 kg 2030 g/nap 80 kg 2240 g/nap Felbontás után hűtőszekrényben tárolja. Szobahőmérsékleten tálalja. Nyomokban egyéb összetevőket tartalmazhat A megadott adatok irányadó értékek. Az egyéni tápanyagigény a fajtától, az életkortól és az aktivitástól függ. Tovább olvasok"}
{"breadcrumb": "Főoldal/Kutya/Eledelek/Nedves eledelek/Premiere Meati Sensitive kutya konzerv adult lóhús&burgonya 6x400g", "product_name": "Premiere Meati Sensitive kutya konzerv adult lóhús&burgonya 6x400gPremiere Meati Sensitive kutya konzerv adult lóhús&burgonya 6x400g", "brand": "PremiereMeati Sensitive201g – 400gFelnőttlókonzervérzékeny emésztésűközepes testű 11-25kg", "regular_price": "7 194", "selling_price": "6 594", "price_per_unit": "1 099 Ft", "product_url": "https://webshop.fressnapf.hu/termekek/premiere-meati-sensitive-kutya-konzerv-adult-lohusburgonya-400g/", "product_description": "PREMIERE Meati Sensitive – táplálkozási szempontból érzékeny és táplálékintoleranciában szenvedő kutyák számára Különösen kiegyensúlyozott nedves eledel a következő előnyökkel: Csak egy kiválasztott fehérje a receptúrában A növényi szénhidrátokat nem tartalmazó Pur-változatok különösen alkalmasak a rizsre, gabonafélékre vagy burgonyára érzékeny kutyák számára Táplálékra érzékeny kutyák számára is alkalmas Gyártás helye: Németország A gabona- és gluténmentes receptúra segít megvédeni a gyomor-bél traktust és biztosítja az optimális emésztést. Ideális választás a táplálékintoleranciában szenvedő kutyák számára. változatonként csak egy kiválasztott fehérje Gabona- és gluténmentes receptúra nem tartalmaz szóját és színezékeket Analitikai összetevők 11,3% fehérje, 5,4% zsírtartalom, 2,5% nyershamu, 0,5% nyersrost, 0,3% kalcium, 0,25% foszfor. Összetétel 65% ló (40% izomhús, szív), 7% burgonya, 1% ásványi anyag, 0,5% lenmagolaj Adalékanyag/kg Táplálkozásfiziológiai adalékanyagok: 200 NE D3-vitamin, 1 mg réz (réz(II)-szulfát, pentahidrát), 0,75 mg jód (kalcium-jodát, vízmentes), 1,4 mg mangán (mangán(II)-szulfát, monohidrát), 25 mg cink (cink-szulfát, monohidrát). Nyomokban tartalmazhat egyéb összetevőket. Táplálási javaslat A kutya súlya Adagolás 5 kg 280 g/nap 7 kg 360 g/nap 10 kg 470 g/nap 15 kg 640 g/nap 20 kg 790 g/nap Felbontás után hűvös helyen tárolja. Szobahőmérsékleten tálalja. A megadott adatok irányadó értékek. Az egyéni tápanyagigény a fajtától, az életkortól és az aktivitástól függ. Tovább olvasok"}
{"breadcrumb": "Főoldal/Kutya/Eledelek/Nedves eledelek/Premiere Meati Sensitive kutya konzerv adult lóhús&burgonya 6x800g", "product_name": "Premiere Meati Sensitive kutya konzerv adult lóhús&burgonya 6x800gPremiere Meati Sensitive kutya konzerv adult lóhús&burgonya 6x800g", "brand": "PremiereMeati Sensitive601g – 800gFelnőttlókonzervérzékeny emésztésűközepes testű 11-25kg", "regular_price": "11 394", "selling_price": "10 794", "price_per_unit": "1 799 Ft", "product_url": "https://webshop.fressnapf.hu/termekek/premiere-meati-sensitive-kutya-konzerv-adult-lohusburgonya-800g/", "product_description": "PREMIERE Meati Sensitive – táplálkozási szempontból érzékeny és táplálékintoleranciában szenvedő kutyák számára Különösen kiegyensúlyozott nedves eledel a következő előnyökkel: Csak egy kiválasztott fehérje a receptúrában A növényi szénhidrátokat nem tartalmazó Pur-változatok különösen alkalmasak a rizsre, gabonafélékre vagy burgonyára érzékeny kutyák számára Táplálékra érzékeny kutyák számára is alkalmas Gyártás helye: Németország A gabona- és gluténmentes receptúra segít megvédeni a gyomor-bél traktust és biztosítja az optimális emésztést. Ideális választás a táplálékintoleranciában szenvedő kutyák számára. változatonként csak egy kiválasztott fehérje Gabona- és gluténmentes receptúra nem tartalmaz szóját és színezékeket Analitikai összetevők 11,3% fehérje, 5,4% zsírtartalom, 2,5% nyershamu, 0,5% nyersrost,0,3% kalcium, 0,25% foszfor. Összetétel 65% ló (40% izomhús, szív), 7% burgonya, 1% ásványi anyag, 0,5% lenmagolaj. Adalékanyag/kg Táplálkozásfiziológiai adalékanyagok: 200 NE D3-vitamin, 1 mg réz (réz(II)-szulfát, pentahidrát), 0,75 mg jód (kalcium-jodát, vízmentes), 1,4 mg mangán (mangán(II)-szulfát, monohidrát), 25 mg cink (cink-szulfát, monohidrát). Táplálási javaslat A kutya súlya Adagolás 10 kg 470 g/nap 15 kg 640 g/nap 20 kg 790 g/nap 25 kg 940 g/nap 30 kg 1070 g/nap 35 kg 1210 g/nap 40 kg 1330 g/nap 45 kg 1460 g/nap 50 kg 1580 g/nap 60 kg 1810 g/nap 70 kg 2030 g/nap 80 kg 2240 g/nap Felbontás után hűtőszekrényben tárolja. Szobahőmérsékleten tálalja. Nyomokban egyéb összetevőket tartalmazhat A megadott adatok irányadó értékek. Az egyéni tápanyagigény a fajtától, az életkortól és az aktivitástól függ. Tovább olvasok"}
{"breadcrumb": "Főoldal/Kutya/Eledelek/Nedves eledelek/Premiere Meati Sensitive kutya konzerv adult marha 6x400g", "product_name": "Premiere Meati Sensitive kutya konzerv adult marha 6x400gPremiere Meati Sensitive kutya konzerv adult marha 6x400g", "brand": "PremiereMeati Sensitive201g – 400gFelnőttmarha&borjúkonzervérzékeny emésztésűközepes testű 11-25kg", "regular_price": "6 594", "selling_price": "5 994", "price_per_unit": "999 Ft", "product_url": "https://webshop.fressnapf.hu/termekek/premiere-meati-sensitive-kutya-konzerv-adult-marha-400g/", "product_description": "PREMIERE Meati Sensitive – táplálkozási szempontból érzékeny és táplálékintoleranciában szenvedő kutyák számára Különösen kiegyensúlyozott nedves eledel a következő előnyökkel: Csak egy kiválasztott fehérje a receptúrában A növényi szénhidrátokat nem tartalmazó Pur-változatok különösen alkalmasak a rizsre, gabonafélékre vagy burgonyára érzékeny kutyák számára Táplálékra érzékeny kutyák számára is alkalmas Gyártás helye: Németország A gabona- és gluténmentes receptúra segít megvédeni a gyomor-bél traktust és biztosítja az optimális emésztést. Ideális választás a táplálékintoleranciában szenvedő kutyák számára. változatonként csak egy kiválasztott fehérje Gabona- és gluténmentes receptúra nem tartalmaz szóját és színezékeket Analitikai összetevők 11,2% fehérje, 7,2% zsírtartalom, 2,2% nyershamu, 0,3% nyersrost, 0,3% kalcium, 0,25% foszfor. Összetétel 65% marhahús (szív, 15% izomhús, máj, tüdő, gyomor), 1% ásványi anyag, 0,5% lenmagolaj Adalékanyag/kg Táplálkozásfiziológiai adalékanyagok/kg: 200 NE D3-vitamin, 0,75 mg jód (kalcium-jodát, vízmentes), 1,4 mg mangán (mangán(II)-szulfát, monohidrát), 25 mg cink (cink-szulfát, monohidrát) Nyomokban tartalmazhat egyéb összetevőket. Táplálási javaslat A kutya súlya Adagolás 5 kg 240 g/nap 7 kg 310 g/nap 10 kg 400 g/nap 15 kg 540 g/nap 20 kg 670 g/nap Felbontás után hűvös helyen tárolja. Szobahőmérsékleten tálalja. A megadott adatok irányadó értékek. Az egyéni tápanyagigény a fajtától, az életkortól és az aktivitástól függ. Tovább olvasok"}
{"breadcrumb": "Főoldal/Kutya/Eledelek/Nedves eledelek/Premiere Meati Sensitive kutya konzerv adult marha 6x800g", "product_name": "Premiere Meati Sensitive kutya konzerv adult marha 6x800gPremiere Meati Sensitive kutya konzerv adult marha 6x800g", "brand": "PremiereMeati Sensitive601g – 800gFelnőttmarha&borjúkonzervérzékeny emésztésűnagytestű 26kg-tól", "regular_price": "11 394", "selling_price": "10 794", "price_per_unit": "1 799 Ft", "product_url": "https://webshop.fressnapf.hu/termekek/6xpremiere-meati-sensitive-marha-800g/", "product_description": "Teljes értékű eledel kifejlett, érzékeny emésztésű kutyáknak. 1 kiválasztott állati fehérje az összetevők között. Növényi szénhidrátok nélkül*. Gabona- és gluténmentes receptúra. Különösen alkalmas a gabonafélékre, rizsre vagy burgonyára érzékeny kutyáknak. Hozzáadott szója és színezékek nélkül. Összetétel: 65% marha (szív, 15% színhús, máj, tüdő, pacal), 1% ásványi anyag, 0,5% lenolaj. Analitikai összetevők: fehérje 11,2%, zsírtartalom 7,2%, nyershamu 2,2%, nyersrost 0,3%, nedvesség 75%, kalcium 0,3%, foszfor 0,25%. Adalékanyagok/ kg: tápértékkel rendelkező adalékanyagok: D3-vitamin 200 NE, jód (kalcium-jodát, vízmentes) 0,75mg, mangán (mangán(II)-szulfát, monohidrát) 1,4mg, cink (cink-szulfát, monohidrát) 25mg. Nyomokban egyéb összetevőket is tartalmazhat. Tovább olvasok"}
{"breadcrumb": "Főoldal/Kutya/Eledelek/Nedves eledelek/Premiere Meati Sensitive kutya konzerv adult marha&burgonya 6x400g", "product_name": "Premiere Meati Sensitive kutya konzerv adult marha&burgonya 6x400gPremiere Meati Sensitive kutya konzerv adult marha&burgonya 6x400g", "brand": "PremiereMeati Sensitive201g – 400gFelnőttmarha&borjúkonzervérzékeny emésztésűközepes testű 11-25kg", "regular_price": "5 094", "selling_price": "4 794", "price_per_unit": "999 Ft", "product_url": "https://webshop.fressnapf.hu/termekek/premiere-meati-sensitive-kutya-konzerv-adult-marhaburgonya-400g/", "product_description": "PREMIERE Meati Sensitive – táplálkozási szempontból érzékeny és táplálékintoleranciában szenvedő kutyák számára Különösen kiegyensúlyozott nedves eledel a következő előnyökkel: Csak egy kiválasztott fehérje a receptúrában A növényi szénhidrátokat nem tartalmazó Pur-változatok különösen alkalmasak a rizsre, gabonafélékre vagy burgonyára érzékeny kutyák számára Táplálékra érzékeny kutyák számára is alkalmas Gyártás helye: Németország A gabona- és gluténmentes receptúra segít megvédeni a gyomor-bél traktust és biztosítja az optimális emésztést. Ideális választás a táplálékintoleranciában szenvedő kutyák számára. változatonként csak egy kiválasztott fehérje Gabona- és gluténmentes receptúra nem tartalmaz szóját és színezékeket Analitikai összetevők 10,9% fehérje, 7% zsírtartalom, 2,4% nyershamu, 0,5% nyersrost, 0,3% kalcium, 0,25% foszfor. Összetétel 60% marha (szív, máj, tüdő, 15% izomhús, gyomor), 7% burgonya, 1% ásványi anyag, 0,5% lenmagolaj Adalékanyag/kg Táplálkozásfiziológiai adalékanyagok/kg: 200 NE D3-vitamin, 0,75 mg jód (kalcium-jodát, vízmentes), 1,4 mg mangán (mangán(II)-szulfát, monohidrát), 25 mg cink (cink-szulfát, monohidrát) Táplálási javaslat A kutya súlya Adagolás 5 kg 240 g/nap 7 kg 310 g/nap 10 kg 400 g/nap 15 kg 540 g/nap 20 kg 670 g/nap Felbontás után hűvös helyen tárolja. Szobahőmérsékleten tálalja. A megadott adatok irányadó értékek. Az egyéni tápanyagigény a fajtától, az életkortól és az aktivitástól függ. Tovább olvasok"}
{"breadcrumb": "Főoldal/Kutya/Eledelek/Nedves eledelek/Premiere Meati Sensitive kutya konzerv adult marha&burgonya 6x800g", "product_name": "Premiere Meati Sensitive kutya konzerv adult marha&burgonya 6x800gPremiere Meati Sensitive kutya konzerv adult marha&burgonya 6x800g", "brand": "PremiereMeati Sensitive601g – 800gFelnőttmarha&borjúkonzervérzékeny emésztésűnagytestű 26kg-tól", "regular_price": "11 394", "selling_price": "10 794", "price_per_unit": "1 799 Ft", "product_url": "https://webshop.fressnapf.hu/termekek/6xpremiere-meati-sensitive-marhaburgonya-800g/", "product_description": "Teljes értékű takarmány a kifejlett, érzékeny emésztésű kutyák számára. 1 kiválasztott fehérje a receptúrában. 1 kiválasztott növényi eredetű szénhidrát.* Gabonaféléktől és gluténtől mentes receptúra. Hozzáadott szója és színezékek nélkül. 100% marha az összes állati eredetű összetevőben. Összetétel: 58% marha (szív, máj, tüdő, 10% színhús, pacal), 7% burgonya, 1% ásványi anyagok, 0,5% lenolaj. Analitikai összetevők: fehérje 10,9%, zsírtartalom 6,2%, nyershamu 2,4%, nyersrost 0,5%, nedvesség 78%, kalcium 0,30%, foszfor 0,25%. Adalékanyagok/kg: tápértékkel rendelkező adalékanyagok: D3-vitamin 200 NE, jód (kalcium-jodát, vízmentes) 0,75mg, mangán (mangán(II)-szulfát, monohidrát) 3mg, cink (cink-szulfát, monohidrát) 15mg. Kinyitás után hűtőszekrényben tárolandó. Az eledel etetéskor szobahőmérsékletű legyen. Nyomokban egyéb összetevőket is tartalmazhat. Az adatok tájékoztató értékek. A tényleges tápanyagszükséglet fajtától, életkortól és aktivitástól függ. Tovább olvasok"}
{"breadcrumb": "Főoldal/Kutya/Eledelek/Jutalomfalatok&rágcsák/Premiere Meaties kutya jutalomfalat bárány 60g", "product_name": "Premiere Meaties kutya jutalomfalat bárány 60gPremiere Meaties kutya jutalomfalat bárány 60g", "brand": "PremierePure MeatiesFelnőttjuh&bárány&kecskeszárított&természetes", "regular_price": "899", "selling_price": "", "price_per_unit": "1 KG=14983 Ft", "product_url": "https://webshop.fressnapf.hu/termekek/premiere-pure-meaties-kutya-jutalomfalat-barany-60g/", "product_description": "PREMIERE Meaties — Bárány. Szárított húscsíkok, tökéletes jutalmazáshoz. Minőség: 95% hús. Kemencében szárított. < 4% zsír. Hozzáadott mesterséges színezékek és tartósítószerek nélkül. Élvezetes rágcsálnivaló. Kiegészítő eledel kutyák számára kb. 6 hónapos kortól. Összetétel: bárányhús 95%, glicerin, borsófehérje, burgonyakeményítő, só. Analitikai összetevők: fehérje 48%, zsírtartalom 3,5%, nyershamu 4%, nyersrost 0,2%. Nedvesség 23%. Etetési javaslat: Csemegeként, a fő eledel kiegészítésére. A fő eledel mennyisége szükség szerint csökkenthető. Nem alkalmas önálló eledelként. Nyomokban egyéb összetevőket is tartalmazhat. Tovább olvasok"}
{"breadcrumb": "Főoldal/Kutya/Eledelek/Jutalomfalatok&rágcsák/Premiere Meaties kutya jutalomfalat csirke 250g", "product_name": "Premiere Meaties kutya jutalomfalat csirke 250gPremiere Meaties kutya jutalomfalat csirke 250g", "brand": "PremierePure MeatiesFelnőttszárnyasszárított&természetes", "regular_price": "2299", "selling_price": "", "price_per_unit": "1 kg=9196 Ft", "product_url": "https://webshop.fressnapf.hu/termekek/premiere-best-meat-jutalomfalat-kutyaknak-szinhus-csirke-250g/", "product_description": "PREMIERE. Meaties — Csirke. Szárított húscsíkok, tökéletes jutalmazáshoz. Minőség: 96% hús. Kemencében szárított. < 2,5% zsír. Hozzáadott mesterséges színezékek és tartósítószerek nélkül. Élvezetes rágcsálnivaló. Kiegészítő eledel kutyák számára kb. 4 hónapos kortól. Összetétel: csirkemell 96,5%, glicerin. Analitikai összetevők: fehérje 60%, zsírtartalom 2%, nyershamu 5%, nyersrost O, 1%. Nedvesség 17% Etetési javaslat: Csemegeként, a fő eledel kiegészítésére. A fő eledel mennyisége szükség szerint csökkenthető. Nyomokban egyéb összetevőket is tartalmazhat. Tovább olvasok"}
{"breadcrumb": "Főoldal/Kutya/Eledelek/Jutalomfalatok&rágcsák/Premiere Meaties kutya jutalomfalat csirke 90g", "product_name": "Premiere Meaties kutya jutalomfalat csirke 90gPremiere Meaties kutya jutalomfalat csirke 90g", "brand": "PremierePure MeatiesFelnőttszárnyasszárított&természetes", "regular_price": "899", "selling_price": "", "price_per_unit": "1 KG=9989 Ft", "product_url": "https://webshop.fressnapf.hu/termekek/premiere-pure-meaties-kutya-jutalomfalat-csirke-90g/", "product_description": "PREMIERE. Meaties – Csirke. Szárított húscsíkok, tökéletes jutalmazáshoz. Minőség: 96% hús. Kemencében szárított. < 2,5% zsír. Hozzáadott mesterséges színezékek és tartósítószerek nélkül. Élvezetes rágcsálnivaló. Kiegészítő eledel kutyák számára kb. 4 hónapos kortól. Összetétel: csirkemell 96,5%, glicerin 3,5%. Analitikai összetevők: fehérje 60%, zsírtartalom 2%, nyershamu 5%, nyersrost 0,1 %. Nedvesség 17%. Etetési javaslat: Csemegeként, a fő eledel kiegészítésére. A fő eledel mennyisége szükség szerint csökkenthető. Nyomokban egyéb összetevőket is tartalmazhat. Tovább olvasok"}
{"breadcrumb": "Főoldal/Kutya/Eledelek/Jutalomfalatok&rágcsák/Premiere Meaties kutya jutalomfalat csirke XXL 4x250g", "product_name": "Premiere Meaties kutya jutalomfalat csirke XXL 4x250gPremiere Meaties kutya jutalomfalat csirke XXL 4x250g", "brand": "PremierePure MeatiesFelnőttszárnyasszárított&természetes", "regular_price": "7499", "selling_price": "", "price_per_unit": "1 kg=7499 Ft", "product_url": "https://webshop.fressnapf.hu/termekek/premiere-best-meat-jutalomfalat-kutyaknak-szinhus-csirke-4x250g/", "product_description": "PREMIERE. Meaties – Csirke. Szárított húscsíkok, tökéletes jutalmazáshoz. Minőség: 96% hús. Kemencében szárított. < 2,5% zsír. Hozzáadott mesterséges színezékek és tartósítószerek nélkül. Élvezetes rágcsálnivaló. Kiegészítő eledel kutyák számára kb. 4 hónapos kortól. Összetétel: csirkemell 96,5%, glicerin 3,5%. Analitikai összetevők: fehérje 60%, zsírtartalom 2%, nyershamu 5%, nyersrost 0,1 %. Nedvesség 17%. Etetési javaslat: Csemegeként, a fő eledel kiegészítésére. A fő eledel mennyisége szükség szerint csökkenthető. Nyomokban egyéb összetevőket is tartalmazhat. Tovább olvasok"}
{"breadcrumb": "Főoldal/Kutya/Eledelek/Jutalomfalatok&rágcsák/Premiere Meaties kutya jutalomfalat hal 70g", "product_name": "Premiere Meaties kutya jutalomfalat hal 70gPremiere Meaties kutya jutalomfalat hal 70g", "brand": "PremierePure MeatiesFelnőtthal&tenger gyümölcseiszárított&természetes", "regular_price": "999", "selling_price": "", "price_per_unit": "1 KG=14271 Ft", "product_url": "https://webshop.fressnapf.hu/termekek/premiere-pure-meaties-kutya-jutalomfalat-hal-70g/", "product_description": "PREMIERE Fish. Kapellán lazac. Szárított halcsemege. Minőség: 99% hal. Kemencében szárított. Hozzáadott cukor és mesterséges színezékek nélkül. Élvezetes rágcsálnivaló. Állaga: közepes. Kiegészítő eledel kifejlett kutyák számára. Összetétel: Kapellán lazac 99%, kukoricakeményítő, só. Analitikai összetevők: fehérje 40%, zsírtartalom 16%, nyershamu 6%, nyersrost 0,5%. Nedvesség 18%. Adalékanyagok/kg: technológiai adalékanyagok: tartósítószer. Etetési javaslat: Csemegeként, a fó eledel kiegészítésére. A fő eledel mennyisége szükség szerint csökkenthető. Nyomokban egyéb összetevőket is tartalmazhat. Tovább olvasok"}
{"breadcrumb": "Főoldal/Kutya/Eledelek/Jutalomfalatok&rágcsák/Premiere Meaties kutya jutalomfalat húsvariáció XXL 4x250g", "product_name": "Premiere Meaties kutya jutalomfalat húsvariáció XXL 4x250gPremiere Meaties kutya jutalomfalat húsvariáció XXL 4x250g", "brand": "PremierePure MeatiesFelnőttszárnyasszárított&természetes", "regular_price": "7499", "selling_price": "", "price_per_unit": "1 kg=7499 Ft", "product_url": "https://webshop.fressnapf.hu/termekek/premiere-best-meat-jutalomfalat-kutyaknak-szinhus-csirkekacsa-marha-nyul-4x250g/", "product_description": "PREMIERE. Meaties. XXL gazdaságos kiszerelés. Szárított húscsíkok, tökéletes jutalmazáshoz. Minőség: 95% hús. Kemencében szárított. < 3% zsír. Hozzáadott cukor és mesterséges színezékek nélkül. Élvezetes rágcsálnivaló. Kiegészítő eledel kifejlett kutyák számára. Összetétel: Csirkehúsos: csirkemell 95%, glicerin, kukoricakeményítő, só. Marhahúsos: marhahús 95%, glicerin, kukoricakeményítő, só. Nyúlhúsos: nyúlhús 95%, glicerin, kukoricakeményítő, só. Kacsahúsos: kacsamell 95%, glicerin, kukoricakeményítő, só. Analitikai összetevők: Csirkehúsos : fehérje 58%, zsírtartalom 2%, nyershamu 6%, nyersrost 0,5%. Nedvesség 16%. Marhahúsos: fehérje 60,2%, zsírtartalom 2%, nyershamu 4,8%, nyersrost 0,5%. Nedvesség 16%. Nyúlhúsos: fehérje 59,1%, zsírtartalom 2%, nyershamu 5%, nyersrost 0,5%. Nedvesség 16%. Kacsahúsos: fehérje 58,8%, zsírtartalom 2%, nyershamu 5%, nyersrost 0,5%. Nedvesség 16%. Adalékanyagok/kg: technológiai adalékanyagok: tartósítószer. Etetési javaslat: Csemegeként, a fő eledel kiegészítésére. A fő eledel mennyisége szükség szerint csökkenthető. Nyomokban egyéb összetevőket is tartalmazhat. Tovább olvasok"}
{"breadcrumb": "Főoldal/Kutya/Eledelek/Jutalomfalatok&rágcsák/Premiere Meaties kutya jutalomfalat kacsa 250g", "product_name": "Premiere Meaties kutya jutalomfalat kacsa 250gPremiere Meaties kutya jutalomfalat kacsa 250g", "brand": "PremierePure MeatiesFelnőttszárnyasszárított&természetes", "regular_price": "2299", "selling_price": "", "price_per_unit": "1 kg=9196 Ft", "product_url": "https://webshop.fressnapf.hu/termekek/premiere-best-meat-jutalomfalat-kutyaknak-szinhus-kacsa-250g/", "product_description": "PREMIERE. Meaties – Kacsa. Szárított húscsíkok, tökéletes jutalmazáshoz. Minőség: 95% hús. Kemencében szárított. < 4% zsír. Hozzáadott mesterséges színezékek és tartósítószerek nélkül. Élvezetes rágcsálnivaló. Kiegészítő eledel kutyák számára kb. 6 hónapos kortól. Összetétel: kacsahús 95,8%, glicerin, kukoricakeményítő, só. Analitikai összetevők: fehérje 50%, zsírtartalom 3,5%, nyershamu 4%, nyersrost 0,5%. Nedvesség 23%. Etetési javaslat: Csemegeként, a fő eledel kiegészítésére. A fő eledel mennyisége szükség szerint csökkenthető. Nyomokban egyéb összetevőket is tartalmazhat. Tovább olvasok"}
{"breadcrumb": "Főoldal/Kutya/Eledelek/Jutalomfalatok&rágcsák/Premiere Meaties kutya jutalomfalat kacsa 90g", "product_name": "Premiere Meaties kutya jutalomfalat kacsa 90gPremiere Meaties kutya jutalomfalat kacsa 90g", "brand": "PremierePure MeatiesFelnőttszárnyasszárított&természetes", "regular_price": "899", "selling_price": "", "price_per_unit": "1 KG=9989 Ft", "product_url": "https://webshop.fressnapf.hu/termekek/premiere-pure-meaties-kutya-jutalomfalat-kacsa-90g/", "product_description": "PREMIERE. Meaties – Kacsa. Szárított húscsíkok, tökéletes jutalmazáshoz. Minőség: 95% hús. Kemencében szárított. < 4% zsír. Hozzáadott mesterséges színezékek és tartósítószerek nélkül. Élvezetes rágcsálnivaló. Kiegészítő eledel kutyák számára kb. 6 hónapos kortól. Összetétel: kacsahús 95,8%, glicerin, kukoricakeményítő, só. Analitikai összetevők: fehérje 50%, zsírtartalom 3,5%, nyershamu 4%, nyersrost 0,5%. Nedvesség 23%. Etetési javaslat: Csemegeként, a fő eledel kiegészítésére. A fő eledel mennyisége szükség szerint csökkenthető. Nyomokban egyéb összetevőket is tartalmazhat. Tovább olvasok"}
{"breadcrumb": "Főoldal/Kutya/Eledelek/Jutalomfalatok&rágcsák/Premiere Meaties kutya jutalomfalat marha 60g", "product_name": "Premiere Meaties kutya jutalomfalat marha 60gPremiere Meaties kutya jutalomfalat marha 60g", "brand": "PremierePure MeatiesFelnőttmarha&borjúszárított&természetes", "regular_price": "899", "selling_price": "", "price_per_unit": "1 KG=14983 Ft", "product_url": "https://webshop.fressnapf.hu/termekek/premiere-pure-meaties-kutya-jutalomfalat-marha-60g/", "product_description": "PREMIERE. Meaties – Marha. Szárított húscsíkok, tökéletes jutalmazáshoz. Minőség: 95% hús. Kemencében szárított. < 6% zsír. Hozzáadott mesterséges színezékek és tartósítószerek nélkül. Élvezetes rágcsálnivaló. Kiegészítő eledel kutyák számára kb. 6 hónapos kortól. Összetétel: marhahús 95,8%, glicerin, kukoricakeményítő, só. Analitikai összetevők: fehérje 50%, zsírtartalom 5,6%, nyershamu 4%, nyersrost 0,5%. Nedvesség 23%. Etetési javaslat: Csemegeként, a fő eledel kiegészítésére. A fő eledel mennyisége szükség szerint csökkenthető. Nyomokban egyéb összetevőket is tartalmazhat. Tovább olvasok"}
{"breadcrumb": "Főoldal/Kutya/Eledelek/Jutalomfalatok&rágcsák/Premiere Meaties kutya jutalomfalat marha&kacsa XXL 4x250g", "product_name": "Premiere Meaties kutya jutalomfalat marha&kacsa XXL 4x250gPremiere Meaties kutya jutalomfalat marha&kacsa XXL 4x250g", "brand": "PremierePure MeatiesFelnőttszárnyasszárított&természetes", "regular_price": "7499", "selling_price": "", "price_per_unit": "1 kg=7499 Ft", "product_url": "https://webshop.fressnapf.hu/termekek/premiere-4x250g-pure-meaties-kacsa/", "product_description": "PREMIERE. Meaties – Kacsa és Marha. XXL gazdaságos kiszerelés. Szárított húscsíkok, tökéletes jutalmazáshoz. Minőség: 95% hús. Kemencében szárított. < 6% zsír. Hozzáadott mesterséges színezékek és tartósítószerek nélkül. Élvezetes rágcsálnivaló. Kiegészítő eledel kutyák számára kb. 6 hónapos kortól. Összetétel: Kacsahúsos: kacsahús 95,8%, glicerin, kukoricakeményítő, só. Marhahúsos: marhahús 95,8%,glicerin, kukoricakeményítő, só. Analitikai összetevők: Kacsahúsos: fehérje 50%, zsírtartalom 3,5%, nyershamu 4%, nyersrost 0,5%. Nedvesség 23%. Marhahúsos: fehérje 50%, zsírtartalom 5,6%, nyershamu 4%, nyersrost 0,5%. Nedvesség 23%. Etetési javaslat: Csemegeként, a fő eledel kiegészítésére. A fő eledel mennyisége szükség szerint csökkenthető. Nyomokban egyéb összetevőket is tartalmazhat. Tovább olvasok"}
{"breadcrumb": "Főoldal/Kutya/Eledelek/Jutalomfalatok&rágcsák/Premiere Meaties kutya jutalomfalat maxi kacsa 250g", "product_name": "Premiere Meaties kutya jutalomfalat maxi kacsa 250gPremiere Meaties kutya jutalomfalat maxi kacsa 250g", "brand": "PremierePure MeatiesFelnőttszárnyasszárított&természetes", "regular_price": "2299", "selling_price": "", "price_per_unit": "1 kg=9196 Ft", "product_url": "https://webshop.fressnapf.hu/termekek/premiere-pure-meaties-maxi-kacsa-250g/", "product_description": "PREMIERE. Meaties Maxi – Kacsa. Szárított húscsíkok, tökéletes jutalmazáshoz. Minőség: 95% hús. Kemencében szárított. < 4% zsír. Hozzáadott mesterséges színezékek és tartósítószerek nélkül. Élvezetes rágcsálnivaló. Kiegészítő eledel kutyák számára kb. 6 hónapos kortól. Összetétel: Kacsahús 86%, növényi fehérje kivonatok, növényi glicerin 4,7%, növényi melléktermékek, propilénglikol, ásványi anyagok. Nedvességtartalom 20% Analitikai összetevők: Fehérje 51%, zsírtartalom 2%, nyers hamu 5,5%, nyersrost 0,5%. Etetési javaslat: Csemegeként, a fő eledel kiegészítésére. A fő eledel mennyisége szükség szerint csökkenthető. Nyomokban egyéb összetevőket is tartalmazhat. Tovább olvasok"}
{"breadcrumb": "Főoldal/Kutya/Eledelek/Jutalomfalatok&rágcsák/Premiere Mini Bites kutya jutalomfalat csirke 60g", "product_name": "Premiere Mini Bites kutya jutalomfalat csirke 60gPremiere Mini Bites kutya jutalomfalat csirke 60g", "brand": "PremiereMiniFelnőttszárnyasszárított&természeteskistestű 10kg-ig", "regular_price": "949", "selling_price": "", "price_per_unit": "1 kg=15817 Ft", "product_url": "https://webshop.fressnapf.hu/termekek/premiere-mini-bites-kutya-jutalomfalat-csirke-60g/", "product_description": "Mini Bites Csirke. Nyugodt lelkiismerettel kényeztetheti kutyáját a Premiere Mini Bites termékével. A minik adagolása tökéletes – pl. edzés közbeni jutalmazáshoz. A Mini Bites kizárólag színhúsból készül és kemencében szárítottak. Elsőrangú nyersanyagok és kíméletes előállítás járulnak hozzá a kiváló emészthetőséghez. Kiegészítő eledel kis termetű kifejlett kutyáknak. Analitikai összetevők: Fehérje 52,4%, zsírtartalom 2%, nyershamu 3%, nyersrost 0,1%, nedvességtartalom 18%. Összetétel: Csirke 95,65%, növényi melléktermékek, glicerin, szorbit, ásványi anyagok. Etetési javaslat: A fő eledel kiegészítésére. A fő eledel mennyisége szükség szerint csökkenthető. Nem alkalmas önálló eledelként. Tovább olvasok"}
{"breadcrumb": "Főoldal/Kutya/Eledelek/Jutalomfalatok&rágcsák/Premiere Mini Cubes kutya jutalomfalat csirke&répa&spenót 70g", "product_name": "Premiere Mini Cubes kutya jutalomfalat csirke&répa&spenót 70gPremiere Mini Cubes kutya jutalomfalat csirke&répa&spenót 70g", "brand": "PremiereMiniFelnőttszárnyastréning falatokkistestű 10kg-ig", "regular_price": "949", "selling_price": "", "price_per_unit": "1 kg=13557 Ft", "product_url": "https://webshop.fressnapf.hu/termekek/10xpremiere-csirkezoldseg-70g/", "product_description": "MINI CUBES- Csirkével & Karottával & Spenóttal. Nyugodt lelkiismerettel kényeztetheti kutyáját a PREMIERE MINI KOCKÁK termékével. A Minik adagolása tökéletes például edzés közbeni jutalmazáshoz. 89% csirkéből és ízletes zöldségekből készült. A minik kemencében szárítottak. Az elsőrangú nyersanyagok és a kíméletes előállítás hozzájárul a kiváló emészthetőséghez. Kiegészítő takarmány kis termetű kifejlett kutyáknak. Összetétel: csirkehús-filé 65%, csirkemáj 23,65%, glicerin, karotta 2%, spenót 2%, növényi eredetű származékok, szorbitol, ásványi anyagok. Analitikai összetevők: fehérje 28%, zsírtartalom 4,5%, nyershamu 4%, nyersrost 0,1%, nedvesség 23%. Etetési javaslat: csemegeként, a fő eledel kiegészítésére. A fő eledel mennyisége szükség szerint csökkenthető. Nem alkalmas önálló eledelként. A tasakban levő „oxigénelnyelő” a termék frissen tartására szolgál, fogyasztásra alkalmatlan. Mindig adjon friss ivóvizet. Nyomokban egyéb összetevőket is tartalmazhat. Tovább olvasok"}
{"breadcrumb": "Főoldal/Kutya/Eledelek/Jutalomfalatok&rágcsák/Premiere Mini Meaties kutya jutalomfalat nyúl 60g", "product_name": "Premiere Mini Meaties kutya jutalomfalat nyúl 60gPremiere Mini Meaties kutya jutalomfalat nyúl 60g", "brand": "PremiereMiniFelnőttnyúlszárított&természetes", "regular_price": "949", "selling_price": "", "price_per_unit": "1 kg=15817 Ft", "product_url": "https://webshop.fressnapf.hu/termekek/premiere-mini-meaties-kutya-jutalomfalat-nyul-60g/", "product_description": "Szárított húscsíkok, tökéletes jutalmazáshoz. Kifejezetten kis termetű kutyák számára. 75% hús. Kemencében szárított. <5% zsír. Hozzáadott mesterséges színezékek és tartósítószerek nélkül. Állaga: puha. Kiegészítő eledel kutyák számára kb. 6 hónapos kortól. Összetétel: 75,8% nyúlhús, glicerin, borsófehérje, kukoricakeményítő, só Analitikai összetevők: fehérje 45%, zsírtartalom 4,7%, nyershamu 3,5%, nyersrost 0,8%, Nedvességtartalom 23% Etetési javaslat: Jutalomként vagy rágcsálnivalóként étkezések között. Az eledel mennyisége szükség szerint csökkenthető. Tovább olvasok"}
{"breadcrumb": "Főoldal/Kutya/Eledelek/Jutalomfalatok&rágcsák/Premiere Mini Sandwich kutya jutalomfalat csirke&hal 150g", "product_name": "Premiere Mini Sandwich kutya jutalomfalat csirke&hal 150gPremiere Mini Sandwich kutya jutalomfalat csirke&hal 150g", "brand": "Premiere101g – 200gFelnőttvegyespuha falatok", "regular_price": "1599", "selling_price": "", "price_per_unit": "1 KG=10660 Ft", "product_url": "https://webshop.fressnapf.hu/termekek/premiere-mini-sandwich-kutya-jutalomfalat-csirkehal-150g/", "product_description": "PREMIERE. Mini Snack – Szendvics. Csirke hallal. 150g gazdaságos csomag. Mókás küllemű, szendvics formájú rágcsálnivaló. Minőség: Kifejezetten kis termetű kutyák számára. Tökéletes jutalmazáshoz és tréninghez. < 4% zsír. Hozzáadott cukor nélkül. Hozzáadott mesterséges tartósítószerek nélkül. Állaga: puha. Kiegészítő eledel minden kutya számára 4 hónapos kortól. Összetétel: csirkehús 53,2%, glicerin, szójafehérje, fekete tőkehal 12,3%, kukoricakeményítő, szójaolaj, só, fokhagymapor. Analitikai összetevők: fehérje 31 %, zsírtartalom 3,5%, nyershamu 3%, nyersrost 1% Nedvesség 34%. Tovább olvasok"}
{"breadcrumb": "Főoldal/Kutya/Eledelek/Jutalomfalatok&rágcsák/Premiere Mini Sandwich kutya jutalomfalat csirke&hal 70g", "product_name": "Premiere Mini Sandwich kutya jutalomfalat csirke&hal 70gPremiere Mini Sandwich kutya jutalomfalat csirke&hal 70g", "brand": "PremiereMiniFelnőttvegyespuha falatok", "regular_price": "949", "selling_price": "", "price_per_unit": "1 kg=13557 Ft", "product_url": "https://webshop.fressnapf.hu/termekek/premiere-mini-sandwich-kutya-jutalomfalat-csirkehal-70g/", "product_description": "65% hús és hal, levegőn szárítva Nem tartalmaz mesterséges színezékeket és aromákat Állatorvosok által kifejlesztve A Premiere Mini Sandwiches eledellel nyugodt lelkiismerettel kényeztetheti és jutalmazhatja kutyáját. Szaftos csirkehússal és ízletes fekete tőkehallal készült. A húscsíkokat levegőn szárítják. A kiváló minőségű alapanyagok és a kíméletes gyártás kiváló emészthetőséget garantálnak. A további előnyök áttekintése: Csupán 3,5% zsírtartalom. Nem tartalmaz mesterséges színezékeket, aromákat és tartósítószereket Nem tartalmaz cukrot Kiegészítő eledel kutyák számára. Bővebb információk a következő címen kérhetők: webshop@fressnapf.hu Analitikai összetevők 31% fehérje, 3,5% zsírtartalom, 3% nyershamu, 1% nyersrost Összetétel csirkehús (53%), fekete tőkehal (12%), Szójababfehérje, glicerin, kukoricakeményítő, fokhagymapor, só, szójaolaj Táplálási javaslat étkezések közötti snackként Szükség szerint csökkenteni kell az eledel mennyiségét. Kérjük, mindig álljon rendelkezésre friss ivóvíz hűvös és száraz helyen tárolja Zárja le gondosan a tasakot a termék különleges frissességének megőrzése érdekében a csomagolásban ún. „deoxidálószer” található – ez fogyasztásra nem alkalmas Tovább olvasok"}
{"breadcrumb": "Főoldal/Kutya/Eledelek/Jutalomfalatok&rágcsák/Premiere Mini Sticks kutya jutalomfalat csirke&hal 150g", "product_name": "Premiere Mini Sticks kutya jutalomfalat csirke&hal 150gPremiere Mini Sticks kutya jutalomfalat csirke&hal 150g", "brand": "Premiere101g – 200gFelnőttvegyespuha falatok", "regular_price": "1499", "selling_price": "", "price_per_unit": "1 KG=9993 Ft", "product_url": "https://webshop.fressnapf.hu/termekek/premiere-mini-sticks-kutya-jutalomfalat-csirkehal-150g/", "product_description": "PREMIERE. Mini Snack — Rudacskák. Csirke rizzsel. 150g gazdaságos csomag. Minőség: Kifejezetten kis termetű kutyák számára. Tökéletes jutalmazáshoz és tréninghez. Hozzáadott cukor nélkül. Hozzáadott mestersége színezékek és tartósítószerek nélkül. Állaga: puha. Kiegészítő eledel minden kutya számára 4 hónapos kortól. Összetétel: csirkehús 55%, kukoricakeményítő, glicerin, rizs 8,8%, csirkezsír 6,8%, csirkemáj 1,2%, só, sörélesztő. Analitikai összetevők: fehérje 20%, zsírtartalom 8%, nyershamu 1 ,5% nyersrost 0,5%. Nedvesség 24%. Tovább olvasok"}
{"breadcrumb": "Főoldal/Kutya/Eledelek/Jutalomfalatok&rágcsák/Premiere Mini Sticks kutya jutalomfalat csirke&hal 70g", "product_name": "Premiere Mini Sticks kutya jutalomfalat csirke&hal 70gPremiere Mini Sticks kutya jutalomfalat csirke&hal 70g", "brand": "PremiereMiniFelnőttvegyesszárított&természetes", "regular_price": "949", "selling_price": "", "price_per_unit": "1 kg=13557 Ft", "product_url": "https://webshop.fressnapf.hu/termekek/premiere-mini-sticks-kutya-jutalomfalat-csirkehal-70g/", "product_description": "Mini Sticks csirke és hal. Kiegészítő eledel kutyák számára. 84% színtiszta hús és hal, levegőn szárítva. Mesterséges színezékek és aromák nélkül. Mesterséges tartósítószerek és hozzáadott cukor nélkül. Állatorvosok közreműködésével kifejlesztve. Analitikai összetevők: Fehérje 33%, zsírtartalom 1%, nyershamu 5%, nyersrost 4,3%, nedvességtartalom 24% Összetétel: csirkehús (60%), hal (24%), kukoricakeményítő, glicerin Etetési javaslat: rágcsálnivalóként étkezések között. Az eledel mennyisége szükség szerint csökkenthető. Mindig adjon friss ivóvizet. Tovább olvasok"}
{"breadcrumb": "Főoldal/Kutya/Eledelek/Jutalomfalatok&rágcsák/Premiere Mini Sticks kutya jutalomfalat csirke&rizs 70g", "product_name": "Premiere Mini Sticks kutya jutalomfalat csirke&rizs 70gPremiere Mini Sticks kutya jutalomfalat csirke&rizs 70g", "brand": "PremiereMiniFelnőttszárnyasropogós falatokkistestű 10kg-ig", "regular_price": "949", "selling_price": "", "price_per_unit": "1 kg=13557 Ft", "product_url": "https://webshop.fressnapf.hu/termekek/premiere-mini-sticks-kutya-jutalomfalat-csirkerizs-70g/", "product_description": "54% hús, levegőn szárított Nem tartalmaz mesterséges színezékeket és aromákat Állatorvosok által kifejlesztve A PREMIERE Mini Sticks eledellel nyugodt lelkiismerettel kényeztetheti és jutalmazhatja kutyáját. Szaftos csirkehússal és finom rizzsel készült. A húsos rágcsálnivalókat levegőn szárítják. A kiváló minőségű alapanyagok és a kíméletes gyártás kiváló emészthetőséget garantálnak. A Mini Sticks optimálisan adagolt termék, pl. kistestű kutyák számára vagy jutalomként a kiképzés során. A további előnyök áttekintése: Nem tartalmaz mesterséges színezékeket, aromákat és tartósítószereket Nem tartalmaz cukrot Kiegészítő eledel kutyák számára. Bővebb információk a következő címen kérhetők: webshop@fressnapf.hu Analitikai összetevők 20% fehérje, 8% zsírtartalom, 1.3% nyershamu, 0,5% nyersrost Összetétel csirkehús (40%), csirkezsír (6%), rizs (7%), glicerin, kukoricakeményítő, szorbit, csirkemáj (1,1%), sörélesztő (0,2%), só Táplálási javaslat étkezések közötti snackként Szükség szerint csökkenteni kell az eledel mennyiségét. Kérjük, mindig álljon rendelkezésre friss ivóvíz hűvös és száraz helyen tárolja Zárja le gondosan a tasakot a termék különleges frissességének megőrzése érdekében a csomagolásban ún. „deoxidálószer” található – ez fogyasztásra nem alkalmas Tovább olvasok"}
{"breadcrumb": "Főoldal/Kutya/Eledelek/Jutalomfalatok&rágcsák/Premiere My Drink kiegészítő eledel csirke 200ml", "product_name": "Premiere My Drink kiegészítő eledel csirke 200mlPremiere My Drink kiegészítő eledel csirke 200ml", "brand": "PremierePimp Your BowlFelnőttszárnyasfeltét", "regular_price": "699", "selling_price": "", "price_per_unit": "1 L=3495 Ft", "product_url": "https://webshop.fressnapf.hu/termekek/premiere-my-drink-kiegeszito-eledel-csirke-200ml/", "product_description": "PREMIERE Dog Drink csirkével. Kiegészítő eledel kutyáknak 3 hónapos kortól. Ízletes ital kutyák számára finom húscsíkokkal. Növelheti a hajlandóságot az iváshoz, és elősegítheti a folyadékbevitelt. Minőség: Az extra adag folyadék érdekében. Kalóriaszegény. Hozzáadott cukor, mesterséges aromaanyagok és színezékek nélkül. Összetétel: csirkehúsleves 93,5%, csirkefilé 5%, édesburgonya-keményítő. Nyomokban egyéb összetevőket is tartalmazhat. Analitikai összetevők: fehérje 2,8%, zsírtartalom 0,4%, nyershamu 0,2%, nyersrost 1,1%. Nedvesség 95%. Etetési javaslat: Csemegeként, a fő eledel kiegészítésére. A fő eledel mennyisége szükség szerint csökkenthető. Nem alkalmas önálló eledelként. Tovább olvasok"}
{"breadcrumb": "Főoldal/Kutya/Eledelek/Jutalomfalatok&rágcsák/Premiere My Drink kiegészítő eledel marha 200ml", "product_name": "Premiere My Drink kiegészítő eledel marha 200mlPremiere My Drink kiegészítő eledel marha 200ml", "brand": "PremierePimp Your BowlFelnőttmarha&borjúfeltét", "regular_price": "699", "selling_price": "", "price_per_unit": "1 L=3495 Ft", "product_url": "https://webshop.fressnapf.hu/termekek/premiere-my-drink-kiegeszito-eledel-marha-200ml/", "product_description": "PREMIERE Dog Drink marhával. Kiegészítő eledel kutyáknak 3 hónapos kortól. Ízletes ital kutyák számára finom húscsíkokkal. Növelheti a hajlandóságot az iváshoz, és elősegítheti a folyadékbevitelt. Minőség: Az extra adag folyadék érdekében. Kalóriaszegény. Hozzáadott cukor, mesterséges aromaanyagok és színezékek nélkül. Összetétel: marhahúsleves 93,5%, marhahús 5%, édesburgonya-keményítő. Nyomokban egyéb összetevőket is tartalmazhat. Analitikai összetevők: fehérje 2,8%, zsírtartalom 0,4%, nyershamu 0,2%, nyersrost 1,1%. Nedvesség 95%. Etetési javaslat: Csemegeként, a fő eledel kiegészítésére. A fő eledel mennyisége szükség szerint csökkenthető. Nem alkalmas önálló eledelként. Tovább olvasok"}
{"breadcrumb": "Főoldal/Kutya/Eledelek/Nedves eledelek/Premiere Petit Gourmet kutya tálka adult csirke&sonka 11x150g", "product_name": "Premiere Petit Gourmet kutya tálka adult csirke&sonka 11x150gPremiere Petit Gourmet kutya tálka adult csirke&sonka 11x150g", "brand": "PremierePetit Gourmet101g – 200gFelnőttvegyespástétomtálkagabonamentes", "regular_price": "8 994", "selling_price": "8 394", "price_per_unit": "499 Ft", "product_url": "https://webshop.fressnapf.hu/termekek/premiere-petit-gourmet-kutya-talka-adult-csirkesonka-11x150g/", "product_description": "Ízletes, csirkében gazdag teljes értékű eledel, zamatos sonkás és zöldborsós töltelékkel. Gabonaféléktől mentes receptúra, hozzáadott cukor, tartósítószerek, ízesítők és színezékek nélkül. Összetétel: 55% hús és állati melléktermékek (többek között 14% csirke, 2% első sonka), zöldség (2% zöldborsó), növényi melléktermékek (többek között 0,4% inulin), ásványi anyagok, élesztők (0,01% béta-glükán). Analitikai összetevők: fehérje 8,7%, zsírtartalom 4,4%, nyershamu 2%, nyersrost 0,7%, nedvesség 82%, kalcium 0,19%, foszfor 0,15%. Adalékanyagok/kg: Tápértékkel rendelkező adalékanyagok: D3-vitamin 130 NE, E-vitamin 85mg, réz (aminosavak réz-kelátja, hidrát) 0,8mg, jód (kalcium-jodát, vízmentes) 0,35mg, mangán (mangán(II)-szulfát, monohidrát) 1,4mg, cink (cink-szulfát, monohidrát) 22mg. Kinyitás után hűtőszekrényben tárolandó. Az eledel etetésnél szobahőmérsékletű legyen. Nyomokban egyéb összetevőket is tartalmazhat. Tovább olvasok"}
{"breadcrumb": "Főoldal/Kutya/Eledelek/Nedves eledelek/Premiere Petit Gourmet kutya tálka adult marha&sonka 11x150g", "product_name": "Premiere Petit Gourmet kutya tálka adult marha&sonka 11x150gPremiere Petit Gourmet kutya tálka adult marha&sonka 11x150g", "brand": "PremierePetit Gourmet101g – 200gFelnőttvegyespástétomtálkagabonamentes", "regular_price": "8 994", "selling_price": "8 394", "price_per_unit": "499 Ft", "product_url": "https://webshop.fressnapf.hu/termekek/premiere-petit-gourmet-kutya-talka-adult-marhasonka-11x150g/", "product_description": "Ízletes, marhában gazdag teljes értékű eledel, zamatos sonkás és tojásos töltelékkel. Gabonaféléktől mentes receptúra, hozzáadott cukor, tartósítószerek, ízesítők és színezékek nélkül. Összetétel: 55% hús és állati melléktermékek (többek között 14% marha, 2% első sonka), tojás és tojásos termékek (2% tojás), növényi melléktermékek (többek között 0,4% inulin), ásványi anyagok, élesztők (0,01% béta-glükán). Analitikai összetevők: fehérje 8,7%, zsírtartalom 4,4%, nyershamu 2%, nyersrost 0,7%, nedvesség 82%, kalcium 0,19%, foszfor 0,15%. Adalékanyagok/kg: Tápértékkel rendelkező adalékanyagok: D3-vitamin 130 NE, E-vitamin 85mg, réz (aminosavak réz-kelátja, hidrát) 0,8mg, jód (kalcium-jodát, vízmentes) 0,35mg, mangán (mangán(II)-szulfát, monohidrát) 1,4mg, cink (cink-szulfát, monohidrát) 22mg. Kinyitás után hűtőszekrényben tárolandó. Az eledel etetésnél szobahőmérsékletű legyen. Nyomokban egyéb összetevőket is tartalmazhat. Tovább olvasok"}
{"breadcrumb": "Főoldal/Kutya/Eledelek/Nedves eledelek/Premiere Petit Paté kutya tálka adult csirke 11x150g", "product_name": "Premiere Petit Paté kutya tálka adult csirke 11x150gPremiere Petit Paté kutya tálka adult csirke 11x150g", "brand": "PremierePetit Pate101g – 200gFelnőttszárnyaspástétomtálkakistestű 10kg-ig", "regular_price": "8 994", "selling_price": "8 394", "price_per_unit": "499 Ft", "product_url": "https://webshop.fressnapf.hu/termekek/premiere-petit-pate-kutya-talka-adult-csirke-150g/", "product_description": "A PREMIERE Petit Pate kifejezetten azon kis kedvenceknek készült, akik valami különlegeset szeretnének. A legfinomabb húsdarabokkal még a legigényesebb ínyenceket is elkényeztetheti. A PREMIERE a kis ínyenceket hozzáadott aromák és cukor nélkül kényezteti a praktikus 150 g-os kínálótálkában. Az előnyök áttekintése: nem tartalmaz mesterséges színezékeket nem tartalmaz mesterséges aromákat nem tartalmaz szóját és hozzáadott cukrot nem tartalmaz aromákat Ideális kis termetű kutyák számára Nem tartalmaz mesterséges színezékeket és tartósítószereket Nem tartalmaz szóját és hozzáadott cukrot Nem tartalmaz aromákat Analitikai összetevők 10% fehérje, 5,5% zsírtartalom, 2% nyershamu, 0,5% nyersrost. Összetétel 60% hús és állati eredetű melléktermékek (14% csirke), zöldségek (sárgarépa 4%),  Ásványi anyagok Adalékanyag/kg Táplálkozásfiziológiai adalékanyagok/kg: Vitaminok: 140 NE D3-vitamin, nyomelemek: 0,3 mg jód (kalcium-jodát, vízmentes), 12 mg cink (cink-szulfát, monohidrát). Táplálási javaslat A kutya súlya Tálka/nap grammban naponta 2 kg 1 150 5 kg 2 300 7 kg 3 450 10 kg 4 600 A megadott adatok irányadó értékek. A tényleges tápanyagigény az életkortól, a fajtától, és az aktivitástól függ. Hűvös és száraz helyen tárolja. Tovább olvasok"}
{"breadcrumb": "Főoldal/Kutya/Eledelek/Nedves eledelek/Premiere Petit Pate kutya tálka adult marha 11x150g", "product_name": "Premiere Petit Pate kutya tálka adult marha 11x150gPremiere Petit Pate kutya tálka adult marha 11x150g", "brand": "Premiere101g – 200gFelnőttmarha&borjúpástétomgabonamentestálkaPetit Pate", "regular_price": "8 994", "selling_price": "8 394", "price_per_unit": "499 Ft", "product_url": "https://webshop.fressnapf.hu/termekek/premiere-petit-pate-kutya-talka-adult-marha-11x150g/", "product_description": "Marhában és Májban gazdag, teljes értékű eledel kifejlett kutyáknak. Hozzáadott mesterséges színezékek és tartósítószerek nélkül. Hozzáadott cukor és szója nélkül. Ideális a kis termetű kutyafajtáknak. Összetétel: 60% hús és állati származékok (14% marha, 4% máj), ásványi anyagok. Analitikai összetevők: fehérje 10%, zsírtartalom 5,5%, nyershamu 2%, nyersrost 0,5%. Nedvesség 81%. Adalékanyagok/kg: tápértékkel rendelkező adalékanyagok: D3-vitamin 140 NE, jód (vízmentes kalcium-jodát) 0,3mg, cink (cink-szulfát, monohidrát) 12mg. Tovább olvasok"}
{"breadcrumb": "Főoldal/Kutya/Eledelek/Nedves eledelek/Premiere Petit Pate kutya tálka adult pulyka 11x150g", "product_name": "Premiere Petit Pate kutya tálka adult pulyka 11x150gPremiere Petit Pate kutya tálka adult pulyka 11x150g", "brand": "Premiere101g – 200gFelnőttszárnyaspástétomgabonamentestálkaPetit Pate", "regular_price": "5 094", "selling_price": "4 794", "price_per_unit": "499 Ft", "product_url": "https://webshop.fressnapf.hu/termekek/premiere-petit-pate-kutya-talka-adult-pulyka-11x150g/", "product_description": "Pulykában és Bárányban gazdag teljes értékű eledel kifejlett kutyáknak. Hozzáadott mesterséges színezékek és tartósítószerek nélkül. Hozzáadott cukor és szója nélkül. Ideális a kis termetű kutyafajtáknak. Összetétel: 60% hús és állati származékok (14% pulyka, 14% bárány), ásványi anyagok. Analitikai összetevők: fehérje 10%, zsírtartalom 5,5%, nyershamu 2%, nyersrost 0,5%. Nedvesség 81%. Adalékanyagok/kg: tápértékkel rendelkező adalékanyagok: D3-vitamin 140 NE, jód (vízmentes kalcium-jodát) 0,3mg, cink (cink-szulfát, monohidrát) 12mg. Tovább olvasok"}
{"breadcrumb": "Főoldal/Kutya/Eledelek/Nedves eledelek/Premiere Petit Pate kutya tálka junior csirke 11x150g", "product_name": "Premiere Petit Pate kutya tálka junior csirke 11x150gPremiere Petit Pate kutya tálka junior csirke 11x150g", "brand": "Premiere101g – 200gKölyökszárnyaspástétomgabonamentestálkaPetit Pate", "regular_price": "8 994", "selling_price": "8 394", "price_per_unit": "499 Ft", "product_url": "https://webshop.fressnapf.hu/termekek/premiere-petit-pate-kutya-talka-junior-csirke-11x150g/", "product_description": "Csirkében és Marhában gazdag, teljes értékű eledel fiatal kutyák számára. Mesterséges színezékek és tartósítószerek nélkül. Összetétel: 60% hús és állati származékok (14% csirke, 14% marha), olajok és zsírok, ásványi anyagok. Analitikai összetevők: fehérje 9%, zsírtartalom 7%, nyershamu 2%, nyersrost 0,5%, nedvesség 80%. Adalékanyagok/kg: tápértékkel rendelkező adalékanyagok: D3-vitamin 140 NE, jód (vízmentes kalcium-jodát) 0,3mg, cink (cink-szulfát, monohidrát) 12mg. Tovább olvasok"}
{"breadcrumb": "Főoldal/Kutya/Eledelek/Nedves eledelek/Premiere Petit Páté kutya tálka MP adult 6x150g", "product_name": "Premiere Petit Páté kutya tálka MP adult 6x150gPremiere Petit Páté kutya tálka MP adult 6x150g", "brand": "PremierePetit PatemultipackFelnőttvegyestálkakistestű 10kg-ig", "regular_price": "8 994", "selling_price": "8 394", "price_per_unit": "1 kg=2888 Ft", "product_url": "https://webshop.fressnapf.hu/termekek/4xpremiere-delicious-kutya-talkas-multipack-terrine-6x150g/", "product_description": "Összetétel: Marha/máj: hús és állati származékok (14% marhából, 4% máj), ásványi anyagok. Pulyka/bárány: hús és állati származékok (14% pulykából, 14% bárányból), ásványi anyagok. Csirke/karotta: hús és állati származékok (14% csirkéből), zöldségek (4% karotta), ásványi anyagok. Analitikai összetevők: fehérje 10%, zsírtartalom 5,5%, nyershamu 2,5%, nyersrost 0,5%, nedvesség 81%. Adalékanyagok/kg: Tápértékkel rendelkező adalékanyagok: D3- vitamin 195 NE, jód (kalcium-jodát, száraz) 0,67mg, szelén (nátrium-szelenit) 0,06mg, cink (cink-szulfát, monohidrát) 47mg. Technológiai adalékanyagok: kassziagumi 3g. Hűvös és száraz helyen tárolandó. Tovább olvasok"}
{"breadcrumb": "Főoldal/Kutya/Eledelek/Nedves eledelek/Premiere Petits Filets kutya tálka adult borjú 11x150g", "product_name": "Premiere Petits Filets kutya tálka adult borjú 11x150gPremiere Petits Filets kutya tálka adult borjú 11x150g", "brand": "PremierePetits Filets101g – 200gFelnőttmarha&borjúszószbantálkakistestű 10kg-ig", "regular_price": "8 994", "selling_price": "8 394", "price_per_unit": "449 Ft", "product_url": "https://webshop.fressnapf.hu/termekek/premiere-petits-filets-kutya-talka-adult-borju-11x150g/", "product_description": "Finom húscsíkok ízletes mártásban. A Petits Filets kifejezetten a kistestű kutyák igényeinek megfelelően készült, és zsenge filécsíkokkal kényezteti őket ízletes mártásban. A PREMIERE a kis ínyencek ízlését kényezteti hozzáadott aromák és cukor nélkül a praktikus 150 g-os tálban. -mesterséges színezékek nélkül -tartósítószerek nélkül -hozzáadott cukor nélkül -aromaanyagok nélkül -ideális kistestű kutyák számára. Összetétel: 40% hús és állati melléktermékek (14% borjúhús, 4% pulyka), növényi melléktermékek, ásványi anyagok. Analitikai összetevők: Fehérje 8,5%, zsírtartalom 4,5%, nyershamu 1,5%, nyersrost 0,4%, nedvesség 82%. Adalékanyagok kg-onként: D3-vitamin 80 NE, E-vitamin 20 mg, jód (kálium-jodid) 0,5 mg, mangán (mangán(II)-szulfát, monohidrát) 1,5 mg, cink (cink-szulfát, monohidrát) 5 mg. Tovább olvasok"}
{"breadcrumb": "Főoldal/Kutya/Eledelek/Nedves eledelek/Premiere Petits Filets kutya tálka adult marha 11x150g", "product_name": "Premiere Petits Filets kutya tálka adult marha 11x150gPremiere Petits Filets kutya tálka adult marha 11x150g", "brand": "PremierePetits Filets101g – 200gFelnőttmarha&borjúszószbantálkakistestű 10kg-ig", "regular_price": "8 994", "selling_price": "8 394", "price_per_unit": "449 Ft", "product_url": "https://webshop.fressnapf.hu/termekek/premiere-petits-filets-kutya-talka-adult-marha-11x150g/", "product_description": "Finom húscsíkok ízletes mártásban. A Petits Filets kifejezetten a kistestű kutyák igényeinek megfelelően készült, és zsenge filécsíkokkal kényezteti őket ízletes mártásban. A PREMIERE a kis ínyencek ízlését kényezteti hozzáadott aromák és cukor nélkül a praktikus 150 g-os tálban. -mesterséges színezékek nélkül -tartósítószerek nélkül -hozzáadott cukor nélkül -aromaanyagok nélkül -ideális kistestű kutyák számára. Összetétel: 32% hús és állati melléktermékek (4% marhahús), zöldségek (4% sárgarépa), pékáruk (4% tészta), növényi melléktermékek, ásványi anyagok, gyógynövények. Analitikai összetevők: Fehérje 8,5%, zsírtartalom 4,5%, nyershamu 1,5%, nyersrost 0,4%, nedvesség 82%. Adalékanyagok kg-onként: Táplálkozási adalékanyagok: D3-vitamin 80 NE, E-vitamin 20 mg, jód (kálium-jodid) 0,5 mg, mangán (mangán(II)-szulfát, monohidrát) 1,5 mg, cink (cink-szulfát, monohidrát) 5 mg. Tovább olvasok"}
{"breadcrumb": "Főoldal/Kutya/Eledelek/Nedves eledelek/Premiere Petits Filets kutya tálka adult szárnyas 11x150g", "product_name": "Premiere Petits Filets kutya tálka adult szárnyas 11x150gPremiere Petits Filets kutya tálka adult szárnyas 11x150g", "brand": "PremierePetits Filets101g – 200gFelnőttszárnyasszószbankistestű 10kg-igtálka", "regular_price": "8 994", "selling_price": "8 394", "price_per_unit": "449 Ft", "product_url": "https://webshop.fressnapf.hu/termekek/premiere-petits-filets-kutya-talka-adult-szarnyas-11x150g/", "product_description": "Teljes értékű eledel kifejlett kutyáknak. Baromfival és Zöldségekkel Hozzáadott mesterséges színezékek és tartósítószerek nélkül. Hozzáadott cukor és szója nélkül. Ideális a kis termetű kutyafajtáknak. Összetétel: 46% hús és állati származékok (8% baromfi), 2% borsó, 2% sárgarépa, ásványi anyagok. Analitikai összetevők: fehérje 8,5%, zsírtartalom 4,5%, nyershamu 2%, nyersrost 0,4%. Nedvesség 83%. Adalékanyagok/kg: tápértékkel rendelkező adalékanyagok: D3-vitamin 140 NE, réz (réz(II)-szulfát-pentahidrát) 0,5mg, jód (vízmentes kalcium-jodát) 0,3mg, mangán (mangán(II)-oxid) 1mg, cink (cink-szulfát, monohidrát) 12mg. Tovább olvasok"}
{"breadcrumb": "Főoldal/Kutya/Eledelek/Nedves eledelek/Premiere Petits Filets kutya tálka MP adult 6x150g", "product_name": "Premiere Petits Filets kutya tálka MP adult 6x150gPremiere Petits Filets kutya tálka MP adult 6x150g", "brand": "PremieremultipackFelnőttvegyesgabonamentestálkaPetits Filets", "regular_price": "8 994", "selling_price": "8 394", "price_per_unit": "1 kg=2666 Ft", "product_url": "https://webshop.fressnapf.hu/termekek/premiere-petits-filets-kutya-talka-mp-adult-6x150g/", "product_description": "Premiere Petits Filets adult Teljes értékű eledel kifejlett kutyák számára. Gabonamentes receptúra. Hozzáadott szója, cukor és mesterséges aromaanyagok nélkül. Ideális kis termetű kutyafajtáknak. Összetétel 3xBaromfival és zöldségekkel: 46% hús és állati melléktermékek (8% baromfi), 2% borsó, 2% sárgarépa, ásványi anyagok. 3xPulykával és marhával46% hús és állati melléktermékek (4% marhahús), 4% sárgarépa, 1% tészta, ásványi anyagok Analitikai összetevők: Fehérje 8,5%, zsírtartalom 4,5%, nyershamu 2%, nyersrost 0,4%. Adalékanyagok kg-onként: Táplálkozási adalékanyagok: D3-vitamin 140 NE, réz (réz(II)-szulfát-pentahidrát) 0,5 mg, jód (kalcium-jodát, vízmentes) 0,3 mg, mangán (mangán(II)-oxid) 1 mg, cink (cink-szulfát, monohidrát) 12 mg. Tovább olvasok"}
{"breadcrumb": "Főoldal/Kutya/Eledelek/Jutalomfalatok&rágcsák/Premiere ProteinBar adult kutya jutalomfalat bárány&áfonya 4x25g", "product_name": "Premiere ProteinBar adult kutya jutalomfalat bárány&áfonya 4x25gPremiere ProteinBar adult kutya jutalomfalat bárány&áfonya 4x25g", "brand": "PremiereSnack BarFelnőttjuh&bárány&kecskerágócsíkok", "regular_price": "1899", "selling_price": "", "price_per_unit": "1 KG=18990 Ft", "product_url": "https://webshop.fressnapf.hu/termekek/premiere-proteinbar-adult-kutya-jutalomfalat-baranyafonya-4x25g/", "product_description": "PREMIERE Fehérje szelet. Bárány áfonya. Egyesével csomagolt jutalomfalatok praktikus szelet formátumban, magas fehérjetartalommal. Ízletes csirkéből, répával kombinálva. Minőség: 69% bárány. 26% fehérje. Egyesével csomagolva – tökéletes útravaló. Hozzáadott cukor, szója és mesterséges színezékek nélkül. Állaga: puha Kiegészítő eledel kifejlett kutyáknak. Összetétel: hús és állati származékok (55% bárány), bárányfehérje (14%), glicerin, burgonyafehérje, áfonya (4%), burgonya. Nyomokban egyéb összetevőket is tartalmazhat. Analitikai összetevők: fehérje 26%, zsírtartalom 17%, nyershamu 10,1%, nyersrost 2,5%. Nedvesség 24%. Adalékanyagok/kg: technológiai adalékanyagok: antioxidánsok, tartósítószerek. Érzékszervi tulajdonságokat javító adalékanyagok: aromaanyagok Tovább olvasok"}
{"breadcrumb": "Főoldal/Kutya/Eledelek/BARF/Premiere Raw Kitchen kutya 5féle növényi olaj 250ml", "product_name": "Premiere Raw Kitchen kutya 5féle növényi olaj 250mlPremiere Raw Kitchen kutya 5féle növényi olaj 250ml", "brand": "PremiereRawFelnőttgyógynövényB.A.R.F. modulrendszer 3. komponensközepes testű 11-25kg", "regular_price": "7 194", "selling_price": "6 594", "price_per_unit": "1 l=17996 Ft", "product_url": "https://webshop.fressnapf.hu/termekek/premiere-raw-kitchen-kutya-5fele-novenyi-olaj-250ml/", "product_description": "B.A.R.F. – „Helyes etetés a szükségleteknek és a fajnak megfelelően.” Ha a lehető legtermészetesebben szeretné etetni a négylábú barátját, a PREMIERE Raw Kitchen az optimális megoldást kínálja Önnek. A koncepció a farkas, a kutya legközelebbi rokonának a táplálkozási viselkedésén alapul. A farkas étrendje szinte az egész állatot tartalmazza, beleértve a csontokat, a bundát, a bőrt, a zsírt, a belsőségeket és az izomhúst. A BARF filozófiája szerint az állati és növényi összetevőket, valamint az olajokat egyedileg válogatják össze, és ha szükséges, táplálékkiegészítőket adnak hozzá. Ha bizonyos összetevők nem kompatibilisek, akkor egyszerűen elhagyják őket – ez tökéletes intoleranciák esetén. Számos kutyának a BARF-átállás után kellemesebb lesz az illata, több energiája lesz, és szebb lesz a bundája. A PREMIERE Raw Kitchen segítségével egyszerűen állíthat össze különböző BARF-menüket egyedi és változatos módon. Az okos, holisztikus rendszer egyszerűen alkalmazkodik az etetési módszerhez. Mindez 5 tökéletesen illeszkedő modulból áll, amelyek mindegyike különböző állati vagy növényi összetevőkből áll, és egymással tetszés szerint kombinálhatók. Ez biztosítja, hogy az állatot a tápérték szempontjából optimálisan lássa el, és ne alakuljon ki hiányállapot. A BARF-ra való áttéréskor fontos, hogy ne terhelje túl az állat emésztőrendszerét, és lassan vezesse át az új tápra. Ezért kezdetben csak kis BARF-adagokat keverjen hozzá az eddigi táplálékhoz, és fokozatosan növelje annak arányát. Nagyon ajánlott ezt a kezdeti szakaszban 2–3 féle húsra korlátozni, a legjobb a marhahús és a baromfi. Az idősebb kutyáknál nagyon lassú átállás javasolt kb. 2 hét alatt. A Premiere Raw Kitchen BARF-rendszer minden modulja (menüösszetevője) sokrétű lehetőségeket kínál egy teljes körű BARF-menü létrehozásához. Egyszerűen válasszon modulonként, készítse elő az etetési javaslatnak megfelelően – és gondoskodjon kedvence optimális ellátásáról. 1.\tmodul – fehérjeforrások A természethez hasonlóan a hús és a belsőségek képezik a fajnak megfelelő étrend alapját. A táplálékban megtalálható fehérjék az izomzat, szervek és kötőszövet építését szolgálják. A kiegyensúlyozott tápanyagellátás érdekében rendszeresen váltogassa a fehérjeforrást. 2.\tmodul – zöldség és gyümölcs A vadon élő húsevők is fogyasztanak zöldségeket és gyümölcsöket – többek között a zsákmányállatok gyomortartalmából. Ez fontos összetevőket biztosít a szervezet különböző funkcióinak támogatásához. 3.\tmodul – olajok és zsírok A növényi olajok a BARF-menü szerves részét képezik, mivel olyan esszenciális zsírsavakat tartalmaznak, amelyeket a szervezet nem képes más tápanyagokból előállítani. 4.\tmodul – vitaminok és ásványi anyagok A vitain- és ásványianyag-keverék az összes szükséges tápanyaggal kiegészíti a BARF-menüt. 5.\tmodul – választható kiegészítők Egészítse ki a BARF táplálkozási programot minőségi, opcionális adalékokkal. A napi adag a testsúly 2-4%-a kutya korának és aktivitásának függvényében. Egy átlagos méretű, 20 kg-os kutya esetében ez 400-800 g-nak felel meg. Az állati és növényi források közötti aránynak 70:30 és 90:10 között kell lennie. A megfelelő arány meghatározásához mindenképpen egyeztessen az állat etetési tanácsadójával vagy állatorvosával. Menü elkészítése: az alábbiakban három menüpéldát talál különböző testsúlyú, keveset mozgó kutyák számára. Marhahús menü – kutya testsúlya: 10 kg –\t433 g marhahús (konzerv) –\t140 g zöldségpüré (konzerv) –\t5 ml kenderolaj –\t5 g vitaminok és ásványi anyagok Kacsahús menü – kutya testsúlya: 20 kg –\t733 g kacsahús (konzerv) –\t243 g zöldségpüré (konzerv) –\t7,5 ml kenderolaj –\t10 g vitaminok és ásványi anyagok Vadhúsmix menü – kutya testsúlya: 30 kg –\t926 g vadhúsmix menü (konzerv) –\t305 g zöldségpüré (konzerv) –\t10 ml kenderolaj –\t13 g vitaminok és ásványi anyagok Tovább olvasok"}
{"breadcrumb": "Főoldal/Kutya/Eledelek/BARF/Premiere Raw Kitchen kutya burgonyapehely zöldségekkel 1,5kg", "product_name": "Premiere Raw Kitchen kutya burgonyapehely zöldségekkel 1,5kgPremiere Raw Kitchen kutya burgonyapehely zöldségekkel 1,5kg", "brand": "PremiereRaw1,1kg – 4kgFelnőttzöldség&gyümölcsB.A.R.F. modulrendszer 2. komponensközepes testű 11-25kg", "regular_price": "7 194", "selling_price": "6 594", "price_per_unit": "1 kg=4666 Ft", "product_url": "https://webshop.fressnapf.hu/termekek/premiere-raw-kitchen-kutya-burgonyapehely-zoldsegekkel-15kg/", "product_description": "B.A.R.F. – „Helyes etetés a szükségleteknek és a fajnak megfelelően.” Ha a lehető legtermészetesebben szeretné etetni a négylábú barátját, a PREMIERE Raw Kitchen az optimális megoldást kínálja Önnek. A koncepció a farkas, a kutya legközelebbi rokonának a táplálkozási viselkedésén alapul. A farkas étrendje szinte az egész állatot tartalmazza, beleértve a csontokat, a bundát, a bőrt, a zsírt, a belsőségeket és az izomhúst. A BARF filozófiája szerint az állati és növényi összetevőket, valamint az olajokat egyedileg válogatják össze, és ha szükséges, táplálékkiegészítőket adnak hozzá. Ha bizonyos összetevők nem kompatibilisek, akkor egyszerűen elhagyják őket – ez tökéletes intoleranciák esetén. Számos kutyának a BARF-átállás után kellemesebb lesz az illata, több energiája lesz, és szebb lesz a bundája. A PREMIERE Raw Kitchen segítségével egyszerűen állíthat össze különböző BARF-menüket egyedi és változatos módon. Az okos, holisztikus rendszer egyszerűen alkalmazkodik az etetési módszerhez. Mindez 5 tökéletesen illeszkedő modulból áll, amelyek mindegyike különböző állati vagy növényi összetevőkből áll, és egymással tetszés szerint kombinálhatók. Ez biztosítja, hogy az állatot a tápérték szempontjából optimálisan lássa el, és ne alakuljon ki hiányállapot. A BARF-ra való áttéréskor fontos, hogy ne terhelje túl az állat emésztőrendszerét, és lassan vezesse át az új tápra. Ezért kezdetben csak kis BARF-adagokat keverjen hozzá az eddigi táplálékhoz, és fokozatosan növelje annak arányát. Nagyon ajánlott ezt a kezdeti szakaszban 2–3 féle húsra korlátozni, a legjobb a marhahús és a baromfi. Az idősebb kutyáknál nagyon lassú átállás javasolt kb. 2 hét alatt. A Premiere Raw Kitchen BARF-rendszer minden modulja (menüösszetevője) sokrétű lehetőségeket kínál egy teljes körű BARF-menü létrehozásához. Egyszerűen válasszon modulonként, készítse elő az etetési javaslatnak megfelelően – és gondoskodjon kedvence optimális ellátásáról. 1.\tmodul – fehérjeforrások A természethez hasonlóan a hús és a belsőségek képezik a fajnak megfelelő étrend alapját. A táplálékban megtalálható fehérjék az izomzat, szervek és kötőszövet építését szolgálják. A kiegyensúlyozott tápanyagellátás érdekében rendszeresen váltogassa a fehérjeforrást. 2.\tmodul – zöldség és gyümölcs A vadon élő húsevők is fogyasztanak zöldségeket és gyümölcsöket – többek között a zsákmányállatok gyomortartalmából. Ez fontos összetevőket biztosít a szervezet különböző funkcióinak támogatásához. 3.\tmodul – olajok és zsírok A növényi olajok a BARF-menü szerves részét képezik, mivel olyan esszenciális zsírsavakat tartalmaznak, amelyeket a szervezet nem képes más tápanyagokból előállítani. 4.\tmodul – vitaminok és ásványi anyagok A vitain- és ásványianyag-keverék az összes szükséges tápanyaggal kiegészíti a BARF-menüt. 5.\tmodul – választható kiegészítők Egészítse ki a BARF táplálkozási programot minőségi, opcionális adalékokkal. A napi adag a testsúly 2-4%-a kutya korának és aktivitásának függvényében. Egy átlagos méretű, 20 kg-os kutya esetében ez 400-800 g-nak felel meg. Az állati és növényi források közötti aránynak 70:30 és 90:10 között kell lennie. A megfelelő arány meghatározásához mindenképpen egyeztessen az állat etetési tanácsadójával vagy állatorvosával. Menü elkészítése: az alábbiakban három menüpéldát talál különböző testsúlyú, keveset mozgó kutyák számára. Marhahús menü – kutya testsúlya: 10 kg –\t433 g marhahús (konzerv) –\t140 g zöldségpüré (konzerv) –\t5 ml kenderolaj –\t5 g vitaminok és ásványi anyagok Kacsahús menü – kutya testsúlya: 20 kg –\t733 g kacsahús (konzerv) –\t243 g zöldségpüré (konzerv) –\t7,5 ml kenderolaj –\t10 g vitaminok és ásványi anyagok Vadhúsmix menü – kutya testsúlya: 30 kg –\t926 g vadhúsmix menü (konzerv) –\t305 g zöldségpüré (konzerv) –\t10 ml kenderolaj –\t13 g vitaminok és ásványi anyagok Tovább olvasok"}
{"breadcrumb": "Főoldal/Kutya/Eledelek/BARF/Premiere Raw Kitchen kutya gyógynövénykeverék 500g", "product_name": "Premiere Raw Kitchen kutya gyógynövénykeverék 500gPremiere Raw Kitchen kutya gyógynövénykeverék 500g", "brand": "PremiereRaw401g – 600gFelnőttgyógynövényB.A.R.F. modulrendszer 5. komponensközepes testű 11-25kg", "regular_price": "5499", "selling_price": "", "price_per_unit": "1 kg=10998 Ft", "product_url": "https://webshop.fressnapf.hu/termekek/premiere-raw-kitchen-kutya-gyogynovenykeverek-500g/", "product_description": "B.A.R.F. – „Helyes etetés a szükségleteknek és a fajnak megfelelően.” Ha a lehető legtermészetesebben szeretné etetni a négylábú barátját, a PREMIERE Raw Kitchen az optimális megoldást kínálja Önnek. A koncepció a farkas, a kutya legközelebbi rokonának a táplálkozási viselkedésén alapul. A farkas étrendje szinte az egész állatot tartalmazza, beleértve a csontokat, a bundát, a bőrt, a zsírt, a belsőségeket és az izomhúst. A BARF filozófiája szerint az állati és növényi összetevőket, valamint az olajokat egyedileg válogatják össze, és ha szükséges, táplálékkiegészítőket adnak hozzá. Ha bizonyos összetevők nem kompatibilisek, akkor egyszerűen elhagyják őket – ez tökéletes intoleranciák esetén. Számos kutyának a BARF-átállás után kellemesebb lesz az illata, több energiája lesz, és szebb lesz a bundája. A PREMIERE Raw Kitchen segítségével egyszerűen állíthat össze különböző BARF-menüket egyedi és változatos módon. Az okos, holisztikus rendszer egyszerűen alkalmazkodik az etetési módszerhez. Mindez 5 tökéletesen illeszkedő modulból áll, amelyek mindegyike különböző állati vagy növényi összetevőkből áll, és egymással tetszés szerint kombinálhatók. Ez biztosítja, hogy az állatot a tápérték szempontjából optimálisan lássa el, és ne alakuljon ki hiányállapot. A BARF-ra való áttéréskor fontos, hogy ne terhelje túl az állat emésztőrendszerét, és lassan vezesse át az új tápra. Ezért kezdetben csak kis BARF-adagokat keverjen hozzá az eddigi táplálékhoz, és fokozatosan növelje annak arányát. Nagyon ajánlott ezt a kezdeti szakaszban 2–3 féle húsra korlátozni, a legjobb a marhahús és a baromfi. Az idősebb kutyáknál nagyon lassú átállás javasolt kb. 2 hét alatt. A Premiere Raw Kitchen BARF-rendszer minden modulja (menüösszetevője) sokrétű lehetőségeket kínál egy teljes körű BARF-menü létrehozásához. Egyszerűen válasszon modulonként, készítse elő az etetési javaslatnak megfelelően – és gondoskodjon kedvence optimális ellátásáról. 1.\tmodul – fehérjeforrások A természethez hasonlóan a hús és a belsőségek képezik a fajnak megfelelő étrend alapját. A táplálékban megtalálható fehérjék az izomzat, szervek és kötőszövet építését szolgálják. A kiegyensúlyozott tápanyagellátás érdekében rendszeresen váltogassa a fehérjeforrást. 2.\tmodul – zöldség és gyümölcs A vadon élő húsevők is fogyasztanak zöldségeket és gyümölcsöket – többek között a zsákmányállatok gyomortartalmából. Ez fontos összetevőket biztosít a szervezet különböző funkcióinak támogatásához. 3.\tmodul – olajok és zsírok A növényi olajok a BARF-menü szerves részét képezik, mivel olyan esszenciális zsírsavakat tartalmaznak, amelyeket a szervezet nem képes más tápanyagokból előállítani. 4.\tmodul – vitaminok és ásványi anyagok A vitain- és ásványianyag-keverék az összes szükséges tápanyaggal kiegészíti a BARF-menüt. 5.\tmodul – választható kiegészítők Egészítse ki a BARF táplálkozási programot minőségi, opcionális adalékokkal. A napi adag a testsúly 2-4%-a kutya korának és aktivitásának függvényében. Egy átlagos méretű, 20 kg-os kutya esetében ez 400-800 g-nak felel meg. Az állati és növényi források közötti aránynak 70:30 és 90:10 között kell lennie. A megfelelő arány meghatározásához mindenképpen egyeztessen az állat etetési tanácsadójával vagy állatorvosával. Menü elkészítése: az alábbiakban három menüpéldát talál különböző testsúlyú, keveset mozgó kutyák számára. Marhahús menü – kutya testsúlya: 10 kg –\t433 g marhahús (konzerv) –\t140 g zöldségpüré (konzerv) –\t5 ml kenderolaj –\t5 g vitaminok és ásványi anyagok Kacsahús menü – kutya testsúlya: 20 kg –\t733 g kacsahús (konzerv) –\t243 g zöldségpüré (konzerv) –\t7,5 ml kenderolaj –\t10 g vitaminok és ásványi anyagok Vadhúsmix menü – kutya testsúlya: 30 kg –\t926 g vadhúsmix menü (konzerv) –\t305 g zöldségpüré (konzerv) –\t10 ml kenderolaj –\t13 g vitaminok és ásványi anyagok Tovább olvasok"}
{"breadcrumb": "Főoldal/Kutya/Eledelek/BARF/Premiere Raw Kitchen kutya gyümölcs- és zöldségpehely 500g", "product_name": "Premiere Raw Kitchen kutya gyümölcs- és zöldségpehely 500gPremiere Raw Kitchen kutya gyümölcs- és zöldségpehely 500g", "brand": "PremiereRaw401g – 600gFelnőttzöldség&gyümölcsB.A.R.F. modulrendszer 2. komponensközepes testű 11-25kg", "regular_price": "7 194", "selling_price": "6 594", "price_per_unit": "1 kg=7998 Ft", "product_url": "https://webshop.fressnapf.hu/termekek/premiere-raw-kitchen-kutya-gyumolcs-es-zoldsegpehely-500g/", "product_description": "B.A.R.F. – „Helyes etetés a szükségleteknek és a fajnak megfelelően.” Ha a lehető legtermészetesebben szeretné etetni a négylábú barátját, a PREMIERE Raw Kitchen az optimális megoldást kínálja Önnek. A koncepció a farkas, a kutya legközelebbi rokonának a táplálkozási viselkedésén alapul. A farkas étrendje szinte az egész állatot tartalmazza, beleértve a csontokat, a bundát, a bőrt, a zsírt, a belsőségeket és az izomhúst. A BARF filozófiája szerint az állati és növényi összetevőket, valamint az olajokat egyedileg válogatják össze, és ha szükséges, táplálékkiegészítőket adnak hozzá. Ha bizonyos összetevők nem kompatibilisek, akkor egyszerűen elhagyják őket – ez tökéletes intoleranciák esetén. Számos kutyának a BARF-átállás után kellemesebb lesz az illata, több energiája lesz, és szebb lesz a bundája. A PREMIERE Raw Kitchen segítségével egyszerűen állíthat össze különböző BARF-menüket egyedi és változatos módon. Az okos, holisztikus rendszer egyszerűen alkalmazkodik az etetési módszerhez. Mindez 5 tökéletesen illeszkedő modulból áll, amelyek mindegyike különböző állati vagy növényi összetevőkből áll, és egymással tetszés szerint kombinálhatók. Ez biztosítja, hogy az állatot a tápérték szempontjából optimálisan lássa el, és ne alakuljon ki hiányállapot. A BARF-ra való áttéréskor fontos, hogy ne terhelje túl az állat emésztőrendszerét, és lassan vezesse át az új tápra. Ezért kezdetben csak kis BARF-adagokat keverjen hozzá az eddigi táplálékhoz, és fokozatosan növelje annak arányát. Nagyon ajánlott ezt a kezdeti szakaszban 2–3 féle húsra korlátozni, a legjobb a marhahús és a baromfi. Az idősebb kutyáknál nagyon lassú átállás javasolt kb. 2 hét alatt. A Premiere Raw Kitchen BARF-rendszer minden modulja (menüösszetevője) sokrétű lehetőségeket kínál egy teljes körű BARF-menü létrehozásához. Egyszerűen válasszon modulonként, készítse elő az etetési javaslatnak megfelelően – és gondoskodjon kedvence optimális ellátásáról. 1.\tmodul – fehérjeforrások A természethez hasonlóan a hús és a belsőségek képezik a fajnak megfelelő étrend alapját. A táplálékban megtalálható fehérjék az izomzat, szervek és kötőszövet építését szolgálják. A kiegyensúlyozott tápanyagellátás érdekében rendszeresen váltogassa a fehérjeforrást. 2.\tmodul – zöldség és gyümölcs A vadon élő húsevők is fogyasztanak zöldségeket és gyümölcsöket – többek között a zsákmányállatok gyomortartalmából. Ez fontos összetevőket biztosít a szervezet különböző funkcióinak támogatásához. 3.\tmodul – olajok és zsírok A növényi olajok a BARF-menü szerves részét képezik, mivel olyan esszenciális zsírsavakat tartalmaznak, amelyeket a szervezet nem képes más tápanyagokból előállítani. 4.\tmodul – vitaminok és ásványi anyagok A vitain- és ásványianyag-keverék az összes szükséges tápanyaggal kiegészíti a BARF-menüt. 5.\tmodul – választható kiegészítők Egészítse ki a BARF táplálkozási programot minőségi, opcionális adalékokkal. A napi adag a testsúly 2-4%-a kutya korának és aktivitásának függvényében. Egy átlagos méretű, 20 kg-os kutya esetében ez 400-800 g-nak felel meg. Az állati és növényi források közötti aránynak 70:30 és 90:10 között kell lennie. A megfelelő arány meghatározásához mindenképpen egyeztessen az állat etetési tanácsadójával vagy állatorvosával. Menü elkészítése: az alábbiakban három menüpéldát talál különböző testsúlyú, keveset mozgó kutyák számára. Marhahús menü – kutya testsúlya: 10 kg –\t433 g marhahús (konzerv) –\t140 g zöldségpüré (konzerv) –\t5 ml kenderolaj –\t5 g vitaminok és ásványi anyagok Kacsahús menü – kutya testsúlya: 20 kg –\t733 g kacsahús (konzerv) –\t243 g zöldségpüré (konzerv) –\t7,5 ml kenderolaj –\t10 g vitaminok és ásványi anyagok Vadhúsmix menü – kutya testsúlya: 30 kg –\t926 g vadhúsmix menü (konzerv) –\t305 g zöldségpüré (konzerv) –\t10 ml kenderolaj –\t13 g vitaminok és ásványi anyagok Tovább olvasok"}
{"breadcrumb": "Főoldal/Kutya/Eledelek/BARF/Premiere Raw Kitchen kutya kenderolaj 500ml", "product_name": "Premiere Raw Kitchen kutya kenderolaj 500mlPremiere Raw Kitchen kutya kenderolaj 500ml", "brand": "PremiereRawFelnőttgyógynövényB.A.R.F. modulrendszer 3. komponensközepes testű 11-25kg", "regular_price": "6799", "selling_price": "", "price_per_unit": "1 l=13598 Ft", "product_url": "https://webshop.fressnapf.hu/termekek/premiere-raw-kitchen-kutya-kenderolaj-500ml/", "product_description": "B.A.R.F. – „Helyes etetés a szükségleteknek és a fajnak megfelelően.” Ha a lehető legtermészetesebben szeretné etetni a négylábú barátját, a PREMIERE Raw Kitchen az optimális megoldást kínálja Önnek. A koncepció a farkas, a kutya legközelebbi rokonának a táplálkozási viselkedésén alapul. A farkas étrendje szinte az egész állatot tartalmazza, beleértve a csontokat, a bundát, a bőrt, a zsírt, a belsőségeket és az izomhúst. A BARF filozófiája szerint az állati és növényi összetevőket, valamint az olajokat egyedileg válogatják össze, és ha szükséges, táplálékkiegészítőket adnak hozzá. Ha bizonyos összetevők nem kompatibilisek, akkor egyszerűen elhagyják őket – ez tökéletes intoleranciák esetén. Számos kutyának a BARF-átállás után kellemesebb lesz az illata, több energiája lesz, és szebb lesz a bundája. A PREMIERE Raw Kitchen segítségével egyszerűen állíthat össze különböző BARF-menüket egyedi és változatos módon. Az okos, holisztikus rendszer egyszerűen alkalmazkodik az etetési módszerhez. Mindez 5 tökéletesen illeszkedő modulból áll, amelyek mindegyike különböző állati vagy növényi összetevőkből áll, és egymással tetszés szerint kombinálhatók. Ez biztosítja, hogy az állatot a tápérték szempontjából optimálisan lássa el, és ne alakuljon ki hiányállapot. A BARF-ra való áttéréskor fontos, hogy ne terhelje túl az állat emésztőrendszerét, és lassan vezesse át az új tápra. Ezért kezdetben csak kis BARF-adagokat keverjen hozzá az eddigi táplálékhoz, és fokozatosan növelje annak arányát. Nagyon ajánlott ezt a kezdeti szakaszban 2–3 féle húsra korlátozni, a legjobb a marhahús és a baromfi. Az idősebb kutyáknál nagyon lassú átállás javasolt kb. 2 hét alatt. A Premiere Raw Kitchen BARF-rendszer minden modulja (menüösszetevője) sokrétű lehetőségeket kínál egy teljes körű BARF-menü létrehozásához. Egyszerűen válasszon modulonként, készítse elő az etetési javaslatnak megfelelően – és gondoskodjon kedvence optimális ellátásáról. 1.\tmodul – fehérjeforrások A természethez hasonlóan a hús és a belsőségek képezik a fajnak megfelelő étrend alapját. A táplálékban megtalálható fehérjék az izomzat, szervek és kötőszövet építését szolgálják. A kiegyensúlyozott tápanyagellátás érdekében rendszeresen váltogassa a fehérjeforrást. 2.\tmodul – zöldség és gyümölcs A vadon élő húsevők is fogyasztanak zöldségeket és gyümölcsöket – többek között a zsákmányállatok gyomortartalmából. Ez fontos összetevőket biztosít a szervezet különböző funkcióinak támogatásához. 3.\tmodul – olajok és zsírok A növényi olajok a BARF-menü szerves részét képezik, mivel olyan esszenciális zsírsavakat tartalmaznak, amelyeket a szervezet nem képes más tápanyagokból előállítani. 4.\tmodul – vitaminok és ásványi anyagok A vitain- és ásványianyag-keverék az összes szükséges tápanyaggal kiegészíti a BARF-menüt. 5.\tmodul – választható kiegészítők Egészítse ki a BARF táplálkozási programot minőségi, opcionális adalékokkal. A napi adag a testsúly 2-4%-a kutya korának és aktivitásának függvényében. Egy átlagos méretű, 20 kg-os kutya esetében ez 400-800 g-nak felel meg. Az állati és növényi források közötti aránynak 70:30 és 90:10 között kell lennie. A megfelelő arány meghatározásához mindenképpen egyeztessen az állat etetési tanácsadójával vagy állatorvosával. Menü elkészítése: az alábbiakban három menüpéldát talál különböző testsúlyú, keveset mozgó kutyák számára. Marhahús menü – kutya testsúlya: 10 kg –\t433 g marhahús (konzerv) –\t140 g zöldségpüré (konzerv) –\t5 ml kenderolaj –\t5 g vitaminok és ásványi anyagok Kacsahús menü – kutya testsúlya: 20 kg –\t733 g kacsahús (konzerv) –\t243 g zöldségpüré (konzerv) –\t7,5 ml kenderolaj –\t10 g vitaminok és ásványi anyagok Vadhúsmix menü – kutya testsúlya: 30 kg –\t926 g vadhúsmix menü (konzerv) –\t305 g zöldségpüré (konzerv) –\t10 ml kenderolaj –\t13 g vitaminok és ásványi anyagok Tovább olvasok"}
{"breadcrumb": "Főoldal/Kutya/Eledelek/BARF/Premiere Raw Kitchen kutya konzerv 100% marha 6x400g", "product_name": "Premiere Raw Kitchen kutya konzerv 100% marha 6x400gPremiere Raw Kitchen kutya konzerv 100% marha 6x400g", "brand": "PremiereRaw201g – 400gFelnőttmarha&borjúkonzervB.A.R.F. modulrendszer 1. komponensközepes testű 11-25kg", "regular_price": "11994", "selling_price": "", "price_per_unit": "1 999 Ft", "product_url": "https://webshop.fressnapf.hu/termekek/premiere-raw-kitchen-kutya-konzerv-100-marha-400g/", "product_description": "B.A.R.F. – „Helyes etetés a szükségleteknek és a fajnak megfelelően.” Ha a lehető legtermészetesebben szeretné etetni a négylábú barátját, a PREMIERE Raw Kitchen az optimális megoldást kínálja Önnek. A koncepció a farkas, a kutya legközelebbi rokonának a táplálkozási viselkedésén alapul. A farkas étrendje szinte az egész állatot tartalmazza, beleértve a csontokat, a bundát, a bőrt, a zsírt, a belsőségeket és az izomhúst. A BARF filozófiája szerint az állati és növényi összetevőket, valamint az olajokat egyedileg válogatják össze, és ha szükséges, táplálékkiegészítőket adnak hozzá. Ha bizonyos összetevők nem kompatibilisek, akkor egyszerűen elhagyják őket – ez tökéletes intoleranciák esetén. Számos kutyának a BARF-átállás után kellemesebb lesz az illata, több energiája lesz, és szebb lesz a bundája. A PREMIERE Raw Kitchen segítségével egyszerűen állíthat össze különböző BARF-menüket egyedi és változatos módon. Az okos, holisztikus rendszer egyszerűen alkalmazkodik az etetési módszerhez. Mindez 5 tökéletesen illeszkedő modulból áll, amelyek mindegyike különböző állati vagy növényi összetevőkből áll, és egymással tetszés szerint kombinálhatók. Ez biztosítja, hogy az állatot a tápérték szempontjából optimálisan lássa el, és ne alakuljon ki hiányállapot. A BARF-ra való áttéréskor fontos, hogy ne terhelje túl az állat emésztőrendszerét, és lassan vezesse át az új tápra. Ezért kezdetben csak kis BARF-adagokat keverjen hozzá az eddigi táplálékhoz, és fokozatosan növelje annak arányát. Nagyon ajánlott ezt a kezdeti szakaszban 2–3 féle húsra korlátozni, a legjobb a marhahús és a baromfi. Az idősebb kutyáknál nagyon lassú átállás javasolt kb. 2 hét alatt. A Premiere Raw Kitchen BARF-rendszer minden modulja (menüösszetevője) sokrétű lehetőségeket kínál egy teljes körű BARF-menü létrehozásához. Egyszerűen válasszon modulonként, készítse elő az etetési javaslatnak megfelelően – és gondoskodjon kedvence optimális ellátásáról. 1.\tmodul – fehérjeforrások A természethez hasonlóan a hús és a belsőségek képezik a fajnak megfelelő étrend alapját. A táplálékban megtalálható fehérjék az izomzat, szervek és kötőszövet építését szolgálják. A kiegyensúlyozott tápanyagellátás érdekében rendszeresen váltogassa a fehérjeforrást. 2.\tmodul – zöldség és gyümölcs A vadon élő húsevők is fogyasztanak zöldségeket és gyümölcsöket – többek között a zsákmányállatok gyomortartalmából. Ez fontos összetevőket biztosít a szervezet különböző funkcióinak támogatásához. 3.\tmodul – olajok és zsírok A növényi olajok a BARF-menü szerves részét képezik, mivel olyan esszenciális zsírsavakat tartalmaznak, amelyeket a szervezet nem képes más tápanyagokból előállítani. 4.\tmodul – vitaminok és ásványi anyagok A vitain- és ásványianyag-keverék az összes szükséges tápanyaggal kiegészíti a BARF-menüt. 5.\tmodul – választható kiegészítők Egészítse ki a BARF táplálkozási programot minőségi, opcionális adalékokkal. A napi adag a testsúly 2-4%-a kutya korának és aktivitásának függvényében. Egy átlagos méretű, 20 kg-os kutya esetében ez 400-800 g-nak felel meg. Az állati és növényi források közötti aránynak 70:30 és 90:10 között kell lennie. A megfelelő arány meghatározásához mindenképpen egyeztessen az állat etetési tanácsadójával vagy állatorvosával. Menü elkészítése: az alábbiakban három menüpéldát talál különböző testsúlyú, keveset mozgó kutyák számára. Marhahús menü – kutya testsúlya: 10 kg –\t433 g marhahús (konzerv) –\t140 g zöldségpüré (konzerv) –\t5 ml kenderolaj –\t5 g vitaminok és ásványi anyagok Kacsahús menü – kutya testsúlya: 20 kg –\t733 g kacsahús (konzerv) –\t243 g zöldségpüré (konzerv) –\t7,5 ml kenderolaj –\t10 g vitaminok és ásványi anyagok Vadhúsmix menü – kutya testsúlya: 30 kg –\t926 g vadhúsmix menü (konzerv) –\t305 g zöldségpüré (konzerv) –\t10 ml kenderolaj –\t13 g vitaminok és ásványi anyagok Tovább olvasok"}
{"breadcrumb": "Főoldal/Kutya/Eledelek/BARF/Premiere Raw Kitchen kutya konzerv cékla&sütőtök 6x200g", "product_name": "Premiere Raw Kitchen kutya konzerv cékla&sütőtök 6x200gPremiere Raw Kitchen kutya konzerv cékla&sütőtök 6x200g", "brand": "PremiereRaw101g – 200gFelnőttzöldség&gyümölcskonzervB.A.R.F. modulrendszer 2. komponensközepes testű 11-25kg", "regular_price": "7 194", "selling_price": "6 594", "price_per_unit": "799 Ft", "product_url": "https://webshop.fressnapf.hu/termekek/premiere-raw-kitchen-kutya-konzerv-ceklasutotok-200g/", "product_description": "B.A.R.F. – „Helyes etetés a szükségleteknek és a fajnak megfelelően.” Ha a lehető legtermészetesebben szeretné etetni a négylábú barátját, a PREMIERE Raw Kitchen az optimális megoldást kínálja Önnek. A koncepció a farkas, a kutya legközelebbi rokonának a táplálkozási viselkedésén alapul. A farkas étrendje szinte az egész állatot tartalmazza, beleértve a csontokat, a bundát, a bőrt, a zsírt, a belsőségeket és az izomhúst. A BARF filozófiája szerint az állati és növényi összetevőket, valamint az olajokat egyedileg válogatják össze, és ha szükséges, táplálékkiegészítőket adnak hozzá. Ha bizonyos összetevők nem kompatibilisek, akkor egyszerűen elhagyják őket – ez tökéletes intoleranciák esetén. Számos kutyának a BARF-átállás után kellemesebb lesz az illata, több energiája lesz, és szebb lesz a bundája. A PREMIERE Raw Kitchen segítségével egyszerűen állíthat össze különböző BARF-menüket egyedi és változatos módon. Az okos, holisztikus rendszer egyszerűen alkalmazkodik az etetési módszerhez. Mindez 5 tökéletesen illeszkedő modulból áll, amelyek mindegyike különböző állati vagy növényi összetevőkből áll, és egymással tetszés szerint kombinálhatók. Ez biztosítja, hogy az állatot a tápérték szempontjából optimálisan lássa el, és ne alakuljon ki hiányállapot. A BARF-ra való áttéréskor fontos, hogy ne terhelje túl az állat emésztőrendszerét, és lassan vezesse át az új tápra. Ezért kezdetben csak kis BARF-adagokat keverjen hozzá az eddigi táplálékhoz, és fokozatosan növelje annak arányát. Nagyon ajánlott ezt a kezdeti szakaszban 2–3 féle húsra korlátozni, a legjobb a marhahús és a baromfi. Az idősebb kutyáknál nagyon lassú átállás javasolt kb. 2 hét alatt. A Premiere Raw Kitchen BARF-rendszer minden modulja (menüösszetevője) sokrétű lehetőségeket kínál egy teljes körű BARF-menü létrehozásához. Egyszerűen válasszon modulonként, készítse elő az etetési javaslatnak megfelelően – és gondoskodjon kedvence optimális ellátásáról. 1.\tmodul – fehérjeforrások A természethez hasonlóan a hús és a belsőségek képezik a fajnak megfelelő étrend alapját. A táplálékban megtalálható fehérjék az izomzat, szervek és kötőszövet építését szolgálják. A kiegyensúlyozott tápanyagellátás érdekében rendszeresen váltogassa a fehérjeforrást. 2.\tmodul – zöldség és gyümölcs A vadon élő húsevők is fogyasztanak zöldségeket és gyümölcsöket – többek között a zsákmányállatok gyomortartalmából. Ez fontos összetevőket biztosít a szervezet különböző funkcióinak támogatásához. 3.\tmodul – olajok és zsírok A növényi olajok a BARF-menü szerves részét képezik, mivel olyan esszenciális zsírsavakat tartalmaznak, amelyeket a szervezet nem képes más tápanyagokból előállítani. 4.\tmodul – vitaminok és ásványi anyagok A vitain- és ásványianyag-keverék az összes szükséges tápanyaggal kiegészíti a BARF-menüt. 5.\tmodul – választható kiegészítők Egészítse ki a BARF táplálkozási programot minőségi, opcionális adalékokkal. A napi adag a testsúly 2-4%-a kutya korának és aktivitásának függvényében. Egy átlagos méretű, 20 kg-os kutya esetében ez 400-800 g-nak felel meg. Az állati és növényi források közötti aránynak 70:30 és 90:10 között kell lennie. A megfelelő arány meghatározásához mindenképpen egyeztessen az állat etetési tanácsadójával vagy állatorvosával. Menü elkészítése: az alábbiakban három menüpéldát talál különböző testsúlyú, keveset mozgó kutyák számára. Marhahús menü – kutya testsúlya: 10 kg –\t433 g marhahús (konzerv) –\t140 g zöldségpüré (konzerv) –\t5 ml kenderolaj –\t5 g vitaminok és ásványi anyagok Kacsahús menü – kutya testsúlya: 20 kg –\t733 g kacsahús (konzerv) –\t243 g zöldségpüré (konzerv) –\t7,5 ml kenderolaj –\t10 g vitaminok és ásványi anyagok Vadhúsmix menü – kutya testsúlya: 30 kg –\t926 g vadhúsmix menü (konzerv) –\t305 g zöldségpüré (konzerv) –\t10 ml kenderolaj –\t13 g vitaminok és ásványi anyagok Tovább olvasok"}
{"breadcrumb": "Főoldal/Kutya/Eledelek/BARF/Premiere Raw Kitchen kutya konzerv csirke 6x400g", "product_name": "Premiere Raw Kitchen kutya konzerv csirke 6x400gPremiere Raw Kitchen kutya konzerv csirke 6x400g", "brand": "PremiereRaw201g – 400gFelnőttszárnyaskonzervB.A.R.F. modulrendszer 1. komponensközepes testű 11-25kg", "regular_price": "7 194", "selling_price": "6 594", "price_per_unit": "1 099 Ft", "product_url": "https://webshop.fressnapf.hu/termekek/premiere-raw-kitchen-kutya-konzerv-csirke-400g/", "product_description": "B.A.R.F. – „Helyes etetés a szükségleteknek és a fajnak megfelelően.” Ha a lehető legtermészetesebben szeretné etetni a négylábú barátját, a PREMIERE Raw Kitchen az optimális megoldást kínálja Önnek. A koncepció a farkas, a kutya legközelebbi rokonának a táplálkozási viselkedésén alapul. A farkas étrendje szinte az egész állatot tartalmazza, beleértve a csontokat, a bundát, a bőrt, a zsírt, a belsőségeket és az izomhúst. A BARF filozófiája szerint az állati és növényi összetevőket, valamint az olajokat egyedileg válogatják össze, és ha szükséges, táplálékkiegészítőket adnak hozzá. Ha bizonyos összetevők nem kompatibilisek, akkor egyszerűen elhagyják őket – ez tökéletes intoleranciák esetén. Számos kutyának a BARF-átállás után kellemesebb lesz az illata, több energiája lesz, és szebb lesz a bundája. A PREMIERE Raw Kitchen segítségével egyszerűen állíthat össze különböző BARF-menüket egyedi és változatos módon. Az okos, holisztikus rendszer egyszerűen alkalmazkodik az etetési módszerhez. Mindez 5 tökéletesen illeszkedő modulból áll, amelyek mindegyike különböző állati vagy növényi összetevőkből áll, és egymással tetszés szerint kombinálhatók. Ez biztosítja, hogy az állatot a tápérték szempontjából optimálisan lássa el, és ne alakuljon ki hiányállapot. A BARF-ra való áttéréskor fontos, hogy ne terhelje túl az állat emésztőrendszerét, és lassan vezesse át az új tápra. Ezért kezdetben csak kis BARF-adagokat keverjen hozzá az eddigi táplálékhoz, és fokozatosan növelje annak arányát. Nagyon ajánlott ezt a kezdeti szakaszban 2–3 féle húsra korlátozni, a legjobb a marhahús és a baromfi. Az idősebb kutyáknál nagyon lassú átállás javasolt kb. 2 hét alatt. A Premiere Raw Kitchen BARF-rendszer minden modulja (menüösszetevője) sokrétű lehetőségeket kínál egy teljes körű BARF-menü létrehozásához. Egyszerűen válasszon modulonként, készítse elő az etetési javaslatnak megfelelően – és gondoskodjon kedvence optimális ellátásáról. 1.\tmodul – fehérjeforrások A természethez hasonlóan a hús és a belsőségek képezik a fajnak megfelelő étrend alapját. A táplálékban megtalálható fehérjék az izomzat, szervek és kötőszövet építését szolgálják. A kiegyensúlyozott tápanyagellátás érdekében rendszeresen váltogassa a fehérjeforrást. 2.\tmodul – zöldség és gyümölcs A vadon élő húsevők is fogyasztanak zöldségeket és gyümölcsöket – többek között a zsákmányállatok gyomortartalmából. Ez fontos összetevőket biztosít a szervezet különböző funkcióinak támogatásához. 3.\tmodul – olajok és zsírok A növényi olajok a BARF-menü szerves részét képezik, mivel olyan esszenciális zsírsavakat tartalmaznak, amelyeket a szervezet nem képes más tápanyagokból előállítani. 4.\tmodul – vitaminok és ásványi anyagok A vitain- és ásványianyag-keverék az összes szükséges tápanyaggal kiegészíti a BARF-menüt. 5.\tmodul – választható kiegészítők Egészítse ki a BARF táplálkozási programot minőségi, opcionális adalékokkal. A napi adag a testsúly 2-4%-a kutya korának és aktivitásának függvényében. Egy átlagos méretű, 20 kg-os kutya esetében ez 400-800 g-nak felel meg. Az állati és növényi források közötti aránynak 70:30 és 90:10 között kell lennie. A megfelelő arány meghatározásához mindenképpen egyeztessen az állat etetési tanácsadójával vagy állatorvosával. Menü elkészítése: az alábbiakban három menüpéldát talál különböző testsúlyú, keveset mozgó kutyák számára. Marhahús menü – kutya testsúlya: 10 kg –\t433 g marhahús (konzerv) –\t140 g zöldségpüré (konzerv) –\t5 ml kenderolaj –\t5 g vitaminok és ásványi anyagok Kacsahús menü – kutya testsúlya: 20 kg –\t733 g kacsahús (konzerv) –\t243 g zöldségpüré (konzerv) –\t7,5 ml kenderolaj –\t10 g vitaminok és ásványi anyagok Vadhúsmix menü – kutya testsúlya: 30 kg –\t926 g vadhúsmix menü (konzerv) –\t305 g zöldségpüré (konzerv) –\t10 ml kenderolaj –\t13 g vitaminok és ásványi anyagok Tovább olvasok"}
{"breadcrumb": "Főoldal/Kutya/Eledelek/BARF/Premiere Raw Kitchen kutya konzerv kacsa 6x400g", "product_name": "Premiere Raw Kitchen kutya konzerv kacsa 6x400gPremiere Raw Kitchen kutya konzerv kacsa 6x400g", "brand": "PremiereRaw201g – 400gFelnőttszárnyaskonzervB.A.R.F. modulrendszer 1. komponensközepes testű 11-25kg", "regular_price": "7 194", "selling_price": "6 594", "price_per_unit": "1 099 Ft", "product_url": "https://webshop.fressnapf.hu/termekek/premiere-raw-kitchen-kutya-konzerv-kacsa-400g/", "product_description": "B.A.R.F. – „Helyes etetés a szükségleteknek és a fajnak megfelelően.” Ha a lehető legtermészetesebben szeretné etetni a négylábú barátját, a PREMIERE Raw Kitchen az optimális megoldást kínálja Önnek. A koncepció a farkas, a kutya legközelebbi rokonának a táplálkozási viselkedésén alapul. A farkas étrendje szinte az egész állatot tartalmazza, beleértve a csontokat, a bundát, a bőrt, a zsírt, a belsőségeket és az izomhúst. A BARF filozófiája szerint az állati és növényi összetevőket, valamint az olajokat egyedileg válogatják össze, és ha szükséges, táplálékkiegészítőket adnak hozzá. Ha bizonyos összetevők nem kompatibilisek, akkor egyszerűen elhagyják őket – ez tökéletes intoleranciák esetén. Számos kutyának a BARF-átállás után kellemesebb lesz az illata, több energiája lesz, és szebb lesz a bundája. A PREMIERE Raw Kitchen segítségével egyszerűen állíthat össze különböző BARF-menüket egyedi és változatos módon. Az okos, holisztikus rendszer egyszerűen alkalmazkodik az etetési módszerhez. Mindez 5 tökéletesen illeszkedő modulból áll, amelyek mindegyike különböző állati vagy növényi összetevőkből áll, és egymással tetszés szerint kombinálhatók. Ez biztosítja, hogy az állatot a tápérték szempontjából optimálisan lássa el, és ne alakuljon ki hiányállapot. A BARF-ra való áttéréskor fontos, hogy ne terhelje túl az állat emésztőrendszerét, és lassan vezesse át az új tápra. Ezért kezdetben csak kis BARF-adagokat keverjen hozzá az eddigi táplálékhoz, és fokozatosan növelje annak arányát. Nagyon ajánlott ezt a kezdeti szakaszban 2–3 féle húsra korlátozni, a legjobb a marhahús és a baromfi. Az idősebb kutyáknál nagyon lassú átállás javasolt kb. 2 hét alatt. A Premiere Raw Kitchen BARF-rendszer minden modulja (menüösszetevője) sokrétű lehetőségeket kínál egy teljes körű BARF-menü létrehozásához. Egyszerűen válasszon modulonként, készítse elő az etetési javaslatnak megfelelően – és gondoskodjon kedvence optimális ellátásáról. 1.\tmodul – fehérjeforrások A természethez hasonlóan a hús és a belsőségek képezik a fajnak megfelelő étrend alapját. A táplálékban megtalálható fehérjék az izomzat, szervek és kötőszövet építését szolgálják. A kiegyensúlyozott tápanyagellátás érdekében rendszeresen váltogassa a fehérjeforrást. 2.\tmodul – zöldség és gyümölcs A vadon élő húsevők is fogyasztanak zöldségeket és gyümölcsöket – többek között a zsákmányállatok gyomortartalmából. Ez fontos összetevőket biztosít a szervezet különböző funkcióinak támogatásához. 3.\tmodul – olajok és zsírok A növényi olajok a BARF-menü szerves részét képezik, mivel olyan esszenciális zsírsavakat tartalmaznak, amelyeket a szervezet nem képes más tápanyagokból előállítani. 4.\tmodul – vitaminok és ásványi anyagok A vitain- és ásványianyag-keverék az összes szükséges tápanyaggal kiegészíti a BARF-menüt. 5.\tmodul – választható kiegészítők Egészítse ki a BARF táplálkozási programot minőségi, opcionális adalékokkal. A napi adag a testsúly 2-4%-a kutya korának és aktivitásának függvényében. Egy átlagos méretű, 20 kg-os kutya esetében ez 400-800 g-nak felel meg. Az állati és növényi források közötti aránynak 70:30 és 90:10 között kell lennie. A megfelelő arány meghatározásához mindenképpen egyeztessen az állat etetési tanácsadójával vagy állatorvosával. Menü elkészítése: az alábbiakban három menüpéldát talál különböző testsúlyú, keveset mozgó kutyák számára. Marhahús menü – kutya testsúlya: 10 kg –\t433 g marhahús (konzerv) –\t140 g zöldségpüré (konzerv) –\t5 ml kenderolaj –\t5 g vitaminok és ásványi anyagok Kacsahús menü – kutya testsúlya: 20 kg –\t733 g kacsahús (konzerv) –\t243 g zöldségpüré (konzerv) –\t7,5 ml kenderolaj –\t10 g vitaminok és ásványi anyagok Vadhúsmix menü – kutya testsúlya: 30 kg –\t926 g vadhúsmix menü (konzerv) –\t305 g zöldségpüré (konzerv) –\t10 ml kenderolaj –\t13 g vitaminok és ásványi anyagok Tovább olvasok"}
{"breadcrumb": "Főoldal/Kutya/Eledelek/BARF/Premiere Raw Kitchen kutya konzerv lóhús 6x400g", "product_name": "Premiere Raw Kitchen kutya konzerv lóhús 6x400gPremiere Raw Kitchen kutya konzerv lóhús 6x400g", "brand": "PremiereRaw201g – 400gFelnőttlókonzervB.A.R.F. modulrendszer 1. komponensközepes testű 11-25kg", "regular_price": "7 194", "selling_price": "6 594", "price_per_unit": "1 999 Ft", "product_url": "https://webshop.fressnapf.hu/termekek/premiere-raw-kitchen-kutya-konzerv-lohus-400g/", "product_description": "B.A.R.F. – „Helyes etetés a szükségleteknek és a fajnak megfelelően.” Ha a lehető legtermészetesebben szeretné etetni a négylábú barátját, a PREMIERE Raw Kitchen az optimális megoldást kínálja Önnek. A koncepció a farkas, a kutya legközelebbi rokonának a táplálkozási viselkedésén alapul. A farkas étrendje szinte az egész állatot tartalmazza, beleértve a csontokat, a bundát, a bőrt, a zsírt, a belsőségeket és az izomhúst. A BARF filozófiája szerint az állati és növényi összetevőket, valamint az olajokat egyedileg válogatják össze, és ha szükséges, táplálékkiegészítőket adnak hozzá. Ha bizonyos összetevők nem kompatibilisek, akkor egyszerűen elhagyják őket – ez tökéletes intoleranciák esetén. Számos kutyának a BARF-átállás után kellemesebb lesz az illata, több energiája lesz, és szebb lesz a bundája. A PREMIERE Raw Kitchen segítségével egyszerűen állíthat össze különböző BARF-menüket egyedi és változatos módon. Az okos, holisztikus rendszer egyszerűen alkalmazkodik az etetési módszerhez. Mindez 5 tökéletesen illeszkedő modulból áll, amelyek mindegyike különböző állati vagy növényi összetevőkből áll, és egymással tetszés szerint kombinálhatók. Ez biztosítja, hogy az állatot a tápérték szempontjából optimálisan lássa el, és ne alakuljon ki hiányállapot. A BARF-ra való áttéréskor fontos, hogy ne terhelje túl az állat emésztőrendszerét, és lassan vezesse át az új tápra. Ezért kezdetben csak kis BARF-adagokat keverjen hozzá az eddigi táplálékhoz, és fokozatosan növelje annak arányát. Nagyon ajánlott ezt a kezdeti szakaszban 2–3 féle húsra korlátozni, a legjobb a marhahús és a baromfi. Az idősebb kutyáknál nagyon lassú átállás javasolt kb. 2 hét alatt. A Premiere Raw Kitchen BARF-rendszer minden modulja (menüösszetevője) sokrétű lehetőségeket kínál egy teljes körű BARF-menü létrehozásához. Egyszerűen válasszon modulonként, készítse elő az etetési javaslatnak megfelelően – és gondoskodjon kedvence optimális ellátásáról. 1.\tmodul – fehérjeforrások A természethez hasonlóan a hús és a belsőségek képezik a fajnak megfelelő étrend alapját. A táplálékban megtalálható fehérjék az izomzat, szervek és kötőszövet építését szolgálják. A kiegyensúlyozott tápanyagellátás érdekében rendszeresen váltogassa a fehérjeforrást. 2.\tmodul – zöldség és gyümölcs A vadon élő húsevők is fogyasztanak zöldségeket és gyümölcsöket – többek között a zsákmányállatok gyomortartalmából. Ez fontos összetevőket biztosít a szervezet különböző funkcióinak támogatásához. 3.\tmodul – olajok és zsírok A növényi olajok a BARF-menü szerves részét képezik, mivel olyan esszenciális zsírsavakat tartalmaznak, amelyeket a szervezet nem képes más tápanyagokból előállítani. 4.\tmodul – vitaminok és ásványi anyagok A vitain- és ásványianyag-keverék az összes szükséges tápanyaggal kiegészíti a BARF-menüt. 5.\tmodul – választható kiegészítők Egészítse ki a BARF táplálkozási programot minőségi, opcionális adalékokkal. A napi adag a testsúly 2-4%-a kutya korának és aktivitásának függvényében. Egy átlagos méretű, 20 kg-os kutya esetében ez 400-800 g-nak felel meg. Az állati és növényi források közötti aránynak 70:30 és 90:10 között kell lennie. A megfelelő arány meghatározásához mindenképpen egyeztessen az állat etetési tanácsadójával vagy állatorvosával. Menü elkészítése: az alábbiakban három menüpéldát talál különböző testsúlyú, keveset mozgó kutyák számára. Marhahús menü – kutya testsúlya: 10 kg –\t433 g marhahús (konzerv) –\t140 g zöldségpüré (konzerv) –\t5 ml kenderolaj –\t5 g vitaminok és ásványi anyagok Kacsahús menü – kutya testsúlya: 20 kg –\t733 g kacsahús (konzerv) –\t243 g zöldségpüré (konzerv) –\t7,5 ml kenderolaj –\t10 g vitaminok és ásványi anyagok Vadhúsmix menü – kutya testsúlya: 30 kg –\t926 g vadhúsmix menü (konzerv) –\t305 g zöldségpüré (konzerv) –\t10 ml kenderolaj –\t13 g vitaminok és ásványi anyagok Tovább olvasok"}
{"breadcrumb": "Főoldal/Kutya/Eledelek/BARF/Premiere Raw Kitchen kutya konzerv marha 6x400g", "product_name": "Premiere Raw Kitchen kutya konzerv marha 6x400gPremiere Raw Kitchen kutya konzerv marha 6x400g", "brand": "PremiereRaw201g – 400gFelnőttmarha&borjúkonzervB.A.R.F. modulrendszer 1. komponensközepes testű 11-25kg", "regular_price": "7 194", "selling_price": "6 594", "price_per_unit": "1 099 Ft", "product_url": "https://webshop.fressnapf.hu/termekek/premiere-raw-kitchen-kutya-konzerv-marha-400g/", "product_description": "B.A.R.F. – „Helyes etetés a szükségleteknek és a fajnak megfelelően.” Ha a lehető legtermészetesebben szeretné etetni a négylábú barátját, a PREMIERE Raw Kitchen az optimális megoldást kínálja Önnek. A koncepció a farkas, a kutya legközelebbi rokonának a táplálkozási viselkedésén alapul. A farkas étrendje szinte az egész állatot tartalmazza, beleértve a csontokat, a bundát, a bőrt, a zsírt, a belsőségeket és az izomhúst. A BARF filozófiája szerint az állati és növényi összetevőket, valamint az olajokat egyedileg válogatják össze, és ha szükséges, táplálékkiegészítőket adnak hozzá. Ha bizonyos összetevők nem kompatibilisek, akkor egyszerűen elhagyják őket – ez tökéletes intoleranciák esetén. Számos kutyának a BARF-átállás után kellemesebb lesz az illata, több energiája lesz, és szebb lesz a bundája. A PREMIERE Raw Kitchen segítségével egyszerűen állíthat össze különböző BARF-menüket egyedi és változatos módon. Az okos, holisztikus rendszer egyszerűen alkalmazkodik az etetési módszerhez. Mindez 5 tökéletesen illeszkedő modulból áll, amelyek mindegyike különböző állati vagy növényi összetevőkből áll, és egymással tetszés szerint kombinálhatók. Ez biztosítja, hogy az állatot a tápérték szempontjából optimálisan lássa el, és ne alakuljon ki hiányállapot. A BARF-ra való áttéréskor fontos, hogy ne terhelje túl az állat emésztőrendszerét, és lassan vezesse át az új tápra. Ezért kezdetben csak kis BARF-adagokat keverjen hozzá az eddigi táplálékhoz, és fokozatosan növelje annak arányát. Nagyon ajánlott ezt a kezdeti szakaszban 2–3 féle húsra korlátozni, a legjobb a marhahús és a baromfi. Az idősebb kutyáknál nagyon lassú átállás javasolt kb. 2 hét alatt. A Premiere Raw Kitchen BARF-rendszer minden modulja (menüösszetevője) sokrétű lehetőségeket kínál egy teljes körű BARF-menü létrehozásához. Egyszerűen válasszon modulonként, készítse elő az etetési javaslatnak megfelelően – és gondoskodjon kedvence optimális ellátásáról. 1.\tmodul – fehérjeforrások A természethez hasonlóan a hús és a belsőségek képezik a fajnak megfelelő étrend alapját. A táplálékban megtalálható fehérjék az izomzat, szervek és kötőszövet építését szolgálják. A kiegyensúlyozott tápanyagellátás érdekében rendszeresen váltogassa a fehérjeforrást. 2.\tmodul – zöldség és gyümölcs A vadon élő húsevők is fogyasztanak zöldségeket és gyümölcsöket – többek között a zsákmányállatok gyomortartalmából. Ez fontos összetevőket biztosít a szervezet különböző funkcióinak támogatásához. 3.\tmodul – olajok és zsírok A növényi olajok a BARF-menü szerves részét képezik, mivel olyan esszenciális zsírsavakat tartalmaznak, amelyeket a szervezet nem képes más tápanyagokból előállítani. 4.\tmodul – vitaminok és ásványi anyagok A vitain- és ásványianyag-keverék az összes szükséges tápanyaggal kiegészíti a BARF-menüt. 5.\tmodul – választható kiegészítők Egészítse ki a BARF táplálkozási programot minőségi, opcionális adalékokkal. A napi adag a testsúly 2-4%-a kutya korának és aktivitásának függvényében. Egy átlagos méretű, 20 kg-os kutya esetében ez 400-800 g-nak felel meg. Az állati és növényi források közötti aránynak 70:30 és 90:10 között kell lennie. A megfelelő arány meghatározásához mindenképpen egyeztessen az állat etetési tanácsadójával vagy állatorvosával. Menü elkészítése: az alábbiakban három menüpéldát talál különböző testsúlyú, keveset mozgó kutyák számára. Marhahús menü – kutya testsúlya: 10 kg –\t433 g marhahús (konzerv) –\t140 g zöldségpüré (konzerv) –\t5 ml kenderolaj –\t5 g vitaminok és ásványi anyagok Kacsahús menü – kutya testsúlya: 20 kg –\t733 g kacsahús (konzerv) –\t243 g zöldségpüré (konzerv) –\t7,5 ml kenderolaj –\t10 g vitaminok és ásványi anyagok Vadhúsmix menü – kutya testsúlya: 30 kg –\t926 g vadhúsmix menü (konzerv) –\t305 g zöldségpüré (konzerv) –\t10 ml kenderolaj –\t13 g vitaminok és ásványi anyagok Tovább olvasok"}
{"breadcrumb": "Főoldal/Kutya/Eledelek/BARF/Premiere Raw Kitchen kutya konzerv spenót&brokkoli 6x200g", "product_name": "Premiere Raw Kitchen kutya konzerv spenót&brokkoli 6x200gPremiere Raw Kitchen kutya konzerv spenót&brokkoli 6x200g", "brand": "PremiereRaw101g – 200gFelnőttzöldség&gyümölcskonzervB.A.R.F. modulrendszer 2. komponensközepes testű 11-25kg", "regular_price": "7 194", "selling_price": "6 594", "price_per_unit": "799 Ft", "product_url": "https://webshop.fressnapf.hu/termekek/premiere-raw-kitchen-kutya-konzerv-spenotbrokkoli-200g/", "product_description": "B.A.R.F. – „Helyes etetés a szükségleteknek és a fajnak megfelelően.” Ha a lehető legtermészetesebben szeretné etetni a négylábú barátját, a PREMIERE Raw Kitchen az optimális megoldást kínálja Önnek. A koncepció a farkas, a kutya legközelebbi rokonának a táplálkozási viselkedésén alapul. A farkas étrendje szinte az egész állatot tartalmazza, beleértve a csontokat, a bundát, a bőrt, a zsírt, a belsőségeket és az izomhúst. A BARF filozófiája szerint az állati és növényi összetevőket, valamint az olajokat egyedileg válogatják össze, és ha szükséges, táplálékkiegészítőket adnak hozzá. Ha bizonyos összetevők nem kompatibilisek, akkor egyszerűen elhagyják őket – ez tökéletes intoleranciák esetén. Számos kutyának a BARF-átállás után kellemesebb lesz az illata, több energiája lesz, és szebb lesz a bundája. A PREMIERE Raw Kitchen segítségével egyszerűen állíthat össze különböző BARF-menüket egyedi és változatos módon. Az okos, holisztikus rendszer egyszerűen alkalmazkodik az etetési módszerhez. Mindez 5 tökéletesen illeszkedő modulból áll, amelyek mindegyike különböző állati vagy növényi összetevőkből áll, és egymással tetszés szerint kombinálhatók. Ez biztosítja, hogy az állatot a tápérték szempontjából optimálisan lássa el, és ne alakuljon ki hiányállapot. A BARF-ra való áttéréskor fontos, hogy ne terhelje túl az állat emésztőrendszerét, és lassan vezesse át az új tápra. Ezért kezdetben csak kis BARF-adagokat keverjen hozzá az eddigi táplálékhoz, és fokozatosan növelje annak arányát. Nagyon ajánlott ezt a kezdeti szakaszban 2–3 féle húsra korlátozni, a legjobb a marhahús és a baromfi. Az idősebb kutyáknál nagyon lassú átállás javasolt kb. 2 hét alatt. A Premiere Raw Kitchen BARF-rendszer minden modulja (menüösszetevője) sokrétű lehetőségeket kínál egy teljes körű BARF-menü létrehozásához. Egyszerűen válasszon modulonként, készítse elő az etetési javaslatnak megfelelően – és gondoskodjon kedvence optimális ellátásáról. 1.\tmodul – fehérjeforrások A természethez hasonlóan a hús és a belsőségek képezik a fajnak megfelelő étrend alapját. A táplálékban megtalálható fehérjék az izomzat, szervek és kötőszövet építését szolgálják. A kiegyensúlyozott tápanyagellátás érdekében rendszeresen váltogassa a fehérjeforrást. 2.\tmodul – zöldség és gyümölcs A vadon élő húsevők is fogyasztanak zöldségeket és gyümölcsöket – többek között a zsákmányállatok gyomortartalmából. Ez fontos összetevőket biztosít a szervezet különböző funkcióinak támogatásához. 3.\tmodul – olajok és zsírok A növényi olajok a BARF-menü szerves részét képezik, mivel olyan esszenciális zsírsavakat tartalmaznak, amelyeket a szervezet nem képes más tápanyagokból előállítani. 4.\tmodul – vitaminok és ásványi anyagok A vitain- és ásványianyag-keverék az összes szükséges tápanyaggal kiegészíti a BARF-menüt. 5.\tmodul – választható kiegészítők Egészítse ki a BARF táplálkozási programot minőségi, opcionális adalékokkal. A napi adag a testsúly 2-4%-a kutya korának és aktivitásának függvényében. Egy átlagos méretű, 20 kg-os kutya esetében ez 400-800 g-nak felel meg. Az állati és növényi források közötti aránynak 70:30 és 90:10 között kell lennie. A megfelelő arány meghatározásához mindenképpen egyeztessen az állat etetési tanácsadójával vagy állatorvosával. Menü elkészítése: az alábbiakban három menüpéldát talál különböző testsúlyú, keveset mozgó kutyák számára. Marhahús menü – kutya testsúlya: 10 kg –\t433 g marhahús (konzerv) –\t140 g zöldségpüré (konzerv) –\t5 ml kenderolaj –\t5 g vitaminok és ásványi anyagok Kacsahús menü – kutya testsúlya: 20 kg –\t733 g kacsahús (konzerv) –\t243 g zöldségpüré (konzerv) –\t7,5 ml kenderolaj –\t10 g vitaminok és ásványi anyagok Vadhúsmix menü – kutya testsúlya: 30 kg –\t926 g vadhúsmix menü (konzerv) –\t305 g zöldségpüré (konzerv) –\t10 ml kenderolaj –\t13 g vitaminok és ásványi anyagok Tovább olvasok"}
{"breadcrumb": "Főoldal/Kutya/Eledelek/BARF/Premiere Raw Kitchen kutya konzerv vadhús mix 6x400g", "product_name": "Premiere Raw Kitchen kutya konzerv vadhús mix 6x400gPremiere Raw Kitchen kutya konzerv vadhús mix 6x400g", "brand": "PremiereRaw201g – 400gFelnőttvadkonzervB.A.R.F. modulrendszer 1. komponensközepes testű 11-25kg", "regular_price": "7 194", "selling_price": "6 594", "price_per_unit": "1 099 Ft", "product_url": "https://webshop.fressnapf.hu/termekek/premiere-raw-kitchen-kutya-konzerv-vadhus-mix-6x400g/", "product_description": "B.A.R.F. – „Helyes etetés a szükségleteknek és a fajnak megfelelően.” Ha a lehető legtermészetesebben szeretné etetni a négylábú barátját, a PREMIERE Raw Kitchen az optimális megoldást kínálja Önnek. A koncepció a farkas, a kutya legközelebbi rokonának a táplálkozási viselkedésén alapul. A farkas étrendje szinte az egész állatot tartalmazza, beleértve a csontokat, a bundát, a bőrt, a zsírt, a belsőségeket és az izomhúst. A BARF filozófiája szerint az állati és növényi összetevőket, valamint az olajokat egyedileg válogatják össze, és ha szükséges, táplálékkiegészítőket adnak hozzá. Ha bizonyos összetevők nem kompatibilisek, akkor egyszerűen elhagyják őket – ez tökéletes intoleranciák esetén. Számos kutyának a BARF-átállás után kellemesebb lesz az illata, több energiája lesz, és szebb lesz a bundája. A PREMIERE Raw Kitchen segítségével egyszerűen állíthat össze különböző BARF-menüket egyedi és változatos módon. Az okos, holisztikus rendszer egyszerűen alkalmazkodik az etetési módszerhez. Mindez 5 tökéletesen illeszkedő modulból áll, amelyek mindegyike különböző állati vagy növényi összetevőkből áll, és egymással tetszés szerint kombinálhatók. Ez biztosítja, hogy az állatot a tápérték szempontjából optimálisan lássa el, és ne alakuljon ki hiányállapot. A BARF-ra való áttéréskor fontos, hogy ne terhelje túl az állat emésztőrendszerét, és lassan vezesse át az új tápra. Ezért kezdetben csak kis BARF-adagokat keverjen hozzá az eddigi táplálékhoz, és fokozatosan növelje annak arányát. Nagyon ajánlott ezt a kezdeti szakaszban 2–3 féle húsra korlátozni, a legjobb a marhahús és a baromfi. Az idősebb kutyáknál nagyon lassú átállás javasolt kb. 2 hét alatt. A Premiere Raw Kitchen BARF-rendszer minden modulja (menüösszetevője) sokrétű lehetőségeket kínál egy teljes körű BARF-menü létrehozásához. Egyszerűen válasszon modulonként, készítse elő az etetési javaslatnak megfelelően – és gondoskodjon kedvence optimális ellátásáról. 1.\tmodul – fehérjeforrások A természethez hasonlóan a hús és a belsőségek képezik a fajnak megfelelő étrend alapját. A táplálékban megtalálható fehérjék az izomzat, szervek és kötőszövet építését szolgálják. A kiegyensúlyozott tápanyagellátás érdekében rendszeresen váltogassa a fehérjeforrást. 2.\tmodul – zöldség és gyümölcs A vadon élő húsevők is fogyasztanak zöldségeket és gyümölcsöket – többek között a zsákmányállatok gyomortartalmából. Ez fontos összetevőket biztosít a szervezet különböző funkcióinak támogatásához. 3.\tmodul – olajok és zsírok A növényi olajok a BARF-menü szerves részét képezik, mivel olyan esszenciális zsírsavakat tartalmaznak, amelyeket a szervezet nem képes más tápanyagokból előállítani. 4.\tmodul – vitaminok és ásványi anyagok A vitain- és ásványianyag-keverék az összes szükséges tápanyaggal kiegészíti a BARF-menüt. 5.\tmodul – választható kiegészítők Egészítse ki a BARF táplálkozási programot minőségi, opcionális adalékokkal. A napi adag a testsúly 2-4%-a kutya korának és aktivitásának függvényében. Egy átlagos méretű, 20 kg-os kutya esetében ez 400-800 g-nak felel meg. Az állati és növényi források közötti aránynak 70:30 és 90:10 között kell lennie. A megfelelő arány meghatározásához mindenképpen egyeztessen az állat etetési tanácsadójával vagy állatorvosával. Menü elkészítése: az alábbiakban három menüpéldát talál különböző testsúlyú, keveset mozgó kutyák számára. Marhahús menü – kutya testsúlya: 10 kg –\t433 g marhahús (konzerv) –\t140 g zöldségpüré (konzerv) –\t5 ml kenderolaj –\t5 g vitaminok és ásványi anyagok Kacsahús menü – kutya testsúlya: 20 kg –\t733 g kacsahús (konzerv) –\t243 g zöldségpüré (konzerv) –\t7,5 ml kenderolaj –\t10 g vitaminok és ásványi anyagok Vadhúsmix menü – kutya testsúlya: 30 kg –\t926 g vadhúsmix menü (konzerv) –\t305 g zöldségpüré (konzerv) –\t10 ml kenderolaj –\t13 g vitaminok és ásványi anyagok Tovább olvasok"}
{"breadcrumb": "Főoldal/Kutya/Eledelek/BARF/Premiere Raw Kitchen kutya rizspehely zöldségekkel 1,5kg", "product_name": "Premiere Raw Kitchen kutya rizspehely zöldségekkel 1,5kgPremiere Raw Kitchen kutya rizspehely zöldségekkel 1,5kg", "brand": "PremiereRaw1,1kg – 4kgFelnőttzöldség&gyümölcsB.A.R.F. modulrendszer 2. komponensközepes testű 11-25kg", "regular_price": "7 194", "selling_price": "6 594", "price_per_unit": "1 kg=2933 Ft", "product_url": "https://webshop.fressnapf.hu/termekek/premiere-raw-kitchen-kutya-rizspehely-zoldsegekkel-15kg/", "product_description": "B.A.R.F. – „Helyes etetés a szükségleteknek és a fajnak megfelelően.” Ha a lehető legtermészetesebben szeretné etetni a négylábú barátját, a PREMIERE Raw Kitchen az optimális megoldást kínálja Önnek. A koncepció a farkas, a kutya legközelebbi rokonának a táplálkozási viselkedésén alapul. A farkas étrendje szinte az egész állatot tartalmazza, beleértve a csontokat, a bundát, a bőrt, a zsírt, a belsőségeket és az izomhúst. A BARF filozófiája szerint az állati és növényi összetevőket, valamint az olajokat egyedileg válogatják össze, és ha szükséges, táplálékkiegészítőket adnak hozzá. Ha bizonyos összetevők nem kompatibilisek, akkor egyszerűen elhagyják őket – ez tökéletes intoleranciák esetén. Számos kutyának a BARF-átállás után kellemesebb lesz az illata, több energiája lesz, és szebb lesz a bundája. A PREMIERE Raw Kitchen segítségével egyszerűen állíthat össze különböző BARF-menüket egyedi és változatos módon. Az okos, holisztikus rendszer egyszerűen alkalmazkodik az etetési módszerhez. Mindez 5 tökéletesen illeszkedő modulból áll, amelyek mindegyike különböző állati vagy növényi összetevőkből áll, és egymással tetszés szerint kombinálhatók. Ez biztosítja, hogy az állatot a tápérték szempontjából optimálisan lássa el, és ne alakuljon ki hiányállapot. A BARF-ra való áttéréskor fontos, hogy ne terhelje túl az állat emésztőrendszerét, és lassan vezesse át az új tápra. Ezért kezdetben csak kis BARF-adagokat keverjen hozzá az eddigi táplálékhoz, és fokozatosan növelje annak arányát. Nagyon ajánlott ezt a kezdeti szakaszban 2–3 féle húsra korlátozni, a legjobb a marhahús és a baromfi. Az idősebb kutyáknál nagyon lassú átállás javasolt kb. 2 hét alatt. A Premiere Raw Kitchen BARF-rendszer minden modulja (menüösszetevője) sokrétű lehetőségeket kínál egy teljes körű BARF-menü létrehozásához. Egyszerűen válasszon modulonként, készítse elő az etetési javaslatnak megfelelően – és gondoskodjon kedvence optimális ellátásáról. 1.\tmodul – fehérjeforrások A természethez hasonlóan a hús és a belsőségek képezik a fajnak megfelelő étrend alapját. A táplálékban megtalálható fehérjék az izomzat, szervek és kötőszövet építését szolgálják. A kiegyensúlyozott tápanyagellátás érdekében rendszeresen váltogassa a fehérjeforrást. 2.\tmodul – zöldség és gyümölcs A vadon élő húsevők is fogyasztanak zöldségeket és gyümölcsöket – többek között a zsákmányállatok gyomortartalmából. Ez fontos összetevőket biztosít a szervezet különböző funkcióinak támogatásához. 3.\tmodul – olajok és zsírok A növényi olajok a BARF-menü szerves részét képezik, mivel olyan esszenciális zsírsavakat tartalmaznak, amelyeket a szervezet nem képes más tápanyagokból előállítani. 4.\tmodul – vitaminok és ásványi anyagok A vitain- és ásványianyag-keverék az összes szükséges tápanyaggal kiegészíti a BARF-menüt. 5.\tmodul – választható kiegészítők Egészítse ki a BARF táplálkozási programot minőségi, opcionális adalékokkal. A napi adag a testsúly 2-4%-a kutya korának és aktivitásának függvényében. Egy átlagos méretű, 20 kg-os kutya esetében ez 400-800 g-nak felel meg. Az állati és növényi források közötti aránynak 70:30 és 90:10 között kell lennie. A megfelelő arány meghatározásához mindenképpen egyeztessen az állat etetési tanácsadójával vagy állatorvosával. Menü elkészítése: az alábbiakban három menüpéldát talál különböző testsúlyú, keveset mozgó kutyák számára. Marhahús menü – kutya testsúlya: 10 kg –\t433 g marhahús (konzerv) –\t140 g zöldségpüré (konzerv) –\t5 ml kenderolaj –\t5 g vitaminok és ásványi anyagok Kacsahús menü – kutya testsúlya: 20 kg –\t733 g kacsahús (konzerv) –\t243 g zöldségpüré (konzerv) –\t7,5 ml kenderolaj –\t10 g vitaminok és ásványi anyagok Vadhúsmix menü – kutya testsúlya: 30 kg –\t926 g vadhúsmix menü (konzerv) –\t305 g zöldségpüré (konzerv) –\t10 ml kenderolaj –\t13 g vitaminok és ásványi anyagok Tovább olvasok"}
{"breadcrumb": "Főoldal/Kutya/Eledelek/BARF/Premiere Raw Kitchen kutya tasak csirkeszív 8x150g", "product_name": "Premiere Raw Kitchen kutya tasak csirkeszív 8x150gPremiere Raw Kitchen kutya tasak csirkeszív 8x150g", "brand": "PremiereRaw101g – 200gFelnőttszárnyastasakB.A.R.F. modulrendszer 5. komponensközepes testű 11-25kg", "regular_price": "7 194", "selling_price": "6 594", "price_per_unit": "999 Ft", "product_url": "https://webshop.fressnapf.hu/termekek/premiere-raw-kitchen-kutya-tasak-csirkesziv-150g/", "product_description": "B.A.R.F. – „Helyes etetés a szükségleteknek és a fajnak megfelelően.” Ha a lehető legtermészetesebben szeretné etetni a négylábú barátját, a PREMIERE Raw Kitchen az optimális megoldást kínálja Önnek. A koncepció a farkas, a kutya legközelebbi rokonának a táplálkozási viselkedésén alapul. A farkas étrendje szinte az egész állatot tartalmazza, beleértve a csontokat, a bundát, a bőrt, a zsírt, a belsőségeket és az izomhúst. A BARF filozófiája szerint az állati és növényi összetevőket, valamint az olajokat egyedileg válogatják össze, és ha szükséges, táplálékkiegészítőket adnak hozzá. Ha bizonyos összetevők nem kompatibilisek, akkor egyszerűen elhagyják őket – ez tökéletes intoleranciák esetén. Számos kutyának a BARF-átállás után kellemesebb lesz az illata, több energiája lesz, és szebb lesz a bundája. A PREMIERE Raw Kitchen segítségével egyszerűen állíthat össze különböző BARF-menüket egyedi és változatos módon. Az okos, holisztikus rendszer egyszerűen alkalmazkodik az etetési módszerhez. Mindez 5 tökéletesen illeszkedő modulból áll, amelyek mindegyike különböző állati vagy növényi összetevőkből áll, és egymással tetszés szerint kombinálhatók. Ez biztosítja, hogy az állatot a tápérték szempontjából optimálisan lássa el, és ne alakuljon ki hiányállapot. A BARF-ra való áttéréskor fontos, hogy ne terhelje túl az állat emésztőrendszerét, és lassan vezesse át az új tápra. Ezért kezdetben csak kis BARF-adagokat keverjen hozzá az eddigi táplálékhoz, és fokozatosan növelje annak arányát. Nagyon ajánlott ezt a kezdeti szakaszban 2–3 féle húsra korlátozni, a legjobb a marhahús és a baromfi. Az idősebb kutyáknál nagyon lassú átállás javasolt kb. 2 hét alatt. A Premiere Raw Kitchen BARF-rendszer minden modulja (menüösszetevője) sokrétű lehetőségeket kínál egy teljes körű BARF-menü létrehozásához. Egyszerűen válasszon modulonként, készítse elő az etetési javaslatnak megfelelően – és gondoskodjon kedvence optimális ellátásáról. 1.\tmodul – fehérjeforrások A természethez hasonlóan a hús és a belsőségek képezik a fajnak megfelelő étrend alapját. A táplálékban megtalálható fehérjék az izomzat, szervek és kötőszövet építését szolgálják. A kiegyensúlyozott tápanyagellátás érdekében rendszeresen váltogassa a fehérjeforrást. 2.\tmodul – zöldség és gyümölcs A vadon élő húsevők is fogyasztanak zöldségeket és gyümölcsöket – többek között a zsákmányállatok gyomortartalmából. Ez fontos összetevőket biztosít a szervezet különböző funkcióinak támogatásához. 3.\tmodul – olajok és zsírok A növényi olajok a BARF-menü szerves részét képezik, mivel olyan esszenciális zsírsavakat tartalmaznak, amelyeket a szervezet nem képes más tápanyagokból előállítani. 4.\tmodul – vitaminok és ásványi anyagok A vitain- és ásványianyag-keverék az összes szükséges tápanyaggal kiegészíti a BARF-menüt. 5.\tmodul – választható kiegészítők Egészítse ki a BARF táplálkozási programot minőségi, opcionális adalékokkal. A napi adag a testsúly 2-4%-a kutya korának és aktivitásának függvényében. Egy átlagos méretű, 20 kg-os kutya esetében ez 400-800 g-nak felel meg. Az állati és növényi források közötti aránynak 70:30 és 90:10 között kell lennie. A megfelelő arány meghatározásához mindenképpen egyeztessen az állat etetési tanácsadójával vagy állatorvosával. Menü elkészítése: az alábbiakban három menüpéldát talál különböző testsúlyú, keveset mozgó kutyák számára. Marhahús menü – kutya testsúlya: 10 kg –\t433 g marhahús (konzerv) –\t140 g zöldségpüré (konzerv) –\t5 ml kenderolaj –\t5 g vitaminok és ásványi anyagok Kacsahús menü – kutya testsúlya: 20 kg –\t733 g kacsahús (konzerv) –\t243 g zöldségpüré (konzerv) –\t7,5 ml kenderolaj –\t10 g vitaminok és ásványi anyagok Vadhúsmix menü – kutya testsúlya: 30 kg –\t926 g vadhúsmix menü (konzerv) –\t305 g zöldségpüré (konzerv) –\t10 ml kenderolaj –\t13 g vitaminok és ásványi anyagok Tovább olvasok"}
{"breadcrumb": "Főoldal/Kutya/Eledelek/BARF/Premiere Raw Kitchen kutya tasak marhaszív 8x150g", "product_name": "Premiere Raw Kitchen kutya tasak marhaszív 8x150gPremiere Raw Kitchen kutya tasak marhaszív 8x150g", "brand": "PremiereRaw101g – 200gFelnőttmarha&borjútasakB.A.R.F. modulrendszer 5. komponensközepes testű 11-25kg", "regular_price": "7992", "selling_price": "", "price_per_unit": "999 Ft", "product_url": "https://webshop.fressnapf.hu/termekek/premiere-raw-kitchen-kutya-tasak-marhasziv-150g/", "product_description": "B.A.R.F. – „Helyes etetés a szükségleteknek és a fajnak megfelelően.” Ha a lehető legtermészetesebben szeretné etetni a négylábú barátját, a PREMIERE Raw Kitchen az optimális megoldást kínálja Önnek. A koncepció a farkas, a kutya legközelebbi rokonának a táplálkozási viselkedésén alapul. A farkas étrendje szinte az egész állatot tartalmazza, beleértve a csontokat, a bundát, a bőrt, a zsírt, a belsőségeket és az izomhúst. A BARF filozófiája szerint az állati és növényi összetevőket, valamint az olajokat egyedileg válogatják össze, és ha szükséges, táplálékkiegészítőket adnak hozzá. Ha bizonyos összetevők nem kompatibilisek, akkor egyszerűen elhagyják őket – ez tökéletes intoleranciák esetén. Számos kutyának a BARF-átállás után kellemesebb lesz az illata, több energiája lesz, és szebb lesz a bundája. A PREMIERE Raw Kitchen segítségével egyszerűen állíthat össze különböző BARF-menüket egyedi és változatos módon. Az okos, holisztikus rendszer egyszerűen alkalmazkodik az etetési módszerhez. Mindez 5 tökéletesen illeszkedő modulból áll, amelyek mindegyike különböző állati vagy növényi összetevőkből áll, és egymással tetszés szerint kombinálhatók. Ez biztosítja, hogy az állatot a tápérték szempontjából optimálisan lássa el, és ne alakuljon ki hiányállapot. A BARF-ra való áttéréskor fontos, hogy ne terhelje túl az állat emésztőrendszerét, és lassan vezesse át az új tápra. Ezért kezdetben csak kis BARF-adagokat keverjen hozzá az eddigi táplálékhoz, és fokozatosan növelje annak arányát. Nagyon ajánlott ezt a kezdeti szakaszban 2–3 féle húsra korlátozni, a legjobb a marhahús és a baromfi. Az idősebb kutyáknál nagyon lassú átállás javasolt kb. 2 hét alatt. A Premiere Raw Kitchen BARF-rendszer minden modulja (menüösszetevője) sokrétű lehetőségeket kínál egy teljes körű BARF-menü létrehozásához. Egyszerűen válasszon modulonként, készítse elő az etetési javaslatnak megfelelően – és gondoskodjon kedvence optimális ellátásáról. 1.\tmodul – fehérjeforrások A természethez hasonlóan a hús és a belsőségek képezik a fajnak megfelelő étrend alapját. A táplálékban megtalálható fehérjék az izomzat, szervek és kötőszövet építését szolgálják. A kiegyensúlyozott tápanyagellátás érdekében rendszeresen váltogassa a fehérjeforrást. 2.\tmodul – zöldség és gyümölcs A vadon élő húsevők is fogyasztanak zöldségeket és gyümölcsöket – többek között a zsákmányállatok gyomortartalmából. Ez fontos összetevőket biztosít a szervezet különböző funkcióinak támogatásához. 3.\tmodul – olajok és zsírok A növényi olajok a BARF-menü szerves részét képezik, mivel olyan esszenciális zsírsavakat tartalmaznak, amelyeket a szervezet nem képes más tápanyagokból előállítani. 4.\tmodul – vitaminok és ásványi anyagok A vitain- és ásványianyag-keverék az összes szükséges tápanyaggal kiegészíti a BARF-menüt. 5.\tmodul – választható kiegészítők Egészítse ki a BARF táplálkozási programot minőségi, opcionális adalékokkal. A napi adag a testsúly 2-4%-a kutya korának és aktivitásának függvényében. Egy átlagos méretű, 20 kg-os kutya esetében ez 400-800 g-nak felel meg. Az állati és növényi források közötti aránynak 70:30 és 90:10 között kell lennie. A megfelelő arány meghatározásához mindenképpen egyeztessen az állat etetési tanácsadójával vagy állatorvosával. Menü elkészítése: az alábbiakban három menüpéldát talál különböző testsúlyú, keveset mozgó kutyák számára. Marhahús menü – kutya testsúlya: 10 kg –\t433 g marhahús (konzerv) –\t140 g zöldségpüré (konzerv) –\t5 ml kenderolaj –\t5 g vitaminok és ásványi anyagok Kacsahús menü – kutya testsúlya: 20 kg –\t733 g kacsahús (konzerv) –\t243 g zöldségpüré (konzerv) –\t7,5 ml kenderolaj –\t10 g vitaminok és ásványi anyagok Vadhúsmix menü – kutya testsúlya: 30 kg –\t926 g vadhúsmix menü (konzerv) –\t305 g zöldségpüré (konzerv) –\t10 ml kenderolaj –\t13 g vitaminok és ásványi anyagok Tovább olvasok"}
{"breadcrumb": "Főoldal/Kutya/Eledelek/BARF/Premiere Raw Kitchen kutya tőkehalmájolaj 250ml", "product_name": "Premiere Raw Kitchen kutya tőkehalmájolaj 250mlPremiere Raw Kitchen kutya tőkehalmájolaj 250ml", "brand": "PremiereRawFelnőtthal&tenger gyümölcseiB.A.R.F. modulrendszer 5. komponensközepes testű 11-25kg", "regular_price": "3799", "selling_price": "", "price_per_unit": "1 l=15196 Ft", "product_url": "https://webshop.fressnapf.hu/termekek/premiere-raw-kitchen-kutya-tokehalmajolaj-250ml/", "product_description": "B.A.R.F. – „Helyes etetés a szükségleteknek és a fajnak megfelelően.” Ha a lehető legtermészetesebben szeretné etetni a négylábú barátját, a PREMIERE Raw Kitchen az optimális megoldást kínálja Önnek. A koncepció a farkas, a kutya legközelebbi rokonának a táplálkozási viselkedésén alapul. A farkas étrendje szinte az egész állatot tartalmazza, beleértve a csontokat, a bundát, a bőrt, a zsírt, a belsőségeket és az izomhúst. A BARF filozófiája szerint az állati és növényi összetevőket, valamint az olajokat egyedileg válogatják össze, és ha szükséges, táplálékkiegészítőket adnak hozzá. Ha bizonyos összetevők nem kompatibilisek, akkor egyszerűen elhagyják őket – ez tökéletes intoleranciák esetén. Számos kutyának a BARF-átállás után kellemesebb lesz az illata, több energiája lesz, és szebb lesz a bundája. A PREMIERE Raw Kitchen segítségével egyszerűen állíthat össze különböző BARF-menüket egyedi és változatos módon. Az okos, holisztikus rendszer egyszerűen alkalmazkodik az etetési módszerhez. Mindez 5 tökéletesen illeszkedő modulból áll, amelyek mindegyike különböző állati vagy növényi összetevőkből áll, és egymással tetszés szerint kombinálhatók. Ez biztosítja, hogy az állatot a tápérték szempontjából optimálisan lássa el, és ne alakuljon ki hiányállapot. A BARF-ra való áttéréskor fontos, hogy ne terhelje túl az állat emésztőrendszerét, és lassan vezesse át az új tápra. Ezért kezdetben csak kis BARF-adagokat keverjen hozzá az eddigi táplálékhoz, és fokozatosan növelje annak arányát. Nagyon ajánlott ezt a kezdeti szakaszban 2–3 féle húsra korlátozni, a legjobb a marhahús és a baromfi. Az idősebb kutyáknál nagyon lassú átállás javasolt kb. 2 hét alatt. A Premiere Raw Kitchen BARF-rendszer minden modulja (menüösszetevője) sokrétű lehetőségeket kínál egy teljes körű BARF-menü létrehozásához. Egyszerűen válasszon modulonként, készítse elő az etetési javaslatnak megfelelően – és gondoskodjon kedvence optimális ellátásáról. 1.\tmodul – fehérjeforrások A természethez hasonlóan a hús és a belsőségek képezik a fajnak megfelelő étrend alapját. A táplálékban megtalálható fehérjék az izomzat, szervek és kötőszövet építését szolgálják. A kiegyensúlyozott tápanyagellátás érdekében rendszeresen váltogassa a fehérjeforrást. 2.\tmodul – zöldség és gyümölcs A vadon élő húsevők is fogyasztanak zöldségeket és gyümölcsöket – többek között a zsákmányállatok gyomortartalmából. Ez fontos összetevőket biztosít a szervezet különböző funkcióinak támogatásához. 3.\tmodul – olajok és zsírok A növényi olajok a BARF-menü szerves részét képezik, mivel olyan esszenciális zsírsavakat tartalmaznak, amelyeket a szervezet nem képes más tápanyagokból előállítani. 4.\tmodul – vitaminok és ásványi anyagok A vitain- és ásványianyag-keverék az összes szükséges tápanyaggal kiegészíti a BARF-menüt. 5.\tmodul – választható kiegészítők Egészítse ki a BARF táplálkozási programot minőségi, opcionális adalékokkal. A napi adag a testsúly 2-4%-a kutya korának és aktivitásának függvényében. Egy átlagos méretű, 20 kg-os kutya esetében ez 400-800 g-nak felel meg. Az állati és növényi források közötti aránynak 70:30 és 90:10 között kell lennie. A megfelelő arány meghatározásához mindenképpen egyeztessen az állat etetési tanácsadójával vagy állatorvosával. Menü elkészítése: az alábbiakban három menüpéldát talál különböző testsúlyú, keveset mozgó kutyák számára. Marhahús menü – kutya testsúlya: 10 kg –\t433 g marhahús (konzerv) –\t140 g zöldségpüré (konzerv) –\t5 ml kenderolaj –\t5 g vitaminok és ásványi anyagok Kacsahús menü – kutya testsúlya: 20 kg –\t733 g kacsahús (konzerv) –\t243 g zöldségpüré (konzerv) –\t7,5 ml kenderolaj –\t10 g vitaminok és ásványi anyagok Vadhúsmix menü – kutya testsúlya: 30 kg –\t926 g vadhúsmix menü (konzerv) –\t305 g zöldségpüré (konzerv) –\t10 ml kenderolaj –\t13 g vitaminok és ásványi anyagok Tovább olvasok"}
{"breadcrumb": "Főoldal/Kutya/Eledelek/BARF/Premiere Raw Kitchen kutya vitamin- és ásványianyag-keverék 500g", "product_name": "Premiere Raw Kitchen kutya vitamin- és ásványianyag-keverék 500gPremiere Raw Kitchen kutya vitamin- és ásványianyag-keverék 500g", "brand": "PremiereRaw401g – 600gFelnőttB.A.R.F. modulrendszer 4. komponensközepes testű 11-25kg", "regular_price": "7 194", "selling_price": "6 594", "price_per_unit": "1 kg=13998 Ft", "product_url": "https://webshop.fressnapf.hu/termekek/premiere-raw-kitchen-kutya-vitamin-es-asvanyianyag-keverek-500g/", "product_description": "B.A.R.F. – „Helyes etetés a szükségleteknek és a fajnak megfelelően.” Ha a lehető legtermészetesebben szeretné etetni a négylábú barátját, a PREMIERE Raw Kitchen az optimális megoldást kínálja Önnek. A koncepció a farkas, a kutya legközelebbi rokonának a táplálkozási viselkedésén alapul. A farkas étrendje szinte az egész állatot tartalmazza, beleértve a csontokat, a bundát, a bőrt, a zsírt, a belsőségeket és az izomhúst. A BARF filozófiája szerint az állati és növényi összetevőket, valamint az olajokat egyedileg válogatják össze, és ha szükséges, táplálékkiegészítőket adnak hozzá. Ha bizonyos összetevők nem kompatibilisek, akkor egyszerűen elhagyják őket – ez tökéletes intoleranciák esetén. Számos kutyának a BARF-átállás után kellemesebb lesz az illata, több energiája lesz, és szebb lesz a bundája. A PREMIERE Raw Kitchen segítségével egyszerűen állíthat össze különböző BARF-menüket egyedi és változatos módon. Az okos, holisztikus rendszer egyszerűen alkalmazkodik az etetési módszerhez. Mindez 5 tökéletesen illeszkedő modulból áll, amelyek mindegyike különböző állati vagy növényi összetevőkből áll, és egymással tetszés szerint kombinálhatók. Ez biztosítja, hogy az állatot a tápérték szempontjából optimálisan lássa el, és ne alakuljon ki hiányállapot. A BARF-ra való áttéréskor fontos, hogy ne terhelje túl az állat emésztőrendszerét, és lassan vezesse át az új tápra. Ezért kezdetben csak kis BARF-adagokat keverjen hozzá az eddigi táplálékhoz, és fokozatosan növelje annak arányát. Nagyon ajánlott ezt a kezdeti szakaszban 2–3 féle húsra korlátozni, a legjobb a marhahús és a baromfi. Az idősebb kutyáknál nagyon lassú átállás javasolt kb. 2 hét alatt. A Premiere Raw Kitchen BARF-rendszer minden modulja (menüösszetevője) sokrétű lehetőségeket kínál egy teljes körű BARF-menü létrehozásához. Egyszerűen válasszon modulonként, készítse elő az etetési javaslatnak megfelelően – és gondoskodjon kedvence optimális ellátásáról. 1.\tmodul – fehérjeforrások A természethez hasonlóan a hús és a belsőségek képezik a fajnak megfelelő étrend alapját. A táplálékban megtalálható fehérjék az izomzat, szervek és kötőszövet építését szolgálják. A kiegyensúlyozott tápanyagellátás érdekében rendszeresen váltogassa a fehérjeforrást. 2.\tmodul – zöldség és gyümölcs A vadon élő húsevők is fogyasztanak zöldségeket és gyümölcsöket – többek között a zsákmányállatok gyomortartalmából. Ez fontos összetevőket biztosít a szervezet különböző funkcióinak támogatásához. 3.\tmodul – olajok és zsírok A növényi olajok a BARF-menü szerves részét képezik, mivel olyan esszenciális zsírsavakat tartalmaznak, amelyeket a szervezet nem képes más tápanyagokból előállítani. 4.\tmodul – vitaminok és ásványi anyagok A vitain- és ásványianyag-keverék az összes szükséges tápanyaggal kiegészíti a BARF-menüt. 5.\tmodul – választható kiegészítők Egészítse ki a BARF táplálkozási programot minőségi, opcionális adalékokkal. A napi adag a testsúly 2-4%-a kutya korának és aktivitásának függvényében. Egy átlagos méretű, 20 kg-os kutya esetében ez 400-800 g-nak felel meg. Az állati és növényi források közötti aránynak 70:30 és 90:10 között kell lennie. A megfelelő arány meghatározásához mindenképpen egyeztessen az állat etetési tanácsadójával vagy állatorvosával. Menü elkészítése: az alábbiakban három menüpéldát talál különböző testsúlyú, keveset mozgó kutyák számára. Marhahús menü – kutya testsúlya: 10 kg –\t433 g marhahús (konzerv) –\t140 g zöldségpüré (konzerv) –\t5 ml kenderolaj –\t5 g vitaminok és ásványi anyagok Kacsahús menü – kutya testsúlya: 20 kg –\t733 g kacsahús (konzerv) –\t243 g zöldségpüré (konzerv) –\t7,5 ml kenderolaj –\t10 g vitaminok és ásványi anyagok Vadhúsmix menü – kutya testsúlya: 30 kg –\t926 g vadhúsmix menü (konzerv) –\t305 g zöldségpüré (konzerv) –\t10 ml kenderolaj –\t13 g vitaminok és ásványi anyagok Tovább olvasok"}
{"breadcrumb": "Főoldal/Kutya/Eledelek/Táplálékkiegészítők&vitaminok/Premiere Raw Kitchen kutya vöröslazacolaj 250ml", "product_name": "Premiere Raw Kitchen kutya vöröslazacolaj 250mlPremiere Raw Kitchen kutya vöröslazacolaj 250ml", "brand": "PremiereRawFelnőtthal&tenger gyümölcseiB.A.R.F. modulrendszer 5. komponensközepes testű 11-25kg", "regular_price": "2499", "selling_price": "", "price_per_unit": "1 L=9996 Ft", "product_url": "https://webshop.fressnapf.hu/termekek/premiere-raw-kitchen-kutya-voroslazacolaj-250ml/", "product_description": "B.A.R.F. – „Helyes etetés a szükségleteknek és a fajnak megfelelően.” Ha a lehető legtermészetesebben szeretné etetni a négylábú barátját, a PREMIERE Raw Kitchen az optimális megoldást kínálja Önnek. A koncepció a farkas, a kutya legközelebbi rokonának a táplálkozási viselkedésén alapul. A farkas étrendje szinte az egész állatot tartalmazza, beleértve a csontokat, a bundát, a bőrt, a zsírt, a belsőségeket és az izomhúst. A BARF filozófiája szerint az állati és növényi összetevőket, valamint az olajokat egyedileg válogatják össze, és ha szükséges, táplálékkiegészítőket adnak hozzá. Ha bizonyos összetevők nem kompatibilisek, akkor egyszerűen elhagyják őket – ez tökéletes intoleranciák esetén. Számos kutyának a BARF-átállás után kellemesebb lesz az illata, több energiája lesz, és szebb lesz a bundája. A PREMIERE Raw Kitchen segítségével egyszerűen állíthat össze különböző BARF-menüket egyedi és változatos módon. Az okos, holisztikus rendszer egyszerűen alkalmazkodik az etetési módszerhez. Mindez 5 tökéletesen illeszkedő modulból áll, amelyek mindegyike különböző állati vagy növényi összetevőkből áll, és egymással tetszés szerint kombinálhatók. Ez biztosítja, hogy az állatot a tápérték szempontjából optimálisan lássa el, és ne alakuljon ki hiányállapot. A BARF-ra való áttéréskor fontos, hogy ne terhelje túl az állat emésztőrendszerét, és lassan vezesse át az új tápra. Ezért kezdetben csak kis BARF-adagokat keverjen hozzá az eddigi táplálékhoz, és fokozatosan növelje annak arányát. Nagyon ajánlott ezt a kezdeti szakaszban 2–3 féle húsra korlátozni, a legjobb a marhahús és a baromfi. Az idősebb kutyáknál nagyon lassú átállás javasolt kb. 2 hét alatt. A Premiere Raw Kitchen BARF-rendszer minden modulja (menüösszetevője) sokrétű lehetőségeket kínál egy teljes körű BARF-menü létrehozásához. Egyszerűen válasszon modulonként, készítse elő az etetési javaslatnak megfelelően – és gondoskodjon kedvence optimális ellátásáról. 1.\tmodul – fehérjeforrások A természethez hasonlóan a hús és a belsőségek képezik a fajnak megfelelő étrend alapját. A táplálékban megtalálható fehérjék az izomzat, szervek és kötőszövet építését szolgálják. A kiegyensúlyozott tápanyagellátás érdekében rendszeresen váltogassa a fehérjeforrást. 2.\tmodul – zöldség és gyümölcs A vadon élő húsevők is fogyasztanak zöldségeket és gyümölcsöket – többek között a zsákmányállatok gyomortartalmából. Ez fontos összetevőket biztosít a szervezet különböző funkcióinak támogatásához. 3.\tmodul – olajok és zsírok A növényi olajok a BARF-menü szerves részét képezik, mivel olyan esszenciális zsírsavakat tartalmaznak, amelyeket a szervezet nem képes más tápanyagokból előállítani. 4.\tmodul – vitaminok és ásványi anyagok A vitain- és ásványianyag-keverék az összes szükséges tápanyaggal kiegészíti a BARF-menüt. 5.\tmodul – választható kiegészítők Egészítse ki a BARF táplálkozási programot minőségi, opcionális adalékokkal. A napi adag a testsúly 2-4%-a kutya korának és aktivitásának függvényében. Egy átlagos méretű, 20 kg-os kutya esetében ez 400-800 g-nak felel meg. Az állati és növényi források közötti aránynak 70:30 és 90:10 között kell lennie. A megfelelő arány meghatározásához mindenképpen egyeztessen az állat etetési tanácsadójával vagy állatorvosával. Menü elkészítése: az alábbiakban három menüpéldát talál különböző testsúlyú, keveset mozgó kutyák számára. Marhahús menü – kutya testsúlya: 10 kg –\t433 g marhahús (konzerv) –\t140 g zöldségpüré (konzerv) –\t5 ml kenderolaj –\t5 g vitaminok és ásványi anyagok Kacsahús menü – kutya testsúlya: 20 kg –\t733 g kacsahús (konzerv) –\t243 g zöldségpüré (konzerv) –\t7,5 ml kenderolaj –\t10 g vitaminok és ásványi anyagok Vadhúsmix menü – kutya testsúlya: 30 kg –\t926 g vadhúsmix menü (konzerv) –\t305 g zöldségpüré (konzerv) –\t10 ml kenderolaj –\t13 g vitaminok és ásványi anyagok Tovább olvasok"}
{"breadcrumb": "Főoldal/Kutya/Eledelek/BARF/Premiere Raw Kitchen kutya zöldkagylópor 100g", "product_name": "Premiere Raw Kitchen kutya zöldkagylópor 100gPremiere Raw Kitchen kutya zöldkagylópor 100g", "brand": "PremiereRaw0g – 100gFelnőttB.A.R.F. modulrendszer 5. komponensközepes testű 11-25kg", "regular_price": "7 194", "selling_price": "6 594", "price_per_unit": "1 kg=37990 Ft", "product_url": "https://webshop.fressnapf.hu/termekek/premiere-raw-kitchen-kutya-zoldkagylopor-100g/", "product_description": "B.A.R.F. – „Helyes etetés a szükségleteknek és a fajnak megfelelően.” Ha a lehető legtermészetesebben szeretné etetni a négylábú barátját, a PREMIERE Raw Kitchen az optimális megoldást kínálja Önnek. A koncepció a farkas, a kutya legközelebbi rokonának a táplálkozási viselkedésén alapul. A farkas étrendje szinte az egész állatot tartalmazza, beleértve a csontokat, a bundát, a bőrt, a zsírt, a belsőségeket és az izomhúst. A BARF filozófiája szerint az állati és növényi összetevőket, valamint az olajokat egyedileg válogatják össze, és ha szükséges, táplálékkiegészítőket adnak hozzá. Ha bizonyos összetevők nem kompatibilisek, akkor egyszerűen elhagyják őket – ez tökéletes intoleranciák esetén. Számos kutyának a BARF-átállás után kellemesebb lesz az illata, több energiája lesz, és szebb lesz a bundája. A PREMIERE Raw Kitchen segítségével egyszerűen állíthat össze különböző BARF-menüket egyedi és változatos módon. Az okos, holisztikus rendszer egyszerűen alkalmazkodik az etetési módszerhez. Mindez 5 tökéletesen illeszkedő modulból áll, amelyek mindegyike különböző állati vagy növényi összetevőkből áll, és egymással tetszés szerint kombinálhatók. Ez biztosítja, hogy az állatot a tápérték szempontjából optimálisan lássa el, és ne alakuljon ki hiányállapot. A BARF-ra való áttéréskor fontos, hogy ne terhelje túl az állat emésztőrendszerét, és lassan vezesse át az új tápra. Ezért kezdetben csak kis BARF-adagokat keverjen hozzá az eddigi táplálékhoz, és fokozatosan növelje annak arányát. Nagyon ajánlott ezt a kezdeti szakaszban 2–3 féle húsra korlátozni, a legjobb a marhahús és a baromfi. Az idősebb kutyáknál nagyon lassú átállás javasolt kb. 2 hét alatt. A Premiere Raw Kitchen BARF-rendszer minden modulja (menüösszetevője) sokrétű lehetőségeket kínál egy teljes körű BARF-menü létrehozásához. Egyszerűen válasszon modulonként, készítse elő az etetési javaslatnak megfelelően – és gondoskodjon kedvence optimális ellátásáról. 1.\tmodul – fehérjeforrások A természethez hasonlóan a hús és a belsőségek képezik a fajnak megfelelő étrend alapját. A táplálékban megtalálható fehérjék az izomzat, szervek és kötőszövet építését szolgálják. A kiegyensúlyozott tápanyagellátás érdekében rendszeresen váltogassa a fehérjeforrást. 2.\tmodul – zöldség és gyümölcs A vadon élő húsevők is fogyasztanak zöldségeket és gyümölcsöket – többek között a zsákmányállatok gyomortartalmából. Ez fontos összetevőket biztosít a szervezet különböző funkcióinak támogatásához. 3.\tmodul – olajok és zsírok A növényi olajok a BARF-menü szerves részét képezik, mivel olyan esszenciális zsírsavakat tartalmaznak, amelyeket a szervezet nem képes más tápanyagokból előállítani. 4.\tmodul – vitaminok és ásványi anyagok A vitain- és ásványianyag-keverék az összes szükséges tápanyaggal kiegészíti a BARF-menüt. 5.\tmodul – választható kiegészítők Egészítse ki a BARF táplálkozási programot minőségi, opcionális adalékokkal. A napi adag a testsúly 2-4%-a kutya korának és aktivitásának függvényében. Egy átlagos méretű, 20 kg-os kutya esetében ez 400-800 g-nak felel meg. Az állati és növényi források közötti aránynak 70:30 és 90:10 között kell lennie. A megfelelő arány meghatározásához mindenképpen egyeztessen az állat etetési tanácsadójával vagy állatorvosával. Menü elkészítése: az alábbiakban három menüpéldát talál különböző testsúlyú, keveset mozgó kutyák számára. Marhahús menü – kutya testsúlya: 10 kg –\t433 g marhahús (konzerv) –\t140 g zöldségpüré (konzerv) –\t5 ml kenderolaj –\t5 g vitaminok és ásványi anyagok Kacsahús menü – kutya testsúlya: 20 kg –\t733 g kacsahús (konzerv) –\t243 g zöldségpüré (konzerv) –\t7,5 ml kenderolaj –\t10 g vitaminok és ásványi anyagok Vadhúsmix menü – kutya testsúlya: 30 kg –\t926 g vadhúsmix menü (konzerv) –\t305 g zöldségpüré (konzerv) –\t10 ml kenderolaj –\t13 g vitaminok és ásványi anyagok Tovább olvasok"}
{"breadcrumb": "Főoldal/Kutya/Eledelek/BARF/Premiere Raw Kitchen kutya zöldségpehely 500g", "product_name": "Premiere Raw Kitchen kutya zöldségpehely 500gPremiere Raw Kitchen kutya zöldségpehely 500g", "brand": "PremiereRaw401g – 600gFelnőttzöldség&gyümölcsB.A.R.F. modulrendszer 2. komponensközepes testű 11-25kg", "regular_price": "7 194", "selling_price": "6 594", "price_per_unit": "1 kg=8798 Ft", "product_url": "https://webshop.fressnapf.hu/termekek/premiere-raw-kitchen-kutya-zoldsegpehely-500g/", "product_description": "B.A.R.F. – „Helyes etetés a szükségleteknek és a fajnak megfelelően.” Ha a lehető legtermészetesebben szeretné etetni a négylábú barátját, a PREMIERE Raw Kitchen az optimális megoldást kínálja Önnek. A koncepció a farkas, a kutya legközelebbi rokonának a táplálkozási viselkedésén alapul. A farkas étrendje szinte az egész állatot tartalmazza, beleértve a csontokat, a bundát, a bőrt, a zsírt, a belsőségeket és az izomhúst. A BARF filozófiája szerint az állati és növényi összetevőket, valamint az olajokat egyedileg válogatják össze, és ha szükséges, táplálékkiegészítőket adnak hozzá. Ha bizonyos összetevők nem kompatibilisek, akkor egyszerűen elhagyják őket – ez tökéletes intoleranciák esetén. Számos kutyának a BARF-átállás után kellemesebb lesz az illata, több energiája lesz, és szebb lesz a bundája. A PREMIERE Raw Kitchen segítségével egyszerűen állíthat össze különböző BARF-menüket egyedi és változatos módon. Az okos, holisztikus rendszer egyszerűen alkalmazkodik az etetési módszerhez. Mindez 5 tökéletesen illeszkedő modulból áll, amelyek mindegyike különböző állati vagy növényi összetevőkből áll, és egymással tetszés szerint kombinálhatók. Ez biztosítja, hogy az állatot a tápérték szempontjából optimálisan lássa el, és ne alakuljon ki hiányállapot. A BARF-ra való áttéréskor fontos, hogy ne terhelje túl az állat emésztőrendszerét, és lassan vezesse át az új tápra. Ezért kezdetben csak kis BARF-adagokat keverjen hozzá az eddigi táplálékhoz, és fokozatosan növelje annak arányát. Nagyon ajánlott ezt a kezdeti szakaszban 2–3 féle húsra korlátozni, a legjobb a marhahús és a baromfi. Az idősebb kutyáknál nagyon lassú átállás javasolt kb. 2 hét alatt. A Premiere Raw Kitchen BARF-rendszer minden modulja (menüösszetevője) sokrétű lehetőségeket kínál egy teljes körű BARF-menü létrehozásához. Egyszerűen válasszon modulonként, készítse elő az etetési javaslatnak megfelelően – és gondoskodjon kedvence optimális ellátásáról. 1.\tmodul – fehérjeforrások A természethez hasonlóan a hús és a belsőségek képezik a fajnak megfelelő étrend alapját. A táplálékban megtalálható fehérjék az izomzat, szervek és kötőszövet építését szolgálják. A kiegyensúlyozott tápanyagellátás érdekében rendszeresen váltogassa a fehérjeforrást. 2.\tmodul – zöldség és gyümölcs A vadon élő húsevők is fogyasztanak zöldségeket és gyümölcsöket – többek között a zsákmányállatok gyomortartalmából. Ez fontos összetevőket biztosít a szervezet különböző funkcióinak támogatásához. 3.\tmodul – olajok és zsírok A növényi olajok a BARF-menü szerves részét képezik, mivel olyan esszenciális zsírsavakat tartalmaznak, amelyeket a szervezet nem képes más tápanyagokból előállítani. 4.\tmodul – vitaminok és ásványi anyagok A vitain- és ásványianyag-keverék az összes szükséges tápanyaggal kiegészíti a BARF-menüt. 5.\tmodul – választható kiegészítők Egészítse ki a BARF táplálkozási programot minőségi, opcionális adalékokkal. A napi adag a testsúly 2-4%-a kutya korának és aktivitásának függvényében. Egy átlagos méretű, 20 kg-os kutya esetében ez 400-800 g-nak felel meg. Az állati és növényi források közötti aránynak 70:30 és 90:10 között kell lennie. A megfelelő arány meghatározásához mindenképpen egyeztessen az állat etetési tanácsadójával vagy állatorvosával. Menü elkészítése: az alábbiakban három menüpéldát talál különböző testsúlyú, keveset mozgó kutyák számára. Marhahús menü – kutya testsúlya: 10 kg –\t433 g marhahús (konzerv) –\t140 g zöldségpüré (konzerv) –\t5 ml kenderolaj –\t5 g vitaminok és ásványi anyagok Kacsahús menü – kutya testsúlya: 20 kg –\t733 g kacsahús (konzerv) –\t243 g zöldségpüré (konzerv) –\t7,5 ml kenderolaj –\t10 g vitaminok és ásványi anyagok Vadhúsmix menü – kutya testsúlya: 30 kg –\t926 g vadhúsmix menü (konzerv) –\t305 g zöldségpüré (konzerv) –\t10 ml kenderolaj –\t13 g vitaminok és ásványi anyagok Tovább olvasok"}
{"breadcrumb": "Főoldal/Kutya/Eledelek/BARF/Premiere Raw Kitchen kutya zöldségpehely gyümölcsökkel és gyógynövényekkel 500g", "product_name": "Premiere Raw Kitchen kutya zöldségpehely gyümölcsökkel és gyógynövényekkel 500gPremiere Raw Kitchen kutya zöldségpehely gyümölcsökkel és gyógynövényekkel 500g", "brand": "PremiereRaw401g – 600gFelnőttzöldség&gyümölcsB.A.R.F. modulrendszer 2. komponensközepes testű 11-25kg", "regular_price": "3299", "selling_price": "", "price_per_unit": "1 kg=6598 Ft", "product_url": "https://webshop.fressnapf.hu/termekek/premiere-raw-kitchen-kutya-zoldsegpehely-gyumolcsokkel-es-gyogynovenyekkel-500g/", "product_description": "B.A.R.F. – „Helyes etetés a szükségleteknek és a fajnak megfelelően.” Ha a lehető legtermészetesebben szeretné etetni a négylábú barátját, a PREMIERE Raw Kitchen az optimális megoldást kínálja Önnek. A koncepció a farkas, a kutya legközelebbi rokonának a táplálkozási viselkedésén alapul. A farkas étrendje szinte az egész állatot tartalmazza, beleértve a csontokat, a bundát, a bőrt, a zsírt, a belsőségeket és az izomhúst. A BARF filozófiája szerint az állati és növényi összetevőket, valamint az olajokat egyedileg válogatják össze, és ha szükséges, táplálékkiegészítőket adnak hozzá. Ha bizonyos összetevők nem kompatibilisek, akkor egyszerűen elhagyják őket – ez tökéletes intoleranciák esetén. Számos kutyának a BARF-átállás után kellemesebb lesz az illata, több energiája lesz, és szebb lesz a bundája. A PREMIERE Raw Kitchen segítségével egyszerűen állíthat össze különböző BARF-menüket egyedi és változatos módon. Az okos, holisztikus rendszer egyszerűen alkalmazkodik az etetési módszerhez. Mindez 5 tökéletesen illeszkedő modulból áll, amelyek mindegyike különböző állati vagy növényi összetevőkből áll, és egymással tetszés szerint kombinálhatók. Ez biztosítja, hogy az állatot a tápérték szempontjából optimálisan lássa el, és ne alakuljon ki hiányállapot. A BARF-ra való áttéréskor fontos, hogy ne terhelje túl az állat emésztőrendszerét, és lassan vezesse át az új tápra. Ezért kezdetben csak kis BARF-adagokat keverjen hozzá az eddigi táplálékhoz, és fokozatosan növelje annak arányát. Nagyon ajánlott ezt a kezdeti szakaszban 2–3 féle húsra korlátozni, a legjobb a marhahús és a baromfi. Az idősebb kutyáknál nagyon lassú átállás javasolt kb. 2 hét alatt. A Premiere Raw Kitchen BARF-rendszer minden modulja (menüösszetevője) sokrétű lehetőségeket kínál egy teljes körű BARF-menü létrehozásához. Egyszerűen válasszon modulonként, készítse elő az etetési javaslatnak megfelelően – és gondoskodjon kedvence optimális ellátásáról. 1.\tmodul – fehérjeforrások A természethez hasonlóan a hús és a belsőségek képezik a fajnak megfelelő étrend alapját. A táplálékban megtalálható fehérjék az izomzat, szervek és kötőszövet építését szolgálják. A kiegyensúlyozott tápanyagellátás érdekében rendszeresen váltogassa a fehérjeforrást. 2.\tmodul – zöldség és gyümölcs A vadon élő húsevők is fogyasztanak zöldségeket és gyümölcsöket – többek között a zsákmányállatok gyomortartalmából. Ez fontos összetevőket biztosít a szervezet különböző funkcióinak támogatásához. 3.\tmodul – olajok és zsírok A növényi olajok a BARF-menü szerves részét képezik, mivel olyan esszenciális zsírsavakat tartalmaznak, amelyeket a szervezet nem képes más tápanyagokból előállítani. 4.\tmodul – vitaminok és ásványi anyagok A vitain- és ásványianyag-keverék az összes szükséges tápanyaggal kiegészíti a BARF-menüt. 5.\tmodul – választható kiegészítők Egészítse ki a BARF táplálkozási programot minőségi, opcionális adalékokkal. A napi adag a testsúly 2-4%-a kutya korának és aktivitásának függvényében. Egy átlagos méretű, 20 kg-os kutya esetében ez 400-800 g-nak felel meg. Az állati és növényi források közötti aránynak 70:30 és 90:10 között kell lennie. A megfelelő arány meghatározásához mindenképpen egyeztessen az állat etetési tanácsadójával vagy állatorvosával. Menü elkészítése: az alábbiakban három menüpéldát talál különböző testsúlyú, keveset mozgó kutyák számára. Marhahús menü – kutya testsúlya: 10 kg –\t433 g marhahús (konzerv) –\t140 g zöldségpüré (konzerv) –\t5 ml kenderolaj –\t5 g vitaminok és ásványi anyagok Kacsahús menü – kutya testsúlya: 20 kg –\t733 g kacsahús (konzerv) –\t243 g zöldségpüré (konzerv) –\t7,5 ml kenderolaj –\t10 g vitaminok és ásványi anyagok Vadhúsmix menü – kutya testsúlya: 30 kg –\t926 g vadhúsmix menü (konzerv) –\t305 g zöldségpüré (konzerv) –\t10 ml kenderolaj –\t13 g vitaminok és ásványi anyagok Tovább olvasok"}
{"breadcrumb": "Főoldal/Kutya/Eledelek/BARF/Premiere Raw kutya konzerv vízibivaly 6x400g", "product_name": "Premiere Raw kutya konzerv vízibivaly 6x400gPremiere Raw kutya konzerv vízibivaly 6x400g", "brand": "PremiereRaw201g – 400gFelnőttegzotikusB.A.R.F. modulrendszer 1. komponensgabonamenteskonzerv", "regular_price": "8994", "selling_price": "", "price_per_unit": "1 499 Ft", "product_url": "https://webshop.fressnapf.hu/termekek/premiere-raw-kutya-konzerv-vizibivaly-6x400g/", "product_description": "VÍZIBIVALY. Keverék-összetevő: egyszerű összeállítás a könnyen érthető modulrendszernek köszönhetően. A VÍZIBIVALY a PREMIERE Raw Kitchen B.A.R.F.* modulrendszerének egyik eleme (l. modulja). Kiegészítő eledel kifejlett kutyáknak. Összetétel: 74% vízibivaly (hús és állati származékok), 26% vízibivaly-húsleves. Analitikai összetevők: fehérje 10%, zsírtartalom 7,5%, nyershamu 1,5%, nyersrost kalcium foszfor 0,18%. Nedvesség 78%. Etetési javaslat: A javasolt napi adag a testsúly 2-4%-a (az összes modul együtt), az állat életkorától és mozgásmennyiségétől függően. Nem alkalmas önálló eledelként. Ajánlott napi adag 20kg-os kutyának: 640g PREMIERE Raw Kitchen VÍZIBIVALY / l. modul + PREMIERE Raw Kitchen ZÖLDSÉGKEVERÉK / 2. modul + 1/2 ek. PREMIERE Raw Kitchen KENDEROLAJ / 3. modul + PREMIERE Raw Kitchen VITAMINOK ÉS ÁSVÁNYI ANYAGOK KEVERÉKE / 4. modul, a csomagoláson látható etetési javaslat szerint. A kiegyensúlyozott tápanyagellátás érdekében az l. modul rendszeres váltogatását javasoljuk. Ez a termék egyszerű kezelhetősége miatt kiváló alternatívája a nyers hússal való etetésnek (a 2-4 modulok kiegészítéseképpen). Nyomokban egyéb összetevőket is tartalmazhat. A lerakódott zsír és kivált folyadék a hús és állati eredetű összetevők természetes mivoltára utal. Tovább olvasok"}
{"breadcrumb": "Főoldal/Kutya/Eledelek/Száraz eledelek/Premiere Sensitive Grain Free száraz kutyaeledel adult marha&burgonya 12kg", "product_name": "Premiere Sensitive Grain Free száraz kutyaeledel adult marha&burgonya 12kgPremiere Sensitive Grain Free száraz kutyaeledel adult marha&burgonya 12kg", "brand": "PremiereSensitive Grainfree10,1 – 12kgFelnőttmarha&borjúgabonamentes", "regular_price": "3 799", "selling_price": "3 299", "price_per_unit": "1 kg=1833 Ft", "product_url": "https://webshop.fressnapf.hu/termekek/premiere-sensitive-gabonamentes-adult-marhaburgonya-12kg/", "product_description": "PREMIERE SENSITIVE GRAIN FREE ADULT Marhában és Burgonyában gazdag. Érzékeny emésztésű, kifejlett kutyák számára. Minőség: Kiegyensúlyozott, gabonamentes receptúral marhával. A prebiotikus inulin és a C-vitamin erősíthetik a bélflórát és a szervezet ellenálló képességét. A PREMIERE Sensitive Grain Free nagy arányban tartalmaz marhát (24%), ezáltal sok értékes  fehérjét is. Táplálékintoleranciában szenvedő, gabonára érzékeny kutyák számára különösen alkalmas eledel. Az értékes omega-3 és omega-6 zsírsavak hozzájárulhatnak az egészséges bőr és a fényes szőrzet megőrzéséhez. A prebiotikus inulin kedvezően hat a bélflóra egyensúlyára. A helyes arányú D3-vitamin, calcium és a foszfor erősítheti a csontokat. A taurine fontos a megfelelő szívműködéshez. Teljes értékű eledel kifejlett kutyák számára. Összetétel: burgonyaliszt (57,1%), marhafehérje (24,2%), baromfizsír (5,92%), növényi alapú hidrolizált fehérje (2,5%), lenmag (2%), sörélesztő (2%), szárított répaszeletek (2%), monokalcium-foszfát (0,5%), cellulózpor (0,5%), szarvasmarha-kolosztrum (0,3%), lazacolaj (0,3%), nátrium-klorid (0,3%), cikória (0,26%, ebből  0,15% inulin), kalcium-karbonát (0,2%), napraforgóolaj (0,19%), mannán-oligoszacharidok (0,1%), béta-glükán(0,1%),alma(0,1%), tengeri alga (0,1%), Yucca schidigera (0,1%), glükózamin (0,01%), szurokfű (0,01%), majoránna (0,01%), zsálya (0,01%), kakukkfű (0,01%), petrezselyem (0,01%), kondroitin-szulfát (0,005%). Analitikai összetevők: fehérje 23%, zsírtartalom 11%, nyershamu 8,9%, nyersrost 2,5%, calcium 1,8%, foszfor 1,1%, omega-3 zsírsavak 0,55%, omega-6 zsírsavak 1,5%. Adalékanyagok/kg: tápértékkel rendelkező adalékanyagok: A-vitamin 12000 NE, C-vitamin 50mg, D3-vitamin 1200 NE, taurine 500mg, réz (réz(II)-szulfát, pentahidrát) 10mg, jód (kalcium-jodát, vízmentes) 2mg, szelén (nátrium-szelenit) 0,22mg, cink (aminosavak cink-kelátjának hidrátja) 45mg, cink (cink-oxid)70mg. Etetési javaslat: A tényleges tápanyagszükséglet fajtától, életkortól és aktivitástól függ. Kérjük, hogy csemegével történő kiegészítő táplálás esetén csökkentse megfelelő mértékbena a főeledel megadott mennyiségét Hűvös és száraz helyen tárolandó. Mindig adjon friss ivóvizet. Nyomokban egyéb összetevőket is tartalmazhat. Tovább olvasok"}
{"breadcrumb": "Főoldal/Kutya/Eledelek/Száraz eledelek/Premiere Sensitive Grain Free száraz kutyaeledel adult marha&burgonya 4kg", "product_name": "Premiere Sensitive Grain Free száraz kutyaeledel adult marha&burgonya 4kgPremiere Sensitive Grain Free száraz kutyaeledel adult marha&burgonya 4kg", "brand": "PremiereSensitive Grainfree1,1kg – 4kgFelnőttmarha&borjúgabonamentes", "regular_price": "3 799", "selling_price": "3 299", "price_per_unit": "1 kg=2250 Ft", "product_url": "https://webshop.fressnapf.hu/termekek/premiere-sensitive-gabonamentes-adult-marhaburgonya-4kg/", "product_description": "PREMIERE SENSITIVE GRAIN FREE ADULT Marhában és Burgonyában gazdag. Érzékeny emésztésű, kifejlett kutyák számára. Minőség: Kiegyensúlyozott, gabonamentes receptúral marhával. A prebiotikus inulin és a C-vitamin erősíthetik a bélflórát és a szervezet ellenálló képességét. A PREMIERE Sensitive Grain Free nagy arányban tartalmaz marhát (24%), ezáltal sok értékes  fehérjét is. Táplálékintoleranciában szenvedő, gabonára érzékeny kutyák számára különösen alkalmas eledel. Az értékes omega-3 és omega-6 zsírsavak hozzájárulhatnak az egészséges bőr és a fényes szőrzet megőrzéséhez. A prebiotikus inulin kedvezően hat a bélflóra egyensúlyára. A helyes arányú D3-vitamin, calcium és a foszfor erősítheti a csontokat. A taurine fontos a megfelelő szívműködéshez. Teljes értékű eledel kifejlett kutyák számára. Összetétel: burgonyaliszt (57,1%), marhafehérje (24,2%), baromfizsír (5,92%), növényi alapú hidrolizált fehérje (2,5%), lenmag (2%), sörélesztő (2%), szárított répaszeletek (2%), monokalcium-foszfát (0,5%), cellulózpor (0,5%), szarvasmarha-kolosztrum (0,3%), lazacolaj (0,3%), nátrium-klorid (0,3%), cikória (0,26%, ebből  0,15% inulin), kalcium-karbonát (0,2%), napraforgóolaj (0,19%), mannán-oligoszacharidok (0,1%), béta-glükán(0,1%),alma(0,1%), tengeri alga (0,1%), Yucca schidigera (0,1%), glükózamin (0,01%), szurokfű (0,01%), majoránna (0,01%), zsálya (0,01%), kakukkfű (0,01%), petrezselyem (0,01%), kondroitin-szulfát (0,005%). Analitikai összetevők: fehérje 23%, zsírtartalom 11%, nyershamu 8,9%, nyersrost 2,5%, calcium 1,8%, foszfor 1,1%, omega-3 zsírsavak 0,55%, omega-6 zsírsavak 1,5%. Adalékanyagok/kg: tápértékkel rendelkező adalékanyagok: A-vitamin 12000 NE, C-vitamin 50mg, D3-vitamin 1200 NE, taurine 500mg, réz (réz(II)-szulfát, pentahidrát) 10mg, jód (kalcium-jodát, vízmentes) 2mg, szelén (nátrium-szelenit) 0,22mg, cink (aminosavak cink-kelátjának hidrátja) 45mg, cink (cink-oxid)70mg. Etetési javaslat: A tényleges tápanyagszükséglet fajtától, életkortól és aktivitástól függ. Kérjük, hogy csemegével történő kiegészítő táplálás esetén csökkentse megfelelő mértékbena a főeledel megadott mennyiségét Hűvös és száraz helyen tárolandó. Mindig adjon friss ivóvizet. Nyomokban egyéb összetevőket is tartalmazhat. Tovább olvasok"}
{"breadcrumb": "Főoldal/Kutya/Eledelek/Száraz eledelek/Premiere Sensitive GrainFree száraz kutyaeledel adult csirke&burgonya 12kg", "product_name": "Premiere Sensitive GrainFree száraz kutyaeledel adult csirke&burgonya 12kgPremiere Sensitive GrainFree száraz kutyaeledel adult csirke&burgonya 12kg", "brand": "Premiere10,1 – 12kgFelnőttszárnyasgabonamentes&érzékeny emésztésűSensitive Grainfree", "regular_price": "3 699", "selling_price": "3 499", "price_per_unit": "1 kg=1833 Ft", "product_url": "https://webshop.fressnapf.hu/termekek/premiere-sensitive-grainfree-szaraz-kutyaeledel-adult-csirkeburgonya-12kg/", "product_description": "PREMIERE SENSITIVE GRAIN FREE ADULT Csirkében és Burgonyában gazdag. Érzékeny emésztésű, kifejlett kutyák számára. Minőség: Kiegyensúlyozott, gabonamentes receptúral csirkével. A prebiotikus inulin és a C-vitamin erősíthetik a bélflórát és a szervezet ellenálló képességét. A PREMIERE Sensitive Grain Free nagy arányban tartalmaz csirkét (24%), ezáltal sok értékes fehérjét is. Táplálékintoleranciában szenvedő, gabonára érzékeny kutyák számára különösen alkalmas eledel. Az értékes omega-3 és omega-6 zsírsavak hozzájárulhatnak az egészséges bőr és a fényes szőrzet megőrzéséhez. A prebiotikus inulin kedvezően hat a bélflóra egyensúlyára. A helyes arányú D3-vitamin, kalcium és a foszfor erősítheti a csontokat. A taurin fontos a megfelelő szívműködéshez. Teljes értékű eledel kifejlett kutyák számára. Analitikai összetevők: Fehérje 25%, zsírtartalom 11%, nyershamu 5,8%, nyersrost 2,2%, kalcium 0,95%, foszfor 0,6%, omega-3 zsírsavak 0,5%, omega-6 zsírsavak 1,7%. Összetétel: Burgonyaliszt 57%, csirkefehérje 24,2%, baromfizsír 5,92%, baromfifehérje-hidrolizátum 2,5%, lenmag 2%, sörélesztő 2%, szárított répapép 2%, monokalcium-foszfát 0,5%, cellulózpor 0,5%, szarvasmarha-kolosztrum 0,3%, lazacolaj 0,3%, nátrium-klorid 0,3%, cikória 0,26%, ebből 0, 15% inulin, kalcium-karbonát 0,2%, napraforgóolaj 0,19%, manna oligoszacharidok 0,1%, béta-glükánok 0,1%, alma 0,1%, tengeri moszat 0,1%, yucca schidigera 0,1%, glükózamin 0,01%, oregánó 0,01%, majoránna 0,01%, zsálya 0,01%, kakukkfű 0,01%, petrezselyem 0,01%, kondroitin-szulfát 0,005%. Adalékanyagok kg-onként: A-vitamin 12000 NE, C-vitamin 50 mg, D3-vitamin 1200 NE, taurin 500 mg, réz (réz(II)szulfát, pentahidrát) 10 mg, jód (kalcium-jodát, vízmentes) 2 mg, szelén (nátrium-szelenit) 0,22 mg, cink (aminosav-cinkkelát, hidrát) 45 mg, cink (cink-oxid) 70 mg Tovább olvasok"}
{"breadcrumb": "Főoldal/Kutya/Eledelek/Száraz eledelek/Premiere Sensitive GrainFree száraz kutyaeledel adult csirke&burgonya 4kg", "product_name": "Premiere Sensitive GrainFree száraz kutyaeledel adult csirke&burgonya 4kgPremiere Sensitive GrainFree száraz kutyaeledel adult csirke&burgonya 4kg", "brand": "Premiere1,1kg – 4kgFelnőttszárnyasgabonamentes&érzékeny emésztésűSensitive Grainfree", "regular_price": "11 499", "selling_price": "9 999", "price_per_unit": "1 kg=2250 Ft", "product_url": "https://webshop.fressnapf.hu/termekek/premiere-sensitive-grainfree-szaraz-kutyaeledel-adult-csirkeburgonya-4kg/", "product_description": "PREMIERE SENSITIVE GRAIN FREE ADULT Csirkében és Burgonyában gazdag. Érzékeny emésztésű, kifejlett kutyák számára. Minőség: Kiegyensúlyozott, gabonamentes receptúral csirkével. A prebiotikus inulin és a C-vitamin erősíthetik a bélflórát és a szervezet ellenálló képességét. A PREMIERE Sensitive Grain Free nagy arányban tartalmaz csirkét (24%), ezáltal sok értékes fehérjét is. Táplálékintoleranciában szenvedő, gabonára érzékeny kutyák számára különösen alkalmas eledel. Az értékes omega-3 és omega-6 zsírsavak hozzájárulhatnak az egészséges bőr és a fényes szőrzet megőrzéséhez. A prebiotikus inulin kedvezően hat a bélflóra egyensúlyára. A helyes arányú D3-vitamin, kalcium és a foszfor erősítheti a csontokat. A taurin fontos a megfelelő szívműködéshez. Teljes értékű eledel kifejlett kutyák számára. Analitikai összetevők: Fehérje 25%, zsírtartalom 11%, nyershamu 5,8%, nyersrost 2,2%, kalcium 0,95%, foszfor 0,6%, omega-3 zsírsavak 0,5%, omega-6 zsírsavak 1,7%. Összetétel: Burgonyaliszt 57%, csirkefehérje 24,2%, baromfizsír 5,92%, baromfifehérje-hidrolizátum 2,5%, lenmag 2%, sörélesztő 2%, szárított répapép 2%, monokalcium-foszfát 0,5%, cellulózpor 0,5%, szarvasmarha-kolosztrum 0,3%, lazacolaj 0,3%, nátrium-klorid 0,3%, cikória 0,26%, ebből 0, 15% inulin, kalcium-karbonát 0,2%, napraforgóolaj 0,19%, manna oligoszacharidok 0,1%, béta-glükánok 0,1%, alma 0,1%, tengeri moszat 0,1%, yucca schidigera 0,1%, glükózamin 0,01%, oregánó 0,01%, majoránna 0,01%, zsálya 0,01%, kakukkfű 0,01%, petrezselyem 0,01%, kondroitin-szulfát 0,005%. Adalékanyagok kg-onként: A-vitamin 12000 NE, C-vitamin 50 mg, D3-vitamin 1200 NE, taurin 500 mg, réz (réz(II)szulfát, pentahidrát) 10 mg, jód (kalcium-jodát, vízmentes) 2 mg, szelén (nátrium-szelenit) 0,22 mg, cink (aminosav-cinkkelát, hidrát) 45 mg, cink (cink-oxid) 70 mg Tovább olvasok"}
{"breadcrumb": "Főoldal/Kutya/Eledelek/Száraz eledelek/Premiere Sensitive GrainFree száraz kutyaeledel adult marha&burgonya 1kg", "product_name": "Premiere Sensitive GrainFree száraz kutyaeledel adult marha&burgonya 1kgPremiere Sensitive GrainFree száraz kutyaeledel adult marha&burgonya 1kg", "brand": "Premiere801g – 1kgFelnőttmarha&borjúgabonamentes&érzékeny emésztésűSensitive Grainfree", "regular_price": "2 999", "selling_price": "2 799", "price_per_unit": "1 kg=2799 Ft", "product_url": "https://webshop.fressnapf.hu/termekek/premiere-sensitive-grainfree-szaraz-kutyaeledel-adult-marhaburgonya-1kg/", "product_description": "PREMIERE SENSITIVE GRAIN FREE ADULT Marhában és Burgonyában gazdag. Érzékeny emésztésű, kifejlett kutyák számára. Minőség: Kiegyensúlyozott, gabonamentes receptúral marhával. A prebiotikus inulin és a C-vitamin erősíthetik a bélflórát és a szervezet ellenálló képességét. A PREMIERE Sensitive Grain Free nagy arányban tartalmaz marhát (24%), ezáltal sok értékes fehérjét is. Táplálékintoleranciában szenvedő, gabonára érzékeny kutyák számára különösen alkalmas eledel. Az értékes omega-3 és omega-6 zsírsavak hozzájárulhatnak az egészséges bőr és a fényes szőrzet megőrzéséhez. A prebiotikus inulin kedvezően hat a bélflóra egyensúlyára. A helyes arányú D3-vitamin, calcium és a foszfor erősítheti a csontokat. A taurine fontos a megfelelő szívműködéshez. Teljes értékű eledel kifejlett kutyák számára. Összetétel: burgonyaliszt (57,1%), marhafehérje (24,2%), baromfizsír (5,92%), növényi alapú hidrolizált fehérje (2,5%), lenmag (2%), sörélesztő (2%), szárított répaszeletek (2%), monokalcium-foszfát (0,5%), cellulózpor (0,5%), szarvasmarha-kolosztrum (0,3%), lazacolaj (0,3%), nátrium-klorid (0,3%), cikória (0,26%, ebből 0,15% inulin), kalcium-karbonát (0,2%), napraforgóolaj (0,19%), mannán-oligoszacharidok (0,1%), béta-glükán(0,1%),alma(0,1%), tengeri alga (0,1%), Yucca schidigera (0,1%), glükózamin (0,01%), szurokfű (0,01%), majoránna (0,01%), zsálya (0,01%), kakukkfű (0,01%), petrezselyem (0,01%), kondroitin-szulfát (0,005%). Analitikai összetevők: fehérje 23%, zsírtartalom 11%, nyershamu 8,9%, nyersrost 2,5%, calcium 1,8%, foszfor 1,1%, omega-3 zsírsavak 0,55%, omega-6 zsírsavak 1,5%. Adalékanyagok/kg: tápértékkel rendelkező adalékanyagok: A-vitamin 12000 NE, C-vitamin 50mg, D3-vitamin 1200 NE, taurine 500mg, réz (réz(II)-szulfát, pentahidrát) 10mg, jód (kalcium-jodát, vízmentes) 2mg, szelén (nátrium-szelenit) 0,22mg, cink (aminosavak cink-kelátjának hidrátja) 45mg, cink (cink-oxid)70mg. Etetési javaslat: A tényleges tápanyagszükséglet fajtától, életkortól és aktivitástól függ. Kérjük, hogy csemegével történő kiegészítő táplálás esetén csökkentse megfelelő mértékbena a főeledel megadott mennyiségét Hűvös és száraz helyen tárolandó. Mindig adjon friss ivóvizet. Nyomokban egyéb összetevőket is tartalmazhat. Tovább olvasok"}
{"breadcrumb": "Főoldal/Kutya/Eledelek/Száraz eledelek/Premiere Sensitive száraz kutyaeledel adult bárány&rizs 12,5kg", "product_name": "Premiere Sensitive száraz kutyaeledel adult bárány&rizs 12,5kgPremiere Sensitive száraz kutyaeledel adult bárány&rizs 12,5kg", "brand": "PremiereSensitive12,1kg – 15kgFelnőttjuh&bárány&kecskeérzékeny emésztésű", "regular_price": "9 999", "selling_price": "8 999", "price_per_unit": "1 kg=1360 Ft", "product_url": "https://webshop.fressnapf.hu/termekek/premiere-sens-adult-baranyrizs-125kg/", "product_description": "A PREMIERE SENSITIVE magas bárányhús tartalma (25%) miatt sok értékes fehérjét tartalmaz. Érzékeny emésztésű kutyáknak különösen ajánlott. A PREMIERE SENSITIVE eledelben levő glükózamin és kondroitin hozzájárulhat az ízületi porcok szilárdságához; a kalcium, a foszfor és a D-vitamin pedig a csontokat erősítheti. A Yucca schidigera természetes módon mérsékli a kellemetlen kutyaszagot. A taurin fontos a szívműködés számára. . kiegyensúlyozott receptúra, báránnyal, glutént tartalmazó gabonafélék nélkül . különösen ajánlott érzékeny emésztésű kutyáknak . az értékes omega-3 és -6 zsírsavak hozzájárulhatnak az egészséges bőr és csillogó szőrzet kialakulásához . a válogatott gyógynövények, a prebiotikus inulin és a C-vitamin hozzájárulhatnak a bélflóra és a természetes ellenállóképesség erősödéséhez Teljes értékű takarmány, kifejlett, érzékeny emésztésű kutyák számára. Összetétel: szárított bárányfehérje 19%, rizs 19%, rizsliszt 15%, borsó, szárított burgonyapép 13%, bárányhús 5,6%, szárított répaszeletek, baromfizsír, hidrolizált állati fehérje (máj, szív) 1,5%, lenmag 1,4%, sörélesztő 0,5%, szárított cikória pép 0,2% (inulinnal 0,1%), lazacolaj 0,2%, napraforgóolaj 0,1%, Yucca schidigera 0,1%, glükózamin 0,01%, oregánó 0,008%, petrezselyem 0,008%, majoránna 0,008%, zsálya 0,008%, kakukkfű 0,008%, kondroitin-szulfát 0,005%. Analitikai összetevők: fehérje 20,5%, zsírtartalom 9%, nyershamu 7,5%, nyersrost 4%, kalcium 2%, foszfor 1,2%, omega-3 zsírsavak 0,4%, omega-6 zsírsavak 1%. Adalékanyagok/kg: Tápértékkel rendelkező adalékanyagok: A-vitamin 12000 IE, C-vitamin (L-aszkorbinsav) 250mg, D3-vitamin 1200 IE, E-vitamin (all-rac-alfa-tokoferil-acetát) 250mg, taurin 500mg, réz (réz-(II)-szulfát, pentahidrát) 10mg, vas (vas-karbonát) 150mg , jód (kalcium-jodát, vízmentes) 1,5mg, mangán (mangán-(II)-oxid) 14mg, szelén (szelén-metionit Saccharomyces cerevisiae eredetű*) 0,09mg, cink (cinkoxid) 65mg. Hűvös és száraz helyen tárolandó. Mindig adjon friss ivóvizet. Nyomokban egyéb összetevőket is tartalmazhat. Tovább olvasok"}
{"breadcrumb": "Főoldal/Kutya/Eledelek/Száraz eledelek/Premiere Sensitive száraz kutyaeledel adult bárány&rizs 1kg", "product_name": "Premiere Sensitive száraz kutyaeledel adult bárány&rizs 1kgPremiere Sensitive száraz kutyaeledel adult bárány&rizs 1kg", "brand": "PremiereSensitive801g – 1kgFelnőttjuh&bárány&kecskeérzékeny emésztésű", "regular_price": "2 399", "selling_price": "2 199", "price_per_unit": "1 kg=2199 Ft", "product_url": "https://webshop.fressnapf.hu/termekek/premiere-sens-adult-baranyrizs-1kg/", "product_description": "Kiegyensúlyozott receptúra, báránnyal, glutént tartalmazó gabonafélék nélkül. Különösen ajánlott érzékeny emésztésű kutyáknak. Az értékes omega-3 és -6 zsírsavak hozzájárulhatnak az egészséges bőr és csillogó szőrzet kialakulásához. A válogatott gyógynövények, a prebiotikus inulin és a C-vitamin hozzájárulhatnak a bélflóra és a természetes ellenállóképesség erősödéséhez. A taurin fontos a szívműködés számára. Teljes értékű takarmány, kifejlett, érzékeny emésztésű kutyák számára. Összetétel: szárított bárányfehérje 19%, rizs 19%, rizsliszt 15%, borsó, szárított burgonyapép 13%, bárányhús 5,6%, szárított répaszeletek, baromfizsír, hidrolizált állati fehérje (máj, szív) 1,5%, lenmag 1,4%, sörélesztő 0,5%, szárított cikória pép 0,2% (inulinnal 0,1%), lazacolaj 0,2%, napraforgóolaj 0,1%, Yucca schidigera 0,1%, glükózamin 0,01%, oregánó 0,008%, petrezselyem 0,008%, majoránna 0,008%, zsálya 0,008%, kakukkfű 0,008%, kondroitin-szulfát 0,005%. Analitikai összetevők: fehérje 20,5%, zsírtartalom 9%, nyershamu 7,5%, nyersrost 4%, kalcium 2%, foszfor 1,2%, omega-3 zsírsavak 0,4%, omega-6 zsírsavak 1%. Adalékanyagok/kg: Tápértékkel rendelkező adalékanyagok: A-vitamin 12000 IE, C-vitamin (L-aszkorbinsav) 250mg, D3-vitamin 1200 IE, E-vitamin (all-rac-alfa-tokoferil-acetát) 250mg, taurin 500mg, réz (réz-(II)-szulfát, pentahidrát) 10mg, vas (vas-karbonát) 150mg , jód (kalcium-jodát, vízmentes) 1,5mg, mangán (mangán-(II)-oxid) 14mg, szelén (szelén-metionit Saccharomyces cerevisiae eredetű*) 0,09mg, cink (cinkoxid) 65mg. Hűvös és száraz helyen tárolandó. Mindig adjon friss ivóvizet. Nyomokban egyéb összetevőket is tartalmazhat. Tovább olvasok"}
{"breadcrumb": "Főoldal/Kutya/Eledelek/Száraz eledelek/Premiere Sensitive száraz kutyaeledel adult bárány&rizs 4kg", "product_name": "Premiere Sensitive száraz kutyaeledel adult bárány&rizs 4kgPremiere Sensitive száraz kutyaeledel adult bárány&rizs 4kg", "brand": "PremiereSensitive1,1kg – 4kgFelnőttjuh&bárány&kecskeérzékeny emésztésű", "regular_price": "3 799", "selling_price": "3 299", "price_per_unit": "1 kg=2000 Ft", "product_url": "https://webshop.fressnapf.hu/termekek/premiere-sens-adult-baranyrizs-4kg/", "product_description": "Teljes értékű, minőségi száraz eledel kifejlett, érzékeny emésztésű kutyák számára. . kiegyensúlyozott receptúra, báránnyal, glutént tartalmazó gabonafélék nélkül . különösen ajánlott érzékeny emésztésű kutyáknak . az értékes omega-3 és -6 zsírsavak hozzájárulhatnak az egészséges bőr és csillogó szőrzet kialakulásához . a válogatott gyógynövények, a prebiotikus inulin és a C-vitamin hozzájárulhatnak a bélflóra és a természetes ellenállóképesség erősödéséhez . a taurin fontos a szívműködés számára Összetétel: szárított bárányfehérje 19%, rizs 19%, rizsliszt 15%, borsó, szárított burgonyapép 13%, bárányhús 5,6%, szárított répaszeletek, baromfizsír, hidrolizált állati fehérje (máj, szív) 1,5%, lenmag 1,4%, sörélesztő 0,5%, szárított cikória pép 0,2% (inulinnal 0,1%), lazacolaj 0,2%, napraforgóolaj 0,1%, Yucca schidigera 0,1%, glükózamin 0,01%, oregánó 0,008%, petrezselyem 0,008%, majoránna 0,008%, zsálya 0,008%, kakukkfű 0,008%, kondroitin-szulfát 0,005%. Analitikai összetevők: fehérje 20,5%, zsírtartalom 9%, nyershamu 7,5%, nyersrost 4%, kalcium 2%, foszfor 1,2%, omega-3 zsírsavak 0,4%, omega-6 zsírsavak 1%. Adalékanyagok/kg: Tápértékkel rendelkező adalékanyagok: A-vitamin 12000 IE, C-vitamin (L-aszkorbinsav) 250mg, D3-vitamin 1200 IE, E-vitamin (all-rac-alfa-tokoferil-acetát) 250mg, taurin 500mg, réz (réz-(II)-szulfát, pentahidrát) 10mg, vas (vas-karbonát) 150mg , jód (kalcium-jodát, vízmentes) 1,5mg, mangán (mangán-(II)-oxid) 14mg, szelén (szelén-metionit Saccharomyces cerevisiae eredetű*) 0,09mg, cink (cinkoxid) 65mg. Hűvös és száraz helyen tárolandó. Mindig adjon friss ivóvizet. Nyomokban egyéb összetevőket is tartalmazhat. Tovább olvasok"}
{"breadcrumb": "Főoldal/Kutya/Eledelek/Száraz eledelek/Premiere Sensitive száraz kutyaeledel adult lazac&rizs 12,5kg", "product_name": "Premiere Sensitive száraz kutyaeledel adult lazac&rizs 12,5kgPremiere Sensitive száraz kutyaeledel adult lazac&rizs 12,5kg", "brand": "PremiereSensitive12,1kg – 15kgFelnőtthal&tenger gyümölcseiérzékeny emésztésű", "regular_price": "3 699", "selling_price": "3 299", "price_per_unit": "1 kg=1360 Ft", "product_url": "https://webshop.fressnapf.hu/termekek/premiere-sens-adult-lazacrizs-125kg/", "product_description": "A PREMIERE SENSITIVE magas lazachús tartalma (24%) miatt sok értékes fehérjét tartalmaz. Érzékeny emésztésű kutyáknak különösen ajánlott. A PREMIERE SENSITIVE eledelben levő glükózamin és kondroitin hozzájárulhat az ízületi porcok szilárdságához; a kalcium, a foszfor és a D-vitamin pedig a csontokat erősítheti. A Yucca schidigera természetes módon mérsékelheti a kellemetlen kutyaszagot. A taurin fontos a szívműködés számára. . kiegyensúlyozott receptúra, lazaccal, glutént tartalmazó gabonafélék nélkül . különösen ajánlott érzékeny emésztésű kutyáknak . az értékes omega-3 és -6 zsírsavak hozzájárulhatnak az egészséges bőr és csillogó szőrzet kialakulásához . a válogatott gyógynövények, a prebiotikus inulin és a C-vitamin hozzájárulhatnak a bélflóra és a természetes ellenállóképesség erősödéséhez Teljes értékű takarmány, kifejlett, érzékeny emésztésű kutyák számára. Összetétel: lazacliszt 20%, rizs 20%, borsó, szárított burgonyapép 13,7%, rizsliszt 13,5%, szárított répaszeletek, lazac 4%, baromfizsír, hidrolizált állati fehérje (máj, szív) 1,5%, lenmag 1,4%, sörélesztő 0,5%, szárított cikória pép 0,2% (inulinnal 0,1%), lazacolaj 0,2%, napraforgóolaj 0,1%, Yucca schidigera 0,1%, glükózamin 0,01%, majoránna 0,008%, kakukkfű 0,008%, zsálya 0,008%, petrezselyem 0,008%, oregánó 0,008%, kondroitin-szulfát 0,005%. Analitikai összetevők: fehérje 20,5%, zsírtartalom 9%, nyershamu 5,5%, nyersrost 4%, kalcium 1,3%, foszfor 0,8%, omega-3 zsírsavak 1,1%, omega-6 zsírsavak 1,6%. Adalékanyagok/kg: Tápértékkel rendelkező adalékanyagok: A-vitamin 12000 IE, C-vitamin (L-aszkorbinsav) 250mg, D3-vitamin 1200 IE, E-vitamin (all-rac-alfa-tokoferil-acetát) 250mg, taurin 500mg, réz (réz-(II)-szulfát, pentahidrát) 10mg, vas (vas-karbonát) 150mg, jód (kalcium-jodát, vízmentes) 1,5mg, mangán (mangán-(II)-oxid) 14mg, szelén (szelén-metionit Saccharomyces cerevisiae eredetű*) 0,09mg, cink (cinkoxid) 65mg. Hűvös és száraz helyen tárolandó. Mindig adjon friss ivóvizet. Nyomokban egyéb összetevőket is tartalmazhat. Tovább olvasok"}
{"breadcrumb": "Főoldal/Kutya/Eledelek/Száraz eledelek/Premiere Sensitive száraz kutyaeledel adult lazac&rizs 1kg", "product_name": "Premiere Sensitive száraz kutyaeledel adult lazac&rizs 1kgPremiere Sensitive száraz kutyaeledel adult lazac&rizs 1kg", "brand": "PremiereSensitive801g – 1kgFelnőtthal&tenger gyümölcseiérzékeny emésztésű", "regular_price": "2 399", "selling_price": "2 199", "price_per_unit": "1 kg=2199 Ft", "product_url": "https://webshop.fressnapf.hu/termekek/premiere-sens-adult-lazacrizs-1kg/", "product_description": "Kiegyensúlyozott receptúra, lazaccal, glutént tartalmazó gabonafélék nélkül. Különösen ajánlott érzékeny emésztésű kutyáknak. Az értékes omega-3 és -6 zsírsavak hozzájárulhatnak az egészséges bőr és csillogó szőrzet kialakulásához. A válogatott gyógynövények, a prebiotikus inulin és a C-vitamin hozzájárulhatnak a bélflóra és a természetes ellenállóképesség erősödéséhez. A taurin fontos a szívműködés számára. Teljes értékű takarmány, kifejlett, érzékeny emésztésű kutyák számára. Összetétel: lazacliszt 20%, rizs 20%, borsó, szárított burgonyapép 13,7%, rizsliszt 13,5%, szárított répaszeletek, lazac 4%, baromfizsír, hidrolizált állati fehérje (máj, szív) 1,5%, lenmag 1,4%, sörélesztő 0,5%, szárított cikória pép 0,2% (inulinnal 0,1%), lazacolaj 0,2%, napraforgóolaj 0,1%, Yucca schidigera 0,1%, glükózamin 0,01%, majoránna 0,008%, kakukkfű 0,008%, zsálya 0,008%, petrezselyem 0,008%, oregánó 0,008%, kondroitin-szulfát 0,005%. Analitikai összetevők: fehérje 20,5%, zsírtartalom 9%, nyershamu 5,5%, nyersrost 4%, kalcium 1,3%, foszfor 0,8%, omega-3 zsírsavak 1,1%, omega-6 zsírsavak 1,6%. Adalékanyagok/kg: Tápértékkel rendelkező adalékanyagok: A-vitamin 12000 IE, C-vitamin (L-aszkorbinsav) 250mg, D3-vitamin 1200 IE, E-vitamin (all-rac-alfa-tokoferil-acetát) 250mg, taurin 500mg, réz (réz-(II)-szulfát, pentahidrát) 10mg, vas (vas-karbonát) 150mg, jód (kalcium-jodát, vízmentes) 1,5mg, mangán (mangán-(II)-oxid) 14mg, szelén (szelén-metionit Saccharomyces cerevisiae eredetű*) 0,09mg, cink (cinkoxid) 65mg. Hűvös és száraz helyen tárolandó. Mindig adjon friss ivóvizet. Nyomokban egyéb összetevőket is tartalmazhat. Tovább olvasok"}
{"breadcrumb": "Főoldal/Kutya/Eledelek/Száraz eledelek/Premiere Sensitive száraz kutyaeledel adult lazac&rizs 4kg", "product_name": "Premiere Sensitive száraz kutyaeledel adult lazac&rizs 4kgPremiere Sensitive száraz kutyaeledel adult lazac&rizs 4kg", "brand": "PremiereSensitive1,1kg – 4kgFelnőtthal&tenger gyümölcseiérzékeny emésztésű", "regular_price": "3 799", "selling_price": "3 299", "price_per_unit": "1 kg=2000 Ft", "product_url": "https://webshop.fressnapf.hu/termekek/premiere-sens-adult-lazacrizs-4kg/", "product_description": "Teljes értékű, minőségi száraz eledel kifejlett, érzékeny emésztésű kutyák számára. . kiegyensúlyozott receptúra, lazaccal, glutént tartalmazó gabonafélék nélkül . különösen ajánlott érzékeny emésztésű kutyáknak . az értékes omega-3 és -6 zsírsavak hozzájárulhatnak az egészséges bőr és csillogó szőrzet kialakulásához . a válogatott gyógynövények, a prebiotikus inulin és a C-vitamin hozzájárulhatnak a bélflóra és a természetes ellenállóképesség erősödéséhez . a taurin fontos a szívműködés számára Összetétel: lazacliszt 20%, rizs 20%, borsó, szárított burgonyapép 13,7%, rizsliszt 13,5%, szárított répaszeletek, lazac 4%, baromfizsír, hidrolizált állati fehérje (máj, szív) 1,5%, lenmag 1,4%, sörélesztő 0,5%, szárított cikória pép 0,2% (inulinnal 0,1%), lazacolaj 0,2%, napraforgóolaj 0,1%, Yucca schidigera 0,1%, glükózamin 0,01%, majoránna 0,008%, kakukkfű 0,008%, zsálya 0,008%, petrezselyem 0,008%, oregánó 0,008%, kondroitin-szulfát 0,005%. Analitikai összetevők: fehérje 20,5%, zsírtartalom 9%, nyershamu 5,5%, nyersrost 4%, kalcium 1,3%, foszfor 0,8%, omega-3 zsírsavak 1,1%, omega-6 zsírsavak 1,6%. Adalékanyagok/kg: Tápértékkel rendelkező adalékanyagok: A-vitamin 12000 IE, C-vitamin (L-aszkorbinsav) 250mg, D3-vitamin 1200 IE, E-vitamin (all-rac-alfa-tokoferil-acetát) 250mg, taurin 500mg, réz (réz-(II)-szulfát, pentahidrát) 10mg, vas (vas-karbonát) 150mg, jód (kalcium-jodát, vízmentes) 1,5mg, mangán (mangán-(II)-oxid) 14mg, szelén (szelén-metionit Saccharomyces cerevisiae eredetű*) 0,09mg, cink (cinkoxid) 65mg. Hűvös és száraz helyen tárolandó. Mindig adjon friss ivóvizet. Nyomokban egyéb összetevőket is tartalmazhat. Tovább olvasok"}
{"breadcrumb": "Főoldal/Kutya/Eledelek/Jutalomfalatok&rágcsák/Premiere Snack Bar kutya jutalomfalat csirke&répa 4x25g", "product_name": "Premiere Snack Bar kutya jutalomfalat csirke&répa 4x25gPremiere Snack Bar kutya jutalomfalat csirke&répa 4x25g", "brand": "PremiereSnack BarFelnőttszárnyasrágócsíkok", "regular_price": "1899", "selling_price": "", "price_per_unit": "1 KG=18990 Ft", "product_url": "https://webshop.fressnapf.hu/termekek/premiere-snack-bar-kutya-jutalomfalat-csirkerepa-4x25g/", "product_description": "PREMIERE Fehérje szelet. Csirke répa. Egyesével csomagolt jutalomfalatok praktikus szelet formátumban, magas fehérjetartalommal. Ízletes csirkéből, répával kombinálva. Minőség: 74% csirke. 28% fehérje. Egyesével csomagolva – tökéletes útravaló. Hozzáadott cukor, szója és mesterséges színezékek nélkül. Állaga: puha Kiegészítő eledel kifejlett kutyáknak. Összetétel: hús és állati származékok (65% csirke), glicerin, csirkefehérje (9%), borsókeményítő, répa (4%). Nyomokban egyéb összetevőket is tartalmazhat. Analitikai összetevők: fehérje 28%, zsírtartalom 16%, nyershamu 4,7%, nyersrost 1,5%. Nedvesség 24%. Adalékanyagok/kg: technológiai adalékanyagok: antioxidánsok, tartósítószerek. Érzékszervi tulajdonságokat javító adalékanyagok: aromaanyagok. Tovább olvasok"}
{"breadcrumb": "Főoldal/Kutya/Eledelek/Jutalomfalatok&rágcsák/Premiere Snack It Cubes kutya jutalomfalat lazac 100g", "product_name": "Premiere Snack It Cubes kutya jutalomfalat lazac 100gPremiere Snack It Cubes kutya jutalomfalat lazac 100g", "brand": "PremiereSnack It0g – 100gFelnőtthal&tenger gyümölcseiszárított&természetes", "regular_price": "1299", "selling_price": "", "price_per_unit": "1 kg=12990 Ft", "product_url": "https://webshop.fressnapf.hu/termekek/premiere-snack-it-cubes-kutya-jutalomfalat-lazac-100g/", "product_description": "PREMIERE Fish. Lazacos kocka. Minőség: Tökéletes jutalomfalat vagy edzés-ropi. 81% lazac. Kemencében szárított. Gluténmentes receptúra. Hozzáadott cukor nélkül. Hozzáadott mesterséges színezékek és aromaanyagok nélkül. Jutalmazás. Kiegészítő eledel kutyák számára kb. 6 hónapos kortól. Összetétel: lazac 71%, lazacbőr 10% földimogyoró-fehérje 6,5%, kukoricakeményítő 4,8%, glicerin 4,5%, csirkefehérjepor 3%, só 0,2%. Analitikai összetevők: fehérje 30%, zsírtartalom 6,5%, nyershamu 4,5%, nyersrost 1,5%. Nedvesség 18%. Etetési javaslat: Csemegeként, a fő eledel kiegészítésére. A fő eledel mennyisége szükség szerint csökkenthető. Nyomokban egyéb összetevőket is tartalmazhat. Tovább olvasok"}
{"breadcrumb": "Főoldal/Kutya/Eledelek/Jutalomfalatok&rágcsák/Premiere Snack It Cubes kutya jutalomfalat lazac&tőkehal 100g", "product_name": "Premiere Snack It Cubes kutya jutalomfalat lazac&tőkehal 100gPremiere Snack It Cubes kutya jutalomfalat lazac&tőkehal 100g", "brand": "PremiereSnack It0g – 100gFelnőtthal&tenger gyümölcseiszárított&természetes", "regular_price": "1299", "selling_price": "", "price_per_unit": "1 kg=12990 Ft", "product_url": "https://webshop.fressnapf.hu/termekek/premiere-snack-it-cubes-kutya-jutalomfalat-lazactokehal-100g/", "product_description": "PREMIERE Fish. Lazacos és tőkehalas kockák. Minőség: Tökéletes jutalomfalat vagy edzés-ropi. 78% hal. Kemencében szárított. Gluténmentes receptúra. Hozzáadott cukor nélkül. Hozzáadott mesterséges színezékek és aromaanyagok nélkül. Jutalmazás. Kiegészítő eledel kutyák számára kb. 6 hónapos kortól. Összetétel: lazac 50%, tőkehal 28% kukoricakeményítő 8%, földimogyoró-fehérje 7,1%, glicerin 4,7%, csirkefehérjepor 2%, só 0,2%. Analitikai összetevők: fehérje 30%, zsírtartalom 6,5%, nyershamu 4,5%, nyersrost 1,5%. Nedvesség 18%. Etetési javaslat: Csemegeként, a fő eledel kiegészítésére. A fő eledel mennyisége szükség szerint csökkenthető. Nyomokban egyéb összetevőket is tartalmazhat. Tovább olvasok"}
{"breadcrumb": "Főoldal/Kutya/Eledelek/Jutalomfalatok&rágcsák/Premiere Snack It kutya jutalomfalat kacsamell csíkok 250g", "product_name": "Premiere Snack It kutya jutalomfalat kacsamell csíkok 250gPremiere Snack It kutya jutalomfalat kacsamell csíkok 250g", "brand": "PremiereBreastFelnőttszárnyasszárított&természetes", "regular_price": "2299", "selling_price": "", "price_per_unit": "1 kg=9196 Ft", "product_url": "https://webshop.fressnapf.hu/termekek/premiere-snack-it-kutya-jutalomfalat-kacsamell-csikok-250g/", "product_description": "Különösen finom Nem tartalmaz mesterséges adalékanyagokat Mindössze 2,7% zsírt tartalmaz Levegőn szárított természetes termék, snack kutyáknak. • különösen ízletes • nem tartalmaz mesterséges adalékanyagokat • alacsony zsírtartalmú Új, praktikus XXL 4 x 250 g-os gazdaságos kiszerelésben is kapható. Kiegészítő eledel kifejlett kutyák számára Bővebb információk a következő címen kérhetők: webshop@fressnapf.hu Analitikai összetevők 49,8% fehérje, 2,7% zsírtartalom, 5,0% nyershamu, 0,5% nyersrost. Összetétel 97,3% kacsahús, növényi eredetű melléktermékek, ásványi anyagok. Adalékanyag/kg – Táplálási javaslat Jutalomfalat a fő eledel kiegészítéseként. Ne használja önálló eledelként. Hűvös és száraz helyen tárolja. A tasakban található „oxigénabszorber” a termék frissen tartására szolgál, fogyasztásra nem alkalmas. Nyomokban tartalmazhat egyéb összetevőket. Tovább olvasok"}
{"breadcrumb": "Főoldal/Kutya/Eledelek/Jutalomfalatok&rágcsák/Premiere Snack It kutya jutalomfalat kacsamell csíkok 70g", "product_name": "Premiere Snack It kutya jutalomfalat kacsamell csíkok 70gPremiere Snack It kutya jutalomfalat kacsamell csíkok 70g", "brand": "PremiereBreastFelnőttszárnyasszárított&természetes", "regular_price": "899", "selling_price": "", "price_per_unit": "1 KG=12843 Ft", "product_url": "https://webshop.fressnapf.hu/termekek/premiere-snack-it-kutya-jutalomfalat-kacsamell-csikok-70g/", "product_description": "Kiegészítő eledel kifejlett kutyák számára. Levegőn szárított természetes termék kutyáknak. -Rendkívül ízletes -Mesterséges adalékanyagok hozzáadása nélkül -Alacsony zsírtartalom Összetétel: kacsahús 97,3%, növényi melléktermékek, ásványi anyagok. Analitikai összetevők: fehérje 49,8%, zsírtartalom 2,7%, nyershamu 5,0%, nyersrost 0,5%. nedvességtartalom 17% Etetési javaslat: csemegeként, a fő eledel kiegészítésére. A fő eledel mennyisége szükség szerint csökkenthető. Nem alkalmas önálló eledelként. Tovább olvasok"}
{"breadcrumb": "Főoldal/Kutya/Eledelek/Jutalomfalatok&rágcsák/Premiere Snack It kutya jutalomfalat ropogós csontok marha 2db", "product_name": "Premiere Snack It kutya jutalomfalat ropogós csontok marha 2dbPremiere Snack It kutya jutalomfalat ropogós csontok marha 2db", "brand": "PremiereCrunchy BoneFelnőttmarha&borjúropogós falatokgabonamentes", "regular_price": "1699", "selling_price": "", "price_per_unit": "1 db=850 Ft", "product_url": "https://webshop.fressnapf.hu/termekek/premiere-snack-it-kutya-jutalomfalat-ropogos-csontok-marha-2db/", "product_description": "Premiere Snack It kutya jutalomfalat kifejlett kutyák részére. -Elvezetés ropogtatás. -Természetes összetevők. -Búzamentes receptúra. -Hozzáadott cukor és szója nélkül. -Hozzáadott mesterséges színezékek és tartósítószerek nélkül. -Kiegészítő takarmány kifejlett kutyáknak. Összetétel: marhatüdő 50%, puffasztott rizs 24%, marhamáj 20%, borsófehérje 6% Analitikai összetevők: fehérje 33,1%, zsírtartalom 6,8%, nyershamu 3,3%, nyersrost 0,9% Etetési javaslat: csemegeként, a fő eledel kiegészítésére. A fő eledel mennyisége szükség szerint csökkenthető. Nem alkalmas önálló eledelként. Etetés közben felügyelje kutyáját. Mindig adjon friss vizet. Hűvös és száraz helyen tárolandó. Tovább olvasok"}
{"breadcrumb": "Főoldal/Kutya/Eledelek/Jutalomfalatok&rágcsák/Premiere Snack it meat sticks kutya jutalomfalat szarvas 90g", "product_name": "Premiere Snack it meat sticks kutya jutalomfalat szarvas 90gPremiere Snack it meat sticks kutya jutalomfalat szarvas 90g", "brand": "PremiereSnack It0g – 100gFelnőttvadrágócsíkok", "regular_price": "1099", "selling_price": "", "price_per_unit": "1 kg=12211 Ft", "product_url": "https://webshop.fressnapf.hu/termekek/premiere-snack-it-meat-sticks-kutya-jutalomfalat-szarvas-90g/", "product_description": "PREMIERE Deluxe. Meat Sticks Szarvas. Húsrudacskák különleges fehérjeforrással készítve. Magas hústartalom. Minőség: PREMIERE Deluxe: Különleges fehérjeforrással készítve. A tökéletes jutalom. Gluténmentes receptúra. Hozzáadott cukor nélkül. Hozzáadott mesterséges színezékek és tartósítószerek nélkül. Jutalom. Állaga: puha. Kiegészítő eledel kutyáknak. Összetétel: szarvashús 48,5%, kacsahús 27%, kukoricakeményítő 10%, glicerin 8%, borsófehérje 6%, só 0,5%. Analitikai összetevők: fehérje 20%, zsírtartalom 8%, nyershamu 6%, nyersrost 3%. Nedvesség 23%. Etetési javaslat: Csemegeként, a fő eledel kiegészítésére. A fő eledel mennyisége szükség szerint csökkenthető. Nyomokban egyéb összetevőket is tartalmazhat. Tovább olvasok"}
{"breadcrumb": "Főoldal/Kutya/Eledelek/Jutalomfalatok&rágcsák/Premiere Snack It Strips kutya jutalomfalat lazac 100g", "product_name": "Premiere Snack It Strips kutya jutalomfalat lazac 100gPremiere Snack It Strips kutya jutalomfalat lazac 100g", "brand": "PremiereSnack It0g – 100gFelnőtthal&tenger gyümölcseiszárított&természetes", "regular_price": "1299", "selling_price": "", "price_per_unit": "1 kg=12990 Ft", "product_url": "https://webshop.fressnapf.hu/termekek/premiere-snack-it-strips-kutya-jutalomfalat-lazac-100g/", "product_description": "PREMIERE Fish. Lazacos csíkok. Minőség: Tökéletes jutalomfalat. 81% lazac. Kemencében szárított. Gluténmentes receptúra. Hozzáadott cukor nélkül. Hozzáadott mesterséges színezékek és aromaanyagok nélkül. Jutalmazás. Állaga: puha. Kiegészítő eledel kutyák számára kb. 6 hónapos kortól. Összetétel: lazac 71%, lazacbőr 10% földimogyoró-fehérje 6,5%, kukoricakeményítő 4,8%, glicerin 4,5%, csirkefehérjepor 3%, só 0,2%. Analitikai összetevők: fehérje 30%, zsírtartalom 6,5%, nyershamu 4,5%, nyersrost 1,5%. Nedvesség 18%. Etetési javaslat: Csemegeként, a fő eledel kiegészítésére. A fő eledel mennyisége szükség szerint csökkenthető. Nyomokban egyéb összetevőket is tartalmazhat. Tovább olvasok"}
{"breadcrumb": "Főoldal/Kutya/Eledelek/Jutalomfalatok&rágcsák/Premiere Snack ProteinBar kutya jutalomfalat marha&alma 4x25g", "product_name": "Premiere Snack ProteinBar kutya jutalomfalat marha&alma 4x25gPremiere Snack ProteinBar kutya jutalomfalat marha&alma 4x25g", "brand": "PremiereSnack Bar0g – 100gFelnőttjuh&bárány&kecskerágócsíkok", "regular_price": "1899", "selling_price": "", "price_per_unit": "1 kg=18990 Ft", "product_url": "https://webshop.fressnapf.hu/termekek/premiere-snack-proteinbar-kutya-jutalomfalat-marhaalma-4x25g/", "product_description": "PREMIERE Fehérje szelet. Marha almával. Egyesével csomagolt jutalomfalatok praktikus szelet formátumban, magas fehérjetartalommal. Ízletes marhából, zamatos almával kombinálva. Minőség: 74% marha. 29% fehérje. Egyesével csomagolva – tökéletes útravaló. Hozzáadott cukor, szója és mesterséges színezékek nélkül. Állaga: puha Kiegészítő eledel kifejlett kutyáknak. Összetétel: hús és állati származékok (65% marha), glicerin, marhafehérje (9%), borsókeményítő, alma (4%). Nyomokban egyéb összetevőket is tartalmazhat. Analitikai összetevők: fehérje 29%, zsírtartalom 12%, nyershamu 4,6%, nyersrost 2,5%. Nedvesség 24%. Adalékanyagok/kg: technológiai adalékanyagok: antioxidánsok, tartósítószerek. Érzékszervi tulajdonságokat javító adalékanyagok: aromaanyagok. Tovább olvasok"}
{"breadcrumb": "Főoldal/Kutya/Eledelek/Száraz eledelek/Premiere Soft száraz kutyaeledel adult kacsa 1kg", "product_name": "Premiere Soft száraz kutyaeledel adult kacsa 1kgPremiere Soft száraz kutyaeledel adult kacsa 1kg", "brand": "Premiere801g – 1kgFelnőttszárnyasérzékeny emésztésűSoft", "regular_price": "3 499", "selling_price": "3 299", "price_per_unit": "1 kg=3299 Ft", "product_url": "https://webshop.fressnapf.hu/termekek/premiere-soft-szaraz-kutyaeledel-adult-kacsa-1kg/", "product_description": "Segíti az emésztést Kíméletes szárítási eljárás Félig nedves, különösen lédús krokettek A PREMIERE SOFT Adult extra mennyiségű friss baromfihúst (60%) tartalmaz. Ezért a krokettek különösen szaftosak és jellegzetes húsízt kínálnak. A PREMIERE SOFT Adult értékes vitaminokat, valamint lenmagot és cikóriát tartalmaz, amelyek hozzájárulhatnak az optimális emésztéshez. A SOFT Adult receptúrája optimálisan igazodik a felnőtt kutyák igényeihez. Az előnyök áttekintése: magas friss kacsa- (35%) és csirkehústartalommal (25%) a félig nedves, különösen szaftos krokettek jellegzetes húsízt kínálnak értékes vitaminokat, valamint lenmagot és cikóriát tartalmaz, amelyek hozzájárulhatnak az optimális emésztéshez. kíméletes szárítási eljárás nem tartalmaz mesterséges színezékeket Analitikai összetevők 28% fehérje, 16% zsírtartalom, 5,8% nyershamu, 2% nyersrost, 1,2% kalcium, 0,8% foszfor, 2,5% omega-6 zsírsavak, 0,5% omega-3 zsírsavak Összetétel friss kacsa (35%), friss csirke (25%), kukorica, csirkefehérje (8%), rizs, lenmag (1,3%), hidrolizált baromfifehérje, szárított répaszelet, halolaj, cikória (0,25%), sörélesztő, borsó, zeller, sárgarépa, alma, vörös áfonya, paradicsom, Yucca schidigera, fekete áfonya, glükózamin, körömvirág, ezerjófű, enciángyökér, fagyöngy, kamillavirág, kömény, édeskömény, cickafark, szederlevél, csalán Adalékanyag/kg Vitaminok: 11750 NE retinil-acetát, 1175 NE D3-vitamin, 70 mg E-vitamin, 70 mg C-vitamin, nyomelemek: 2 mg kalcium-jodát, vízmentes, 10 mg réz (réz(II)-szulfát, pentahidrát), 0,2 mg nátrium-szelenit, 70 mg cink-oxid Táplálási javaslat A kutya súlya Napi szükséglet 3 kg 55 g 5 kg 80 g 7,5 kg 110 g 10 kg 135 g 12,5 kg 155 g 15 kg 185 g 20 kg 230 g 25 kg 270 g 30 kg 310 g 40 kg 385 g 50 kg 455 g 60 kg 520 g A megadott adatok irányadó értékek. Az egyéni tápanyagigény a fajtától, az életkortól és az aktivitástól függ. Ügyeljen arra, hogy jutalomfalatok hozzáadása esetén csökkentse a megadott tápmennyiséget. Hűvös és száraz helyen tárolja. Mindig álljon rendelkezésre friss ivóvíz. Nyomokban egyéb összetevőket tartalmazhat. Tovább olvasok"}
{"breadcrumb": "Főoldal/Kutya/Eledelek/Száraz eledelek/Premiere Soft száraz kutyaeledel adult kacsa 4kg", "product_name": "Premiere Soft száraz kutyaeledel adult kacsa 4kgPremiere Soft száraz kutyaeledel adult kacsa 4kg", "brand": "PremiereSoft1,1kg – 4kgFelnőttszárnyas", "regular_price": "3 799", "selling_price": "3 299", "price_per_unit": "1 kg=2500 Ft", "product_url": "https://webshop.fressnapf.hu/termekek/premiere-soft-adult-kacsa-4kg/", "product_description": "Segíti az emésztést Kíméletes szárítási eljárás Félig nedves, különösen lédús krokettek A PREMIERE SOFT Adult extra mennyiségű friss baromfihúst (60%) tartalmaz. Ezért a krokettek különösen szaftosak és jellegzetes húsízt kínálnak. A PREMIERE SOFT Adult értékes vitaminokat, valamint lenmagot és cikóriát tartalmaz, amelyek hozzájárulhatnak az optimális emésztéshez. A SOFT Adult receptúrája optimálisan igazodik a felnőtt kutyák igényeihez. Az előnyök áttekintése: magas friss kacsa- (35%) és csirkehústartalommal (25%) a félig nedves, különösen szaftos krokettek jellegzetes húsízt kínálnak értékes vitaminokat, valamint lenmagot és cikóriát tartalmaz, amelyek hozzájárulhatnak az optimális emésztéshez. kíméletes szárítási eljárás nem tartalmaz mesterséges színezékeket Analitikai összetevők 28% fehérje, 16% zsírtartalom, 5,8% nyershamu, 2% nyersrost, 1,2% kalcium, 0,8% foszfor, 2,5% omega-6 zsírsavak, 0,5% omega-3 zsírsavak Összetétel friss kacsa (35%), friss csirke (25%), kukorica, csirkefehérje (8%), rizs, lenmag (1,3%), hidrolizált baromfifehérje, szárított répaszelet, halolaj, cikória (0,25%), sörélesztő, borsó, zeller, sárgarépa, alma, vörös áfonya, paradicsom, Yucca schidigera, fekete áfonya, glükózamin, körömvirág, ezerjófű, enciángyökér, fagyöngy, kamillavirág, kömény, édeskömény, cickafark, szederlevél, csalán Adalékanyag/kg Vitaminok: 11750 NE retinil-acetát, 1175 NE D3-vitamin, 70 mg E-vitamin, 70 mg C-vitamin, nyomelemek: 2 mg kalcium-jodát, vízmentes, 10 mg réz (réz(II)-szulfát, pentahidrát), 0,2 mg nátrium-szelenit, 70 mg cink-oxid Táplálási javaslat A kutya súlya Napi szükséglet 3 kg 55 g 5 kg 80 g 7,5 kg 110 g 10 kg 135 g 12,5 kg 155 g 15 kg 185 g 20 kg 230 g 25 kg 270 g 30 kg 310 g 40 kg 385 g 50 kg 455 g 60 kg 520 g A megadott adatok irányadó értékek. Az egyéni tápanyagigény a fajtától, az életkortól és az aktivitástól függ. Ügyeljen arra, hogy jutalomfalatok hozzáadása esetén csökkentse a megadott tápmennyiséget. Hűvös és száraz helyen tárolja. Mindig álljon rendelkezésre friss ivóvíz. Nyomokban egyéb összetevőket tartalmazhat. Tovább olvasok"}
{"breadcrumb": "Főoldal/Kutya/Eledelek/Száraz eledelek/Premiere Soft száraz kutyaeledel adult marha 1kg", "product_name": "Premiere Soft száraz kutyaeledel adult marha 1kgPremiere Soft száraz kutyaeledel adult marha 1kg", "brand": "PremiereSoft801g – 1kgFelnőttmarha&borjú", "regular_price": "3 499", "selling_price": "3 299", "price_per_unit": "1 kg=3299 Ft", "product_url": "https://webshop.fressnapf.hu/termekek/premiere-soft-adult-marha-1kg/", "product_description": "60% friss marhahús Segíti az emésztést Félig nedves, különösen lédús krokettek A PREMIERE SOFT Adult extra mennyiségű friss marhahúst (60%) tartalmaz. Ezért a krokettek különösen szaftosak és jellegzetes húsízt kínálnak. A PREMIERE SOFT Adult értékes vitaminokat, valamint lenmagot és cikóriát tartalmaz, amelyek hozzájárulhatnak az optimális emésztéshez. A SOFT Adult receptúrája optimálisan igazodik a felnőtt kutyák igényeihez. Az előnyök áttekintése: extra magas frisshús-tartalom (60%) a legmegfelelőbb elfogadás érdekében a félig nedves, különösen szaftos krokettek jellegzetes húsízt kínálnak értékes vitaminokat, valamint lenmagot és cikóriát tartalmaz, amelyek hozzájárulhatnak az optimális emésztéshez. kíméletes szárítási eljárás Nem tartalmaz mesterséges színezékeket Analitikai összetevők 25% fehérje, 14% zsírtartalom, 7,9% nyershamu, 2% nyersrost, 1,5% kalcium, 1,1% foszfor, 1,2% omega-6 zsírsavak, 0,55% omega-3 zsírsavak Összetétel friss marhahús (60%), kukorica, marhafehérje(8%), rizs, lenmag (1,3%), hidrolizált baromfifehérje, szárított répaszelet, alma, borsó, cikória (0,25%), sörélesztő, halolaj, zeller, sárgarépa, paradicsom, Yucca schidigera, vörös áfonya, fekete áfonya, glükózamin, körömvirág, ezerjófű, enciángyökér, fagyöngy, kamillavirág, kömény, édeskömény, cickafark, szederlevél, csalán Adalékanyag/kg Vitaminok: 11750 NE retinil-acetát, 1175 NE D3-vitamin, 70 mg E-vitamin, 70 mg C-vitamin, nyomelemek: 2 mg kalcium-jodát, vízmentes, 10 mg réz (réz(II)-szulfát, pentahidrát), 0,2 mg nátrium-szelenit, 70 mg cink-oxid Táplálási javaslat A kutya súlya Napi szükséglet 3 kg 60 g 5 kg 85 g 7,5 kg 115 g 10 kg 140 g 12,5 kg 165 g 15 kg 195 g 20 kg 240 g 25 kg 285 g 30 kg 325 g 40 kg 405 g 50 kg 475 g 60 kg 545 g A megadott adatok irányadó értékek. Az egyéni tápanyagigény a fajtától, az életkortól és az aktivitástól függ. Ügyeljen arra, hogy jutalomfalatok hozzáadása esetén csökkentse a megadott tápmennyiséget. Hűvös és száraz helyen tárolja. Mindig álljon rendelkezésre friss ivóvíz. Nyomokban egyéb összetevőket tartalmazhat. Tovább olvasok"}
{"breadcrumb": "Főoldal/Kutya/Eledelek/Száraz eledelek/Premiere Soft száraz kutyaeledel adult marha 4kg", "product_name": "Premiere Soft száraz kutyaeledel adult marha 4kgPremiere Soft száraz kutyaeledel adult marha 4kg", "brand": "PremiereSoft1,1kg – 4kgFelnőttmarha&borjú", "regular_price": "3 799", "selling_price": "3 299", "price_per_unit": "1 kg=2500 Ft", "product_url": "https://webshop.fressnapf.hu/termekek/premiere-soft-adult-marha-4kg/", "product_description": "60% friss marhahús Segíti az emésztést Félig nedves, különösen lédús krokettek A PREMIERE SOFT Adult extra mennyiségű friss marhahúst (60%) tartalmaz. Ezért a krokettek különösen szaftosak és jellegzetes húsízt kínálnak. A PREMIERE SOFT Adult értékes vitaminokat, valamint lenmagot és cikóriát tartalmaz, amelyek hozzájárulhatnak az optimális emésztéshez. A SOFT Adult receptúrája optimálisan igazodik a felnőtt kutyák igényeihez. Az előnyök áttekintése: extra magas frisshús-tartalom (60%) a legmegfelelőbb elfogadás érdekében a félig nedves, különösen szaftos krokettek jellegzetes húsízt kínálnak értékes vitaminokat, valamint lenmagot és cikóriát tartalmaz, amelyek hozzájárulhatnak az optimális emésztéshez. kíméletes szárítási eljárás Nem tartalmaz mesterséges színezékeket Analitikai összetevők 25% fehérje, 14% zsírtartalom, 7,9% nyershamu, 2% nyersrost, 1,5% kalcium, 1,1% foszfor, 1,2% omega-6 zsírsavak, 0,55% omega-3 zsírsavak Összetétel friss marhahús (60%), kukorica, marhafehérje(8%), rizs, lenmag (1,3%), hidrolizált baromfifehérje, szárított répaszelet, alma, borsó, cikória (0,25%), sörélesztő, halolaj, zeller, sárgarépa, paradicsom, Yucca schidigera, vörös áfonya, fekete áfonya, glükózamin, körömvirág, ezerjófű, enciángyökér, fagyöngy, kamillavirág, kömény, édeskömény, cickafark, szederlevél, csalán Adalékanyag/kg Vitaminok: 11750 NE retinil-acetát, 1175 NE D3-vitamin, 70 mg E-vitamin, 70 mg C-vitamin, nyomelemek: 2 mg kalcium-jodát, vízmentes, 10 mg réz (réz(II)-szulfát, pentahidrát), 0,2 mg nátrium-szelenit, 70 mg cink-oxid Táplálási javaslat A kutya súlya Napi szükséglet 3 kg 60 g 5 kg 85 g 7,5 kg 115 g 10 kg 140 g 12,5 kg 165 g 15 kg 195 g 20 kg 240 g 25 kg 285 g 30 kg 325 g 40 kg 405 g 50 kg 475 g 60 kg 545 g A megadott adatok irányadó értékek. Az egyéni tápanyagigény a fajtától, az életkortól és az aktivitástól függ. Ügyeljen arra, hogy jutalomfalatok hozzáadása esetén csökkentse a megadott tápmennyiséget. Hűvös és száraz helyen tárolja. Mindig álljon rendelkezésre friss ivóvíz. Nyomokban egyéb összetevőket tartalmazhat. Tovább olvasok"}
{"breadcrumb": "Főoldal/Kutya/Eledelek/Száraz eledelek/Premiere Soft száraz kutyaeledel adult mini csirke 1kg", "product_name": "Premiere Soft száraz kutyaeledel adult mini csirke 1kgPremiere Soft száraz kutyaeledel adult mini csirke 1kg", "brand": "PremiereSoft801g – 1kgFelnőttszárnyasgyomor&emésztéskistestű 10kg-ig", "regular_price": "2 999", "selling_price": "2 799", "price_per_unit": "1 kg=2799 Ft", "product_url": "https://webshop.fressnapf.hu/termekek/premiere-soft-adult-mini-csirke-1kg/", "product_description": "Extra magas frisshús-tartalom (55%) a maximális elfogadás érdekében. Optimális emésztés a lenmagnak és a cikóriának köszönhetően. Félig nedves, különösen lédús krokettek. A PREMIERE Soft Mini Adult extra mennyiségű friss baromfihúst (55%) tartalmaz. Ezért a krokettek különösen szaftosak és jellegzetes húsízt kínálnak. A kíméletes gyártási folyamat (extrudáló főzési eljárás) a keményítőt könnyen emészthető szénhidrátokra bontja. A PREMIERE Soft Mini Adult értékes vitaminokat, valamint lenmagot és cikóriát tartalmaz, amelyek hozzájárulnak az optimális emésztéshez. A SOFT Mini Adult receptúrája optimálisan igazodik a kistestű felnőtt kutyák igényeihez, hiszen a krokettek extra kis méretűek. Az előnyök áttekintése: rendkívül magas friss csirkehústartalom (55%) a félig nedves, különösen szaftos krokettek jellegzetes húsízt kínálnak magas csirkehústartalom: a teljes súly 60%-a támogathatja az emésztést a lenmagnak és a cikóriának köszönhetően a krokettek mérete kifejezetten a kis fogazathoz igazodik nem tartalmaz mesterséges színezékeket Analitikai összetevők 24% fehérje, 14% zsírtartalom, 7,2% nyershamu, 1,7% nyersrost, 19% nedvességtartalom, 1,6% kalcium, 1,15% foszfor, 0,4% omega-3 zsírsav, 2,4% omega-6 zsírsav Összetétel hús és állati eredeti melléktermékek (55% friss csirke, amelyből 10% hús), kukorica, csirkefehérje, rizs, baromfifehérje-hidrolizátum, burgonyafehérje, lenmag (1%), szárított répaszeletek (cukortalanított), lazacolaj, cikóriapor (0,26%), Sörélesztő, borsó, zeller, paradicsom, sárgarépa, alma, Yucca schidigera, vörös áfonya, fekete áfonya, körömvirág, csalán, szederlevél, cickafark, édeskömény, édeskömény, kömény, kamillavirág, fagyöngy, enciángyökér, ezerjófű. Adalékanyag/kg 11750 NE A-vitamin, 1175 NE D3-vitamin, 70 mg C-vitamin, 10 mg réz (réz(II)-szulfát, pentahidrát), 2 mg jód (kalcium-jodát, vízmentes), 0,2 mg szelén (nátrium-szelenit), 70 mg cink (cink-oxid). Technológiai adalékanyagok: 19% antioxidáns Táplálási javaslat A kutya súlya Napi adag 2 kg 40 g 3 kg 55 g 4 kg 70 g 5 kg 85 g 6 kg 95 g 8 kg 120 g 10 kg 140 g A megadott adatok irányadó értékek, a tényleges tápanyagigény az életkortól, a fajtától, és az aktivitástól függ. Hűvös és száraz helyen tárolja. Mindig álljon rendelkezésre friss ivóvíz. Tovább olvasok"}
{"breadcrumb": "Főoldal/Kutya/Eledelek/Száraz eledelek/Premiere Soft száraz kutyaeledel adult mini csirke 4kg", "product_name": "Premiere Soft száraz kutyaeledel adult mini csirke 4kgPremiere Soft száraz kutyaeledel adult mini csirke 4kg", "brand": "PremiereSoft1,1kg – 4kgFelnőttszárnyasgyomor&emésztéskistestű 10kg-ig", "regular_price": "3 499", "selling_price": "2 999", "price_per_unit": "1 kg=2250 Ft", "product_url": "https://webshop.fressnapf.hu/termekek/premiere-soft-adult-mini-csirke-4kg/", "product_description": "Extra magas frisshús-tartalom (55%) a maximális elfogadás érdekében. Optimális emésztés a lenmagnak és a cikóriának köszönhetően. Félig nedves, különösen lédús krokettek. A PREMIERE Soft Mini Adult extra mennyiségű friss baromfihúst (55%) tartalmaz. Ezért a krokettek különösen szaftosak és jellegzetes húsízt kínálnak. A kíméletes gyártási folyamat (extrudáló főzési eljárás) a keményítőt könnyen emészthető szénhidrátokra bontja. A PREMIERE Soft Mini Adult értékes vitaminokat, valamint lenmagot és cikóriát tartalmaz, amelyek hozzájárulnak az optimális emésztéshez. A SOFT Mini Adult receptúrája optimálisan igazodik a kistestű felnőtt kutyák igényeihez, hiszen a krokettek extra kis méretűek. Az előnyök áttekintése: rendkívül magas friss csirkehústartalom (55%) a félig nedves, különösen szaftos krokettek jellegzetes húsízt kínálnak magas csirkehústartalom: a teljes súly 60%-a támogathatja az emésztést a lenmagnak és a cikóriának köszönhetően a krokettek mérete kifejezetten a kis fogazathoz igazodik nem tartalmaz mesterséges színezékeket Analitikai összetevők 24% fehérje, 14% zsírtartalom, 7,2% nyershamu, 1,7% nyersrost, 19% nedvességtartalom, 1,6% kalcium, 1,15% foszfor, 0,4% omega-3 zsírsav, 2,4% omega-6 zsírsav Összetétel hús és állati eredeti melléktermékek (55% friss csirke, amelyből 10% hús), kukorica, csirkefehérje, rizs, baromfifehérje-hidrolizátum, burgonyafehérje, lenmag (1%), szárított répaszeletek (cukortalanított), lazacolaj, cikóriapor (0,26%), Sörélesztő, borsó, zeller, paradicsom, sárgarépa, alma, Yucca schidigera, vörös áfonya, fekete áfonya, körömvirág, csalán, szederlevél, cickafark, édeskömény, édeskömény, kömény, kamillavirág, fagyöngy, enciángyökér, ezerjófű. Adalékanyag/kg 11750 NE A-vitamin, 1175 NE D3-vitamin, 70 mg C-vitamin, 10 mg réz (réz(II)-szulfát, pentahidrát), 2 mg jód (kalcium-jodát, vízmentes), 0,2 mg szelén (nátrium-szelenit), 70 mg cink (cink-oxid). Technológiai adalékanyagok: Antioxidánsok Táplálási javaslat A kutya súlya Napi adag 2 kg 40 g 3 kg 55 g 4 kg 70 g 5 kg 85 g 6 kg 95 g 8 kg 120 g 10 kg 140 g A megadott adatok irányadó értékek, a tényleges tápanyagigény az életkortól, a fajtától, és az aktivitástól függ. Hűvös és száraz helyen tárolja. Mindig álljon rendelkezésre friss ivóvíz. Tovább olvasok"}
{"breadcrumb": "Főoldal/Kutya/Eledelek/Száraz eledelek/Premiere Soft száraz kutyaeledel adult szárnyas 4kg", "product_name": "Premiere Soft száraz kutyaeledel adult szárnyas 4kgPremiere Soft száraz kutyaeledel adult szárnyas 4kg", "brand": "PremiereSoft1,1kg – 4kgFelnőttszárnyasgyomor&emésztés", "regular_price": "9 999", "selling_price": "8 999", "price_per_unit": "1 kg=2250 Ft", "product_url": "https://webshop.fressnapf.hu/termekek/premiere-soft-junior-szarazeledel-kutyaknak-csirke-4kg/", "product_description": "A SOFT Adult rendkívül sok (60%) friss baromfit tartalmaz. Ezért a krokettek különösen zamatosak és teljes húsíz-élményt nyújtanak. A kímélő gyártási eljárás (főzéses extrudálás) révén megőrződnek a tápanyagok. Értékes vitaminokat, lenmagot és cikóriát tartalmaz, amely hozzájárul az optimális emészthetőséghez. A Soft Adult receptúrája optimálisan illeszkedik a kifejlett kutya szükségleteihez. Teljes értékű eledel kifejlett kutyák számára – mesterséges színezékek nélkül. Összetétel: baromfi (60%), kukorica, rizs, baromfihúsliszt (8%), lenmag (1,3%), hidrolizált állati fehérje, szárított répaszeletek (cukormentes), halolaj, cikória (0,25%, szárított), sörélesztő (szárított), borsó, zeller (szárított), paradicsom (szárított), karotta (szárított), alma (szárított), Yucca (szárított), vörös áfonya (szárított), feketeáfonya (szárított), bársonyvirág (szárított), csalán (szárított), szederlevél (szárított), cickafark (szárított), édeskömény (szárított), kömény (szárított), kamillavirág (szárított), fagyöngy (szárított), enciángyökér (szárított), ezerjófű (szárított). Analitikai összetevők: fehérje (25%), zsírtartalom (16%), nyershamu (6,9%), nyersrost (2%), nedvesség (19%), kalcium (1,6%), foszfor (1,15%), omega-3 zsírsavak (0,5%), omega-6 zsírsavak (2,65%). Adalékanyagok: Tápértékkel rendelkező adalékanyagok/kg: vitaminok: A-vitamin 11750NE, D3-vitamin 1175NE, E-vitamin 70mg; nyomelemek: réz (réz-II-szulfát, pentahidrát) 10mg, jód (kalcium-jodát, vízmentes) 2mg, szelén (nátrium-szelénit) 0,2mg, cink (cink-oxid) 70mg. Technológiai adalékanyagok: antioxidánsok. Hűvös és száraz helyen tárolandó. Mindig adjon friss ivóvizet. Szárazon vagy kevés vízzel megnedvesítve kínálja. Tovább olvasok"}
{"breadcrumb": "Főoldal/Kutya/Eledelek/Száraz eledelek/Premiere Soft száraz kutyaeledel junior szárnyas 1kg", "product_name": "Premiere Soft száraz kutyaeledel junior szárnyas 1kgPremiere Soft száraz kutyaeledel junior szárnyas 1kg", "brand": "PremiereSoft801g – 1kgKölyökszárnyas", "regular_price": "2 999", "selling_price": "2 799", "price_per_unit": "1 kg=2799 Ft", "product_url": "https://webshop.fressnapf.hu/termekek/premiere-soft-adult-szarazeledel-kutyaknak-csirke-1kg/", "product_description": "A SOFT Junior rendkívül sok (60%) friss baromfit tartalmaz. Ezért a krokettek különösen zamatosak és teljes húsíz-élményt nyújtanak. A kímélő gyártási eljárás (főzéses extrudálás) révén megőrződnek a tápanyagok. Értékes vitaminokat, lenmagot és cikóriát tartalmaz, amely hozzájárul az optimális emészthetőséghez. A magas fehérjetartalom segíti a fiatal kutyák kiegyensúlyozott fejlődését. Teljes értékű eledel kölyök- és fiatal kutyák számára, legfeljebb 24 hónapos korig (fajtától függően), valamint vemhes és szoptatós szukák számára – mesterséges színezékek nélkül. Összetétel: baromfi (60%), kukorica, kukoricakeményítő, rizs, hidrolizált állati fehérje, baromfihúsliszt (2%), burgonyafehérje, lenmag (1,2%), szárított répaszeletek (cukormentes), halolaj, cikória (0,4%, szárított), sörélesztő (szárított), nátrium klorid, zeller (szárított), paradicsom (szárított) karotta (szárított), alma (szárított), Yucca (szárított), vörös áfonya (szárított), feketeáfonya (szárított), bársonyvirág (szárított), csalán (szárított), szederlevél (szárított), cickafark (szárított), édeskömény (szárított), kömény (szárított), kamillavirág (szárított), fagyöngy (szárított), enciángyökér (szárított), ezerjófű (szárított). Analitikai összetevők: fehérje (27%), zsírtartalom (16%), nyershamu (6,5%), nyersrost (2%), nedvesség (19%), kalcium (1,5%), foszfor (1,15%), omega-3 zsírsavak (0,45%), omega-6 zsírsavak (2,75%). Adalékanyagok: Tápértékkel rendelkező adalékanyagok/kg: vitaminok: A-vitamin 14750NE, D3-vitamin 1175NE, E-vitamin 150mg; nyomelemek: réz (réz-II-szulfát, pentahidrát) 10mg, jód (kalcium-jodát, vízmentes) 2mg, szelén (nátrium-szelénit) 0,2mg, cink (cink-oxid) 90mg, cink (aminosavak cink-kelátja, hidrát) 45mg. Technológiai adalékanyagok: antioxidánsok. Hűvös és száraz helyen tárolandó. Mindig adjon friss ivóvizet. Szárazon vagy kevés vízzel megnedvesítve kínálja. Tovább olvasok"}
{"breadcrumb": "Főoldal/Kutya/Eledelek/Száraz eledelek/Premiere Soft száraz kutyaeledel junior szárnyas 4kg", "product_name": "Premiere Soft száraz kutyaeledel junior szárnyas 4kgPremiere Soft száraz kutyaeledel junior szárnyas 4kg", "brand": "PremiereSoft1,1kg – 4kgKölyökszárnyasgyomor&emésztés", "regular_price": "3 799", "selling_price": "3 299", "price_per_unit": "1 kg=2250 Ft", "product_url": "https://webshop.fressnapf.hu/termekek/premiere-soft-adult-szarazeledel-kutyaknak-csirke-4kg/", "product_description": "A SOFT Junior rendkívül sok (60%) friss baromfit tartalmaz. Ezért a krokettek különösen zamatosak és teljes húsíz-élményt nyújtanak. A kímélő gyártási eljárás (főzéses extrudálás) révén megőrződnek a tápanyagok. Értékes vitaminokat, lenmagot és cikóriát tartalmaz, amely hozzájárul az optimális emészthetőséghez. A magas fehérjetartalom segíti a fiatal kutyák kiegyensúlyozott fejlődését. Teljes értékű eledel kölyök- és fiatal kutyák számára, legfeljebb 24 hónapos korig (fajtától függően), valamint vemhes és szoptatós szukák számára – mesterséges színezékek nélkül. Összetétel: baromfi (60%), kukorica, kukoricakeményítő, rizs, hidrolizált állati fehérje, baromfihúsliszt (2%), burgonyafehérje, lenmag (1,2%), szárított répaszeletek (cukormentes), halolaj, cikória (0,4%, szárított), sörélesztő (szárított), nátrium klorid, zeller (szárított), paradicsom (szárított) karotta (szárított), alma (szárított), Yucca (szárított), vörös áfonya (szárított), feketeáfonya (szárított), bársonyvirág (szárított), csalán (szárított), szederlevél (szárított), cickafark (szárított), édeskömény (szárított), kömény (szárított), kamillavirág (szárított), fagyöngy (szárított), enciángyökér (szárított), ezerjófű (szárított). Analitikai összetevők: fehérje (27%), zsírtartalom (16%), nyershamu (6,5%), nyersrost (2%), nedvesség (19%), kalcium (1,5%), foszfor (1,15%), omega-3 zsírsavak (0,45%), omega-6 zsírsavak (2,75%). Adalékanyagok: Tápértékkel rendelkező adalékanyagok/kg: vitaminok: A-vitamin 14750NE, D3-vitamin 1175NE, E-vitamin 150mg; nyomelemek: réz (réz-II-szulfát, pentahidrát) 10mg, jód (kalcium-jodát, vízmentes) 2mg, szelén (nátrium-szelénit) 0,2mg, cink (cink-oxid) 90mg, cink (aminosavak cink-kelátja, hidrát) 45mg. Technológiai adalékanyagok: antioxidánsok. Hűvös és száraz helyen tárolandó. Mindig adjon friss ivóvizet. Szárazon vagy kevés vízzel megnedvesítve kínálja. Tovább olvasok"}
{"breadcrumb": "Főoldal/Kutya/Eledelek/Jutalomfalatok&rágcsák/Premiere Topping Powder feltét csirkemáj 100g", "product_name": "Premiere Topping Powder feltét csirkemáj 100gPremiere Topping Powder feltét csirkemáj 100g", "brand": "PremierePimp Your BowlFelnőttszárnyasfeltét", "regular_price": "1299", "selling_price": "", "price_per_unit": "1 kg=12990 Ft", "product_url": "https://webshop.fressnapf.hu/termekek/premiere-topping-powder-feltet-csirkemaj-100g/", "product_description": "Csirkemáj kókuszdióval. Egyszerűen csak szórja meg a porral kutyája szokásos teljes értékű eledelét. Kiegészítő eledel 3 hónaposnál idősebb kutyák számára. Minőség: a különleges íz kedvéért. Ideális feltétként. Gabona- és gluténmentes receptúra. Hozzáadott cukor, mesterséges színezékek és tartósítószerek nélkül. Összetétel: csirkemáj 96%, kókuszdió 4%. Nyomokban egyéb összetevőket is tartalmazhat. Analitikai összetevők: fehérje 58%, zsírtartalom 22%, nyersrost 1,5%. nyershamu Tovább olvasok"}
{"breadcrumb": "Főoldal/Kutya/Eledelek/Jutalomfalatok&rágcsák/Premiere Topping Powder feltét marhamáj 100g", "product_name": "Premiere Topping Powder feltét marhamáj 100gPremiere Topping Powder feltét marhamáj 100g", "brand": "PremierePimp Your BowlFelnőttmarha&borjúfeltét", "regular_price": "1299", "selling_price": "", "price_per_unit": "1 kg=12990 Ft", "product_url": "https://webshop.fressnapf.hu/termekek/premiere-topping-powder-feltet-marhamaj-100g/", "product_description": "Marhamáj sütőtökkel. Egyszerűen csak szórja meg a porral kutyája szokásos teljes értékű eledelét. Kiegészítő eledel 3 hónaposnál idősebb kutyák számára. Minőség: a különleges íz kedvéért. Ideális feltétként. Gabona- és gluténmentes receptúra. Hozzáadott cukor, mesterséges színezékek és tartósítószerek nélkül. Összetétel: marhamáj 96%, sütőtök 4%. Nyomokban egyéb összetevőket is tartalmazhat. Analitikai összetevők: fehérje 53%, zsírtartalom 5%, nyershamu 7%, nyersrost 1,5%. Tovább olvasok"}
{"breadcrumb": "Főoldal/Kutya/Eledelek/Jutalomfalatok&rágcsák/Premiere Topping Powder feltét sajtos 80g", "product_name": "Premiere Topping Powder feltét sajtos 80gPremiere Topping Powder feltét sajtos 80g", "brand": "PremierePimp Your BowlFelnőtttejes&sajtosfeltét", "regular_price": "1299", "selling_price": "", "price_per_unit": "1 kg=1624 Ft", "product_url": "https://webshop.fressnapf.hu/termekek/premiere-topping-powder-feltet-sajtos-80g/", "product_description": "Sajt. Egyszerűen csak szórja meg a porral kutyája szokásos teljes értékű eledelét. Kiegészítő eledel 3 hónaposnál idősebb kutyák számára. Minőség: a különleges íz kedvéért. Ideális feltétként. Gabona- és gluténmentes receptúra. Hozzáadott cukor, mesterséges színezékek és tartósítószerek nélkül. Minőség: a különleges íz kedvéért. Ideális feltétként. Összetétel: 100% sajt. Nyomokban egyéb összetevőket is tartalmazhat. Analitikai összetevők: fehérje 30%, zsírtartalom 40%, nyershamu 12%, nyersrost 2%. Tovább olvasok"}
{"breadcrumb": "Főoldal/Kutya/Eledelek/Jutalomfalatok&rágcsák/Premiere Training kutya jutalomfalat junior csirke 100g", "product_name": "Premiere Training kutya jutalomfalat junior csirke 100gPremiere Training kutya jutalomfalat junior csirke 100g", "brand": "PremiereTrainingKölyökszárnyastréning falatok", "regular_price": "999", "selling_price": "", "price_per_unit": "1 kg=9990 Ft", "product_url": "https://webshop.fressnapf.hu/termekek/6xpremiere-training-snack-puppy-csirke-100g/", "product_description": "A Premiere Training ízletes, puha jutalomfalat, amely ideális kiképzéshez, sporthoz és neveléshez. A PREMIERE Training jutalomfalatok a kutya életkorához és méretéhez igazodnak, és könnyen emészthetők. A visszazárható tasaknak köszönhetően a snackek ideálisak útközben is. Kiegészítő eledel. Puha, szaftos snack bármilyen fajtájú fiatal kutyának. Bővebb információk a következő címen kérhetők: info@fressnapf.hu. kiképzéshez, sporthoz és neveléshez ízletes, puha jutalom a kutya életkorához és méretéhez igazítva Analitikai összetevők 14% fehérje, 7% zsírtartalom, 2,8% nyershamu, 1,5% nyersrost, 17% nedvességtartalom. Összetétel Rizs, csirkehúsliszt, folyékony kukoricakeményítő, lazacolaj, hidrolizált csirkemáj, kollagén. Adalékanyag/kg Táplálási javaslat <table border=”0″ cellpadding=”0″ cellspacing=”0″ width=”160″ style=”border-collapse: collapse;width:120pt”> Végleges súly Jutalomfalat/nap 1kg-10kg max. 4-12 10kg-18kg max. 12-16 18kg-25kg max. 16-20"}
{"breadcrumb": "Főoldal/Kutya/Eledelek/Jutalomfalatok&rágcsák/Premiere Training kutya jutalomfalat ló 80g", "product_name": "Premiere Training kutya jutalomfalat ló 80gPremiere Training kutya jutalomfalat ló 80g", "brand": "PremiereTraining0g – 100gFelnőttlótréning falatok", "regular_price": "1599", "selling_price": "", "price_per_unit": "1 KG=19988 Ft", "product_url": "https://webshop.fressnapf.hu/termekek/premiere-training-kutya-jutalomfalat-lo-80g/", "product_description": "PREMIERE Deluxe – Cubes. Ló. Húskockák, különleges fehérjeforrásként lóból készítve. Magas hústartalom. Minőség: PREMIERE Deluxe – különleges fehérjeforrással készült. A tökéletes jutalom. Gluténmentes receptúra. Hozzáadott cukor, mesterséges színezékek és tartósítószerek nélkül. Állaga: közepes. Kiegészítő eledel kutyák számára. Összetétel: lóhús (75,5%), növényi eredetű származékok, növényi fehérjekivonatok, oligoszacharidok, ásványi anyagok. Nyomokban egyéb összetevőket is tartalmazhat. Analitikai összetevők: fehérje 32,2%, zsírtartalom 5,6%, nyershamu 3,2%, nyersrost 1,6%. Nedvesség 25%. Etetési javaslat: Csemegeként, a fő eledel kiegészítésére. A fő eledel mennyisége szükség szerint csökkenthető. Nem alkalmas önálló eledelként. Etetés közben ne hagyja felügyelet nélkül háziállát. Tovább olvasok"}
{"breadcrumb": "Főoldal/Kutya/Eledelek/Jutalomfalatok&rágcsák/Premiere Training kutya jutalomfalat nyúl 80g", "product_name": "Premiere Training kutya jutalomfalat nyúl 80gPremiere Training kutya jutalomfalat nyúl 80g", "brand": "PremiereTraining0g – 100gFelnőttnyúltréning falatok", "regular_price": "1599", "selling_price": "", "price_per_unit": "1 KG=19988 Ft", "product_url": "https://webshop.fressnapf.hu/termekek/premiere-training-kutya-jutalomfalat-nyul-80g/", "product_description": "PREMIERE Meat Snack – Cubes. Nyúl. Kocka alakú jutalomfalatok magas hústartalommal. Minőség: Tökéletes jutalmazáshoz és tréninghez. 80% hús. Hozzáadott cukor nélkül. Hozzáadott mesterséges színezékek és tartósítószerek nélkül. Jutalmazás. Állaga: közepes. Kiegészítő eledel kutyák számára. Összetétel: nyúlhús (80,1 növényi eredetű származékok növényi fehérjekivonatok, fruktooligoszacharidok, ásványi anyagok. Nyomokban egyéb összetevőket is tartalmazhat. Analitikai összetevők: fehérje 29,3%, zsírtartalom 13,6%, nyershamu 7,3%, nyersrost 1,8%. Nedvesség 25%. Etetési javaslat: Csemegeként, a fő eledel kiegészítésére. A fő eledel mennyisége szükség szerint csökkenthető. Nem alkalmas önálló eledelként. Etetés közben ne hagyja felügyelet nélkül háziállát. Tovább olvasok"}
{"breadcrumb": "Főoldal/Kutya/Eledelek/Jutalomfalatok&rágcsák/Premiere Training kutya jutalomfalat vad 80g", "product_name": "Premiere Training kutya jutalomfalat vad 80gPremiere Training kutya jutalomfalat vad 80g", "brand": "PremiereTraining0g – 100gFelnőttvadtréning falatok", "regular_price": "1599", "selling_price": "", "price_per_unit": "1 KG=19988 Ft", "product_url": "https://webshop.fressnapf.hu/termekek/premiere-training-kutya-jutalomfalat-vad-80g/", "product_description": "PREMIERE Deluxe – Cubes. Vad. Vadból, mint különleges fehérjeforrásból készült húskockák. Magas hústartalom. Minőség: PREMIERE Deluxe – különleges fehérjeforrással készült. A tökéletes jutalom. Gluténmentes receptúra. Hozzáadott cukor, mesterséges színezékek és tartósítószerek nélkül. Állaga: közepes. Kiegészítő eledel kutyák számára. Összetétel: vadhús 72,5% (min. 50% szarvas), növényi eredetű származékok, növényi fehérjekivonatok, frukto-oligoszacharidok, ásványi anyagok. Nyomokban egyéb összetevőket is tartalmazhat. Analitikai összetevők: fehérje 23,4%, zsírtartalom 11,5%, nyershamu 15,3%, nyersrost 2,2%. Nedvesség 23%. Etetési javaslat: Csemegeként, a fő eledel kiegészítésére. A fő eledel mennyisége szükség szerint csökkenthető. Nem alkalmas önálló eledelként. Etetés közben ne hagyja felügyelet nélkül háziállát Tovább olvasok"}
{"breadcrumb": "Főoldal/Kutya/Eledelek/Száraz eledelek/Premiere Veggie adult száraz kutyaeledel rizs 1kg", "product_name": "Premiere Veggie adult száraz kutyaeledel rizs 1kgPremiere Veggie adult száraz kutyaeledel rizs 1kg", "brand": "PremiereVeggie801g – 1kgFelnőttzöldség&gyümölcsvegetáriánus", "regular_price": "2 299", "selling_price": "1 999", "price_per_unit": "1 kg=1999 Ft", "product_url": "https://webshop.fressnapf.hu/termekek/premiere-veggie-adult-szaraz-kutyaeledel-rizs-1kg/", "product_description": "Premiere Veggie Adult Rizzsel, borsóval és gyógynövényekkel. Különösen alkalmas az érzékeny emésztésű kutyák számára a gluténmentes receptúrának, valamint a hús és állati származékok hiányának köszönhetően. A válogatott növényi összetevőket tartalmazó vegetáriánus receptúra minden fontos tápanyagot biztosít kutyája számára – mesterséges színezékek és aromaanyagok nélkül. Hozzáadott cukor nélkül. Az inulin hozzájárulhat a kiegyensúlyozott bélflóra kialakulásához. Teljes értékű vegetáriánus eledel kifejlett kutyák számára. Összetétel: kukorica, rizsfehérje (22,5%), borsópehely (7,5%), olajok és zsírok, hidrolizált fehérje (tejtermékből), szárított cukorrépaszelet, melaszos (cukormentes), élesztő, monokalcium-foszfát, almatörköly, kalcium-karbonát, nátrium-klorid, tőzegáfonya (0,1%), cikóriagyökér (0,1% = 0,06% inulin), bodzabogyó, borsikafű, levendulavirág, rozmaring, zsálya, kakukkfű (szárított gyógynövények összesen 0,13%) Analitikai összetevők(%): fehérje 23, zsírtartalom 8, nyershamu 6,5, nyersrost 3, kalcium 1,15, foszfor 0,75. Adalékanyagok/kg: tápértékkel rendelkező adalékanyagok: A-vitamin 15000 NE, D3-vitamin 900 NE, taurin 1000 mg, réz (3b405) 12 mg, vas (3b103) 60 mg, jód (3b202) 1,4 mg, mangán (3b502) 14 mg, szelén (3b801) 0,2 mg, cink (3b603) 70 mg. Technológiai adalékanyagok: antioxidánsok. Nyomokban egyéb összetevőket tartalmazhat. Tovább olvasok"}
{"breadcrumb": "Főoldal/Kutya/Eledelek/Jutalomfalatok&rágcsák/Premiere Veggie kutya jutalomfalat snack pillangó 100g", "product_name": "Premiere Veggie kutya jutalomfalat snack pillangó 100gPremiere Veggie kutya jutalomfalat snack pillangó 100g", "brand": "PremiereVeggie0g – 100gFelnőttzöldség&gyümölcsropogós falatok", "regular_price": "699", "selling_price": "", "price_per_unit": "1 KG=6990 Ft", "product_url": "https://webshop.fressnapf.hu/termekek/premiere-veggie-kutya-jutalomfalat-snack-pillango-100g/", "product_description": "Mangóval és tőzegáfonyával. Pillangó formájú vegetáriánus jutalomfalatok. Vegetáriánus receptúra. Természetes színezék a gyümölcspüré révén. Hozzáadott cukor és mesterséges aromaanyagok nélkül. Állaga: közepes. Kiegészítő eledel kutyáknak. Összetétel: rizsliszt, burgonyakeményítő, növényi eredetű származékok, gyümölcsök (14% tőzegáfonya a vörös részben, 14% mangópüré sárga részben), olajok és zsírok, tej és tejszármazékok. Nyomokban egyéb összetevőket is tartalmazhat. Analitikai összetevők: fehérje 5%, zsírtartalom 6%, nyershamu 2%, nyersrost 2%. Nedvesség 25%. Adalékanyagok: technológiai adalékanyagok: tartósítószerek. Tovább olvasok"}
{"breadcrumb": "Főoldal/Kutya/Eledelek/Jutalomfalatok&rágcsák/Premiere Veggie kutya jutalomfalat snack sütőtök 100g", "product_name": "Premiere Veggie kutya jutalomfalat snack sütőtök 100gPremiere Veggie kutya jutalomfalat snack sütőtök 100g", "brand": "PremiereVeggie0g – 100gFelnőttzöldség&gyümölcsropogós falatok", "regular_price": "699", "selling_price": "", "price_per_unit": "1 KG=6990 Ft", "product_url": "https://webshop.fressnapf.hu/termekek/premiere-veggie-kutya-jutalomfalat-snack-sutotok-100g/", "product_description": "Tökkel. Tök formájú vegetáriánus jutalomfalatok. Vegetáriánus receptúra. Természetes színezék a zöldségpüré révén. Hozzáadott cukor és mesterséges aromaanyagok nélkül. Állaga: közepes. Kiegészítő eledel kutyáknak. Összetétel: rizsliszt, burgonyaliszt, növényi eredetű származékok, 14% tökpüré, burgonyakeményítő, olajok és zsírok, kurkuma, árpamaláta. Nyomokban egyéb összetevőket is tartalmazhat. Analitikai összetevők: fehérje 6%, zsírtartalom 4%, nyershamu 2%, nyersrost, nedvesség 27%. Adalékanyagok: technológiai adalékanyagok: tartósítószerek. Tovább olvasok"}
{"breadcrumb": "Főoldal/Kutya/Eledelek/Nedves eledelek/Premiere Veggie kutya tálka rizs&cukkini&zöldbab 11x150g", "product_name": "Premiere Veggie kutya tálka rizs&cukkini&zöldbab 11x150gPremiere Veggie kutya tálka rizs&cukkini&zöldbab 11x150g", "brand": "PremiereVeggie101g – 200gFelnőttzöldség&gyümölcsvegetáriánus", "regular_price": "8 994", "selling_price": "8 394", "price_per_unit": "649 Ft", "product_url": "https://webshop.fressnapf.hu/termekek/premiere-veggie-kutya-talka-rizscukkinizoldbab-11x150g/", "product_description": "Zöldbabbal, Cukkinivel és Rizzsel. Teljes értékű eledel kifejlett kutyák számára. Vegetáriánus receptúra. Válogatott zöldségekkel. Hozzáadott cukor és mesterséges aromaanyagok nélkül. Összetétel: 6% zöldbab, 4% cukkini, növényi fehérjekivonatok, napraforgóolaj, 4% rizs, tojáspor, gabonafélék, sörélesztő, ásványi anyagok, petrezselyem, kakukkfű, koriander, kapor. Analitikai összetevők: fehérje 9,5%, zsírtartalom 5,5%, nyershamu 1,8%, nyersrost 0,4%, kalcium 0,2%, foszfor 0,18%. Nedvesség 80%. Adalékanyagok/kg: tápértékkel rendelkező adalékanyagok: A-vitamin 6000 NE, D3-vitamin 200 NE, cink (3b605) 20mg. Tovább olvasok"}
{"breadcrumb": "Főoldal/Kutya/Eledelek/Nedves eledelek/Premiere Veggie kutya tálka rizs&sárgarépa&borsó 11x150g", "product_name": "Premiere Veggie kutya tálka rizs&sárgarépa&borsó 11x150gPremiere Veggie kutya tálka rizs&sárgarépa&borsó 11x150g", "brand": "PremiereVeggie101g – 200gFelnőttzöldség&gyümölcsvegetáriánus", "regular_price": "5 094", "selling_price": "4 794", "price_per_unit": "649 Ft", "product_url": "https://webshop.fressnapf.hu/termekek/premiere-veggie-kutya-talka-rizssargarepaborso-11x150g/", "product_description": "Borsóval, Sárgarépával és Rizzsel. Teljes értékű eledel kifejlett kutyák számára. Vegetáriánus receptúra. Válogatott zöldségekkel. Hozzáadott cukor és mesterséges aromaanyagok nélkül. Összetétel: 6% borsó, 4% sárgarépa, növényi fehérjekivonatok, napraforgóolaj, 4% rizs, tojáspor, gabonafélék, sörélesztő, ásványi anyagok, petrezselyem, kakukkfű, koriander, kapor. Analitikai összetevők: fehérje 9,5%, zsírtartalom 5,5%, nyershamu 1,8%, nyersrost 0,4%, kalcium 0,2%, foszfor 0,18%. Nedvesség 80%. Adalékanyagok/kg: tápértékkel rendelkező adalékanyagok: A-vitamin 6000 NE, D3-vitamin 200 NE, cink (3b605) 20mg. Tovább olvasok"}
{"breadcrumb": "Főoldal/Kutya/Eledelek/Nedves eledelek/Premiere Veggie kutya tálka rizs&sárgarépa&zöldbab 11x150g", "product_name": "Premiere Veggie kutya tálka rizs&sárgarépa&zöldbab 11x150gPremiere Veggie kutya tálka rizs&sárgarépa&zöldbab 11x150g", "brand": "PremiereVeggie101g – 200gFelnőttzöldség&gyümölcsvegetáriánus", "regular_price": "5 094", "selling_price": "4 794", "price_per_unit": "649 Ft", "product_url": "https://webshop.fressnapf.hu/termekek/premiere-veggie-kutya-talka-rizssargarepazoldbab-11x150g/", "product_description": "Sárgarépával, Zöldbabbal és Rizzsel. Teljes értékű eledel kifejlett kutyák számára. Vegetáriánus receptúra. Válogatott zöldségekkel. Hozzáadott cukor és mesterséges aromaanyagok nélkül. Összetétel: 6% sárgarépa, 4% zöldbab, növényi fehérjekivonatok, napraforgóolaj, 4% rizs, tojáspor, gabonafélék, sörélesztő, ásványi anyagok, petrezselyem, kakukkfű, koriander, kapor. Analitikai összetevők: fehérje 9,5%, zsírtartalom 5,5%, nyershamu 1,8%, nyersrost 0,4%, kalcium 0,2%, foszfor 0,18%. Nedvesség 80%. Adalékanyagok/kg: tápértékkel rendelkező adalékanyagok: A-vitamin 6000 NE, D3-vitamin 200 NE, cink (3b605) 20mg. Tovább olvasok"}
{"breadcrumb": "Főoldal/Kutya/Eledelek/Jutalomfalatok&rágcsák/Premiere Wrap It kutya jutalomfalat medium rolls csirke 125g", "product_name": "Premiere Wrap It kutya jutalomfalat medium rolls csirke 125gPremiere Wrap It kutya jutalomfalat medium rolls csirke 125g", "brand": "PremiereWrap ItFelnőttszárnyasrágócsíkok", "regular_price": "1799", "selling_price": "", "price_per_unit": "1 kg=14392 Ft", "product_url": "https://webshop.fressnapf.hu/termekek/premiere-wrap-it-kutya-jutalomfalat-medium-rolls-csirke-125g/", "product_description": "A hosszan tartó rágás öröme Alacsony zsírtartalmú rágcsálnivaló Nem tartalmaz cukrot, mesterséges színezékeket és aromákat Kiváló minőségű nyers marhabőrbe csomagolt ízletes csirke. Ideális jutalomfalat kutyája jutalmazásához és kényeztetéséhez. A kiváló minőségű alapanyagok garantálják a hosszan tartó, örömteli rágcsálást. A további előnyök áttekintése: alacsony zsírtartalmú rágcsálnivaló nem tartalmaz cukrot, mesterséges színezékeket és aromákat sütőben szárított fehérjében gazdag, emellett mindössze 2% zsírt tartalmaz Kiegészítő eledel közepes termetű kutyáknak, bővebb információk a következő címen kérhetők: webshop@fressnapf.hu Analitikai összetevők 84% fehérje, 2% zsírtartalom, 2% nyershamu, 1% nyersrost Összetétel 82% nyers marhabőr, 16% csirke, 1% kukoricakeményítő, só Táplálási javaslat Jutalomfalat a fő eledel kiegészítéseként. Szükség szerint csökkenteni kell a fő eledel mennyiségét. Ne használja önálló eledelként. A tasakban található „oxigénabszorber” a termék frissen tartására szolgál, és fogyasztásra nem alkalmas. Javasoljuk, hogy fogyasztás közben felügyelje az állatot! Mindig álljon rendelkezésre friss ivóvíz. Hűvös és száraz helyen tárolja. Nyomokban tartalmazhat egyéb összetevőket. Tovább olvasok"}
{"breadcrumb": "Főoldal/Kutya/Eledelek/Jutalomfalatok&rágcsák/Premiere Wrap It kutya jutalomfalat mini bones marha 84g", "product_name": "Premiere Wrap It kutya jutalomfalat mini bones marha 84gPremiere Wrap It kutya jutalomfalat mini bones marha 84g", "brand": "PremiereWrap ItFelnőttmarha&borjúrágócsontok&rágórudak", "regular_price": "1899", "selling_price": "", "price_per_unit": "1 db=271 Ft", "product_url": "https://webshop.fressnapf.hu/termekek/premiere-wrap-it-kutya-jutalomfalat-mini-bones-marha-84g/", "product_description": "A hosszan tartó rágás öröme Alacsony zsírtartalmú rágcsálnivaló Nem tartalmaz cukrot, mesterséges színezékeket és aromákat Kiváló minőségű nyers marhabőrbe csomagolt ízletes marhahús. Ideális jutalomfalat kutyája jutalmazásához és kényeztetéséhez. A kiváló minőségű alapanyagok garantálják a hosszan tartó, örömteli rágcsálást. A további előnyök áttekintése: alacsony zsírtartalmú rágcsálnivaló nem tartalmaz cukrot, mesterséges színezékeket és aromákat sütőben szárított fehérjében gazdag, emellett mindössze 3,5% zsírt tartalmaz Kiegészítő eledel kistestű kutyák számára, bővebb információk a következő címen kérhetők: webshop@fressnapf.hu Analitikai összetevők 85% fehérje, 3,5% zsírtartalom, 2% nyershamu, 1% nyersrost Összetétel 87% nyers marhabőr, 11% marha, 1% kukoricakeményítő, só Táplálási javaslat Jutalomfalat a fő eledel kiegészítéseként. Szükség szerint csökkenteni kell a fő eledel mennyiségét. Ne használja önálló eledelként. Javasoljuk, hogy fogyasztás közben felügyelje az állatot! Mindig álljon rendelkezésre friss ivóvíz. Hűvös és száraz helyen tárolja. Nyomokban tartalmazhat egyéb összetevőket. Tovább olvasok"}
{"breadcrumb": "Főoldal/Kutya/Eledelek/Száraz eledelek/Pro Plan All Sizes Adult Light/Steril fehér halban gazdag száraz kutyaeledel felnőtt kuyáknak 14kg", "product_name": "Pro Plan All Sizes Adult Light/Steril fehér halban gazdag száraz kutyaeledel felnőtt kuyáknak 14kgPro Plan All Sizes Adult Light/Steril fehér halban gazdag száraz kutyaeledel felnőtt kuyáknak 14kg", "brand": "ProPlanLight12,1kg – 15kgFelnőttivartalanított", "regular_price": "3 499", "selling_price": "2 999", "price_per_unit": "1 KG=2143 Ft", "product_url": "https://webshop.fressnapf.hu/termekek/pro-plan-all-sizes-adult-light-steril-feher-halban-gazdag-szaraz-kutyaeledel-felnott-kuyaknak-14kg/", "product_description": "A Pro Plan All Size Light/Sterilized teljes értékű állateledel túlsúlyos vagy ivartalanított, bármilyen méretű felnőtt kutyák számára lett kifejlesztve. A Purina® Pro Plan® All Sizes Adult Light/Sterilized minden méretű, túlsúlyos vagy ivartalanított felnőtt kutyák számára készült teljes értékű száraz kutyaeledel. Különleges tápanyagokkal és rosttartalommal készült, amelyek alacsony zsír- és kalóriatartalma ellenére képes jóllakottságérzetet előidézni. Száraz kutyaeledelünk tápanyagtartalma révén Ön szabályozhatja kutyája étvágyát és éhségérzetét, ugyanakkor segíthet fenntartani izomtömegét és ízületei egészségét. Magas fehérjetartalmának, összetett szénhidrátjainak és elegendő rosttartalmának köszönhetően bizonyítottan elősegíti az egészséges fogyást és súlyfenntartást. Ivartalanított és túlsúlyos kutyák számára kifejlesztett eledelünk csökkenti a szív túlsúly miatti igénybevételét, és mivel fokozza a kalóriafelhasználást, a megfelelő izomtömeg fenntartásával segít az egészséges testsúly megőrzésében és a visszahízás megelőzésében. Receptúránk könnyen emészthető összetevőket és megfelelően kiegyensúlyozott tápanyagokat tartalmaz kutyák egészségéért. Az eledel receptúrája magas minőségű csirkedarabokat is tartalmaz, hozzáadott színezék nélkül, természetes eredetű antioxidánsokkal. Etetési útmutató: Javasolt napi etetési mennyiség a táblázat szerint fogyás és testtömeg fenntartás esetén is. Az ajánlott mennyiségek tájékoztató jellegűek. Súlyfenntartás esetén kutyája ideális testsúlyának megőrzése érdekében a napi etetési mennyiséget az állat aktivitási szintjétől, fizikai kondíciójától és egyéni igényeitől függően módosíthatja. Ha kutyája az ideálisnál súlyosabb, a biztonságos mértékű súlycsökkentés érdekében kövesse a táblázat útmutatásait, és határozza meg az etetési mennyiséget úgy, hogy kutyája átlagosan havi 2-4%-ot veszítsen testsúlyából. Mindig tegyen friss, tiszta vizet az eledel mellé! Kutyája egészségének megőrzése érdekében keresse fel rendszeresen állatorvosát. Etetési útmutató (gramm/nap): 1 kg; Súlyfenntartás 40; Ivartalanított 35; Súlycsökkentés 30 10 kg; Súlyfenntartás 190; Ivartalanított 165; Súlycsökkentés 140 25 kg; Súlyfenntartás 350; Ivartalanított 305; Súlycsökkentés 260 35 kg; Súlyfenntartás 435; Ivartalanított 380; Súlycsökkentés 325 45 kg; Súlyfenntartás 515; Ivartalanított 450; Súlycsökkentés 385 70 kg; Súlyfenntartás 695; Ivartalanított 605; Súlycsökkentés 520 Összetevők Magas minőségű fehér hal (fejtől farokig) (17,5%) Búza Szárított szárnyasfehérje Kukorica Rizs (9%) Szárított cukorrépa-apríték Szójaliszt Hidrolizátum Állati zsírok Búzaglutén Ásványi anyagok Halolaj Tápanyagok Analitikai összetevők: Fehérje: 27,0% Zsírtartalom: 9,0% Nyershamu: 8,0% Nyersrost: 3,5% Taurin: 0,1% L-Karnitin: 0,02% Adalékanyagok: Tápértékkel rendelkező adalékanyagok: NE/kg: Vit. A: 30000 Vit. D₃: 970 Vit. E: 550 mg/kg: Vit. C: 140 Vas(II)-szulfát monohidrát: (Fe: 140) Vízmentes kalcium-jodát: (I: 2,2) Réz(II)-szulfát pentahidrát: (Cu: 15) Mangán-szulfát monohidrát: (Mn: 53) Cink-szulfát monohidrát: (Zn: 130) Technológiai adalékanyagok: mg/kg Növényi olajokból származó tokoferol kivonatok: 15 Tovább olvasok"}
{"breadcrumb": "Főoldal/Kutya/Eledelek/Száraz eledelek/Pro Plan All Sizes Adult Light/Steril fehér halban gazdag száraz kutyaeledel felnőtt kuyáknak 3kg", "product_name": "Pro Plan All Sizes Adult Light/Steril fehér halban gazdag száraz kutyaeledel felnőtt kuyáknak 3kgPro Plan All Sizes Adult Light/Steril fehér halban gazdag száraz kutyaeledel felnőtt kuyáknak 3kg", "brand": "ProPlanLight1,1kg – 4kgFelnőttivartalanított", "regular_price": "9 999", "selling_price": "8 999", "price_per_unit": "1 KG=3333 Ft", "product_url": "https://webshop.fressnapf.hu/termekek/pro-plan-all-sizes-adult-light-steril-feher-halban-gazdag-szaraz-kutyaeledel-felnott-kuyaknak-3kg/", "product_description": "A Pro Plan All Size Light/Sterilized teljes értékű állateledel túlsúlyos vagy ivartalanított, bármilyen méretű felnőtt kutyák számára lett kifejlesztve. A Purina® Pro Plan® All Sizes Adult Light/Sterilized minden méretű, túlsúlyos vagy ivartalanított felnőtt kutyák számára készült teljes értékű száraz kutyaeledel. Különleges tápanyagokkal és rosttartalommal készült, amelyek alacsony zsír- és kalóriatartalma ellenére képes jóllakottságérzetet előidézni. Száraz kutyaeledelünk tápanyagtartalma révén Ön szabályozhatja kutyája étvágyát és éhségérzetét, ugyanakkor segíthet fenntartani izomtömegét és ízületei egészségét. Magas fehérjetartalmának, összetett szénhidrátjainak és elegendő rosttartalmának köszönhetően bizonyítottan elősegíti az egészséges fogyást és súlyfenntartást. Ivartalanított és túlsúlyos kutyák számára kifejlesztett eledelünk csökkenti a szív túlsúly miatti igénybevételét, és mivel fokozza a kalóriafelhasználást, a megfelelő izomtömeg fenntartásával segít az egészséges testsúly megőrzésében és a visszahízás megelőzésében. Receptúránk könnyen emészthető összetevőket és megfelelően kiegyensúlyozott tápanyagokat tartalmaz kutyák egészségéért. Az eledel receptúrája magas minőségű csirkedarabokat is tartalmaz, hozzáadott színezék nélkül, természetes eredetű antioxidánsokkal. Etetési útmutató: Javasolt napi etetési mennyiség a táblázat szerint fogyás és testtömeg fenntartás esetén is. Az ajánlott mennyiségek tájékoztató jellegűek. Súlyfenntartás esetén kutyája ideális testsúlyának megőrzése érdekében a napi etetési mennyiséget az állat aktivitási szintjétől, fizikai kondíciójától és egyéni igényeitől függően módosíthatja. Ha kutyája az ideálisnál súlyosabb, a biztonságos mértékű súlycsökkentés érdekében kövesse a táblázat útmutatásait, és határozza meg az etetési mennyiséget úgy, hogy kutyája átlagosan havi 2-4%-ot veszítsen testsúlyából. Mindig tegyen friss, tiszta vizet az eledel mellé! Kutyája egészségének megőrzése érdekében keresse fel rendszeresen állatorvosát. Etetési útmutató (gramm/nap): 1 kg; Súlyfenntartás 40; Ivartalanított 35; Súlycsökkentés 30 10 kg; Súlyfenntartás 190; Ivartalanított 165; Súlycsökkentés 140 25 kg; Súlyfenntartás 350; Ivartalanított 305; Súlycsökkentés 260 35 kg; Súlyfenntartás 435; Ivartalanított 380; Súlycsökkentés 325 45 kg; Súlyfenntartás 515; Ivartalanított 450; Súlycsökkentés 385 70 kg; Súlyfenntartás 695; Ivartalanított 605; Súlycsökkentés 520 Összetevők Magas minőségű fehér hal (fejtől farokig) (17,5%) Búza Szárított szárnyasfehérje Kukorica Rizs (9%) Szárított cukorrépa-apríték Szójaliszt Hidrolizátum Állati zsírok Búzaglutén Ásványi anyagok Halolaj Tápanyagok Analitikai összetevők: Fehérje: 27,0% Zsírtartalom: 9,0% Nyershamu: 8,0% Nyersrost: 3,5% Taurin: 0,1% L-Karnitin: 0,02% Adalékanyagok: Tápértékkel rendelkező adalékanyagok: NE/kg: Vit. A: 30000 Vit. D₃: 970 Vit. E: 550 mg/kg: Vit. C: 140 Vas(II)-szulfát monohidrát: (Fe: 140) Vízmentes kalcium-jodát: (I: 2,2) Réz(II)-szulfát pentahidrát: (Cu: 15) Mangán-szulfát monohidrát: (Mn: 53) Cink-szulfát monohidrát: (Zn: 130) Technológiai adalékanyagok: mg/kg Növényi olajokból származó tokoferol kivonatok: 15 Tovább olvasok"}
{"breadcrumb": "Főoldal/Kutya/Eledelek/Száraz eledelek/Pro Plan Large Athletic Adult Sensitive Skin bárányban gazdag száraz kutyaeledel 14kg", "product_name": "Pro Plan Large Athletic Adult Sensitive Skin bárányban gazdag száraz kutyaeledel 14kgPro Plan Large Athletic Adult Sensitive Skin bárányban gazdag száraz kutyaeledel 14kg", "brand": "ProPlanOptidigest12,1kg – 15kgFelnőttjuh&bárány&kecskeérzékeny emésztésűnagytestű 26kg-tól", "regular_price": "9 999", "selling_price": "8 999", "price_per_unit": "1 kg=2143 Ft", "product_url": "https://webshop.fressnapf.hu/termekek/pro-plan-large-athletic-adult-sensitive-skin-baranyban-gazdag-szaraz-kutyaeledel-14kg/", "product_description": "Teljes értékű állateledel nagytestű, atletikus testalkatú és érzékeny emésztésű felnőtt kutyák számára. Összetevők: Bárány (19%), Kukorica, Szárított baromfifehérje, Rizs (8%), Állati eredetű zsiradék, Kukoricadara, Szárított cukorrépa-apríték, Szójaliszt, Kukoricaglutén-liszt, Hidrolizátum, Tojáspor, Ásványi anyagok, Halolaj Tápanyagok Analitikai összetevők: Fehérje: 28,0% Zsírtartalom: 18,0% Nyershamu: 7,5% Nyersrost: 2,0% Adalékanyagok:Tápértékkel rendelkező adalékanyagok: NE/kg: Vit. A: 28000 Vit. D₃: 910 Vit. E: 550 mg/kg: Vit. C: 140 Vas-szulfát monohidrát: 270 Vízmentes kalcium-jodát: 3,5 Réz-szulfát pentahidrát: 55 Mangán-szulfát monohidrát: 130 Cink-szulfát monohidrát: 460 Nátrium-szelenit: 0,32 Technológiai adalékanyagok: mg/kg: Bentonit (agyag): 6000 Növényi olajokból származó tokoferol kivonatok: 49 Tovább olvasok"}
{"breadcrumb": "Főoldal/Kutya/Eledelek/Száraz eledelek/PRO PLAN Large Athletic Adult SENSITIVE SKIN lazacban gazdag száraz kutyaeledel 14kg", "product_name": "PRO PLAN Large Athletic Adult SENSITIVE SKIN lazacban gazdag száraz kutyaeledel 14kgPRO PLAN Large Athletic Adult SENSITIVE SKIN lazacban gazdag száraz kutyaeledel 14kg", "brand": "ProPlanOptiderma12,1kg – 15kgFelnőtthal&tenger gyümölcseibőr&szőr ápolónagytestű 26kg-tól", "regular_price": "3 499", "selling_price": "2 999", "price_per_unit": "1 kg=2321 Ft", "product_url": "https://webshop.fressnapf.hu/termekek/pro-plan-large-athletic-optiderma-sensitive-skin-lazacban-gazdag-szaraz-kutyaeledel-14kg/", "product_description": "Érzékeny bőrű, nagytestű, atletikus testfelépítésű felnőtt kutyák számára tudományosan összeállított, teljes értékű száraz kutyaeledel. A PURINA® PRO PLAN® Dog Large Athletic Adult Sensitive Skin with OPTIDERMA® tartalmazza a kutyája teljes körű jóllétéhez szükséges valamennyi tápanyagot. Ezenfelül tartalmazza a bőr egészségének és a szőrzet ragyogásának megőrzését segítő tápanyagokat is. Összetevők: Lazac* (17%), rizs* (14%), dehidratált lazacfehérje*, kukoricaglutén-liszt*, kukorica*, állati eredetű zsiradék, szójaliszt*, szárított cukorrépa-apríték*, kukoricadara*, hidrolizátum, kukoricakeményítő, cellulóz, ásványi anyagok, szárított tojás*, szójababolaj, halolaj. * Fehérjeforrások. Tápanyagok Analitikai összetevők: Fehérje: 28,0% Zsírtartalom: 18,0% Nyershamu: 7,0% Nyersrost: 3,0% Adalékanyagok:Tápértékkel rendelkező adalékanyagok: NE/kg: Vit. A: 37000 Vit. D₃: 1200 Vit. E: 550 mg/kg: Vit. C: 140 Vas-szulfát monohidrát: 260 Vízmentes kalcium-jodát: 3,3 Réz-szulfát pentahidrát: 52 Mangán-szulfát monohidrát: 120 Cink-szulfát monohidrát: 440 Nátrium-szelenit: 0,30 Technológiai adalékanyagok: mg/kg: Növényi olajokból származó tokoferol kivonatok: 50 Tovább olvasok"}
{"breadcrumb": "Főoldal/Kutya/Eledelek/Száraz eledelek/Pro Plan Large Athletic Puppy Sensitive Digestion bárányban gazdag száraz kutyaeledel 12kg", "product_name": "Pro Plan Large Athletic Puppy Sensitive Digestion bárányban gazdag száraz kutyaeledel 12kgPro Plan Large Athletic Puppy Sensitive Digestion bárányban gazdag száraz kutyaeledel 12kg", "brand": "ProPlanOptidigest10,1 – 12kgKölyökjuh&bárány&kecskeérzékeny emésztésűnagytestű 26kg-tól", "regular_price": "3 799", "selling_price": "3 299", "price_per_unit": "1 kg=2167 Ft", "product_url": "https://webshop.fressnapf.hu/termekek/pro-plan-large-athletic-puppy-optidigest-baranyban-gazdag-szaraz-kutyaeledel-12kg/", "product_description": "Nagytestű, atletikus testfelépítésű kölyökkutyák számára tudományos alapossággal összeállított, teljes értékű száraz kutyaeledel. A PURINA ® PRO PLAN® Large Athletic Puppy with OPTISTART® minden tápanyagot tartalmaz, amelyre kölyökkutyájának az egészséges növekedéséhez szüksége van. Emellett vemhes és szoptató anyakutyáknak is adható. Összetevők: Bárány (20%), Szárított baromfi fehérje, Kukorica, Rizs, Szójaliszt, Állati eredetű zsiradék, Szárított cukorrépa-apríték, Hidrolizátum, Kukoricafehérje-liszt, Szárított tojás, Kukoricadara, Halolaj, Ásványi anyagok Tápanyagok Analitikai összetevők: Fehérje: 32% Zsírtartalom: 18% Nyershamu: 7,5% Nyersrost: 2,5% Adalékanyagok:Tápértékkel rendelkező adalékanyagok: NE/kg: Vit A: 28000 Vit D3: 910 Vit E: 550 mg/kg: Vit C: 140 Vas(II)-szulfát monohidrát: (Fe: 78) Vízmentes kalcium-jodát: (I: 2) Réz-szulfát pentahidrát: (Cu: 12) Mangán-szulfát monohidrát: (Mn: 37) Cink-szulfát monohidrát: (Zn: 120) Nátrium-szelenit: (Se: 0,11) Technológiai adalékanyagok: mg/kg: Növényi olajokból származó tokoferol kivonatok: 46 Bentonit: 6000 Tovább olvasok"}
{"breadcrumb": "Főoldal/Kutya/Eledelek/Száraz eledelek/Pro Plan Large Robust Adult Everyday Nutrition csirkében gazdag száraz kutyaeledel 14kg", "product_name": "Pro Plan Large Robust Adult Everyday Nutrition csirkében gazdag száraz kutyaeledel 14kgPro Plan Large Robust Adult Everyday Nutrition csirkében gazdag száraz kutyaeledel 14kg", "brand": "ProPlanOptibalance12,1kg – 15kgFelnőttszárnyasegészséges felnőtt táplálásnagytestű 26kg-tól", "regular_price": "3 799", "selling_price": "3 299", "price_per_unit": "1 kg=2143 Ft", "product_url": "https://webshop.fressnapf.hu/termekek/pro-plan-optibalance-large-robust-csirkeben-gazdag-felnott-szaraz-kutyaeledel-14-kg/", "product_description": "A formula OPTIBALANCE®-t tartalmaz, amely a nagytestű, robusztus testfelépítésű kutyáknak megfelelő mennyiségben tartalmazza a tudományos alapossággal válogatott tápanyagokat. Az eledel magas minőségű csirkedarabokat, és könnyen emészthető, magas biológiai hasznosulású tápanyagokat  tartalmaz. A nagytestű kutyák tápanyagigényét testfelépítésük (robusztus vagy atletikus) határozza meg. A formulát különösen a nagytestű, robusztus testfelépítésű kutyák nagyobb testzsírtömegéhez és alacsonyabb energiaigényéhez igazították. Az eledel formulája emellett segít csúcsformában tartani kutyája fogazatát és támogatja ízületeit is. Összetevők: Csirke (19%), búza, dehidratált szárnyasfehérje, kukorica, rizs (7%), búzarost, hidrolizátum, szárított cukorrépa-apríték, szójaliszt, búzaglutén-liszt, állati eredetű zsiradék, kukoricaglutén-liszt, ásványi anyagok, szárított tojás, halolaj. * Fehérjeforrások Tápanyagok Analitikai összetevők: Fehérje: 27,0% Zsírtartalom: 12,0% Nyershamu: 7,5% Nyersrost: 2,5% Adalékanyagok:Tápértékkel rendelkező adalékanyagok: NE/kg: Vit. A: 26000 Vit. D₃: 840 Vit. E: 550 mg/kg: Vit. C: 140 Vas-szulfát monohidrát: 210 Vízmentes kalcium-jodát: 2,7 Réz-szulfát pentahidrát: 43 Mangán-szulfát monohidrát: 100 Cink-szulfát monohidrát: 360 Nátrium-szelenit: 0,25 Technológiai adalékanyagok: mg/kg: Növényi olajokból származó tokoferol kivonatok: 15 Tovább olvasok"}
{"breadcrumb": "Főoldal/Kutya/Eledelek/Száraz eledelek/Pro Plan Medium & Large Adult 7+ Sensitive Skin lazacban gazdag száraz kutyaeledel 14kg", "product_name": "Pro Plan Medium & Large Adult 7+ Sensitive Skin lazacban gazdag száraz kutyaeledel 14kgPro Plan Medium & Large Adult 7+ Sensitive Skin lazacban gazdag száraz kutyaeledel 14kg", "brand": "ProPlanOptiderma12,1kg – 15kgIdőshal&tenger gyümölcseiérzékeny emésztésűnagytestű 26kg-tól", "regular_price": "3 699", "selling_price": "3 299", "price_per_unit": "1 kg=2107 Ft", "product_url": "https://webshop.fressnapf.hu/termekek/pro-plan-medium-large-adult-7-optiderma-lazacban-gazdag-szaraz-kutyaeledel-14kg/", "product_description": "Érzékeny bőrű, közepes és nagytestű, idősebb kutyák számára tudományosan összeállított, teljes értékű száraz kutyaeledel. A PURINA® PRO PLAN® Dog Medium Adult Sensitive Skin with OPTIDERMA® tartalmazza a kutyája teljes körű jóllétéhez szükséges valamennyi tápanyagot. Ezenfelül tartalmazza a bőr egészségének és a szőrzet ragyogásának megőrzését segítő tápanyagokat is. Összetevők: Lazac* (17%), rizs* (16%), kukoricaglutén-liszt*, dehidratált lazacfehérje*, kukoricakeményítő, kukorica*, szójaliszt*, állati eredetű zsiradék, ásványi anyagok, szárított cukorrépa-apríték*, cellulóz, szárított tojás*, szójababolaj, hidrolizátum, halolaj. * Fehérjeforrások Tápanyagok Analitikai összetevők: Fehérje: 28,0% Zsírtartalom: 14,0% Nyershamu: 7,5% Nyersrost: 2,5% Adalékanyagok:Tápértékkel rendelkező adalékanyagok: NE/kg: Vit. A: 37000 Vit. D3: 1200 Vit. E: 650 mg/kg: Vit. C: 165 Vas-szulfát monohidrát: 330 Vízmentes kalcium-jodát: 4,2 Réz-szulfát pentahidrát: 66 Mangán-szulfát monohidrát: 150 Cink-szulfát monohidrát: 560 Nátrium-szelenit: 0,39 Technológiai adalékanyagok: mg/kg: Növényi olajokból származó tokoferol kivonatok: 26 Tovább olvasok"}
{"breadcrumb": "Főoldal/Kutya/Eledelek/Száraz eledelek/Pro Plan Medium Adult Sensitive Digestion bárányban gazdag száraz kutyaeledel 14kg", "product_name": "Pro Plan Medium Adult Sensitive Digestion bárányban gazdag száraz kutyaeledel 14kgPro Plan Medium Adult Sensitive Digestion bárányban gazdag száraz kutyaeledel 14kg", "brand": "ProPlanOptidigest12,1kg – 15kgFelnőttjuh&bárány&kecskeérzékeny emésztésűközepes testű 11-25kg", "regular_price": "11 499", "selling_price": "9 999", "price_per_unit": "1 kg=1671 Ft", "product_url": "https://webshop.fressnapf.hu/termekek/proplan-optidigest-medium-adult-sensitive-szaraz-kutyaeledel-barany-14kg/", "product_description": "Érzékeny emésztésű, közepes termetű felnőtt kutyák számára tudományosan összeállított, teljes értékű száraz kutyaeledel. A PURINA® PRO PLAN® Dog Medium Adult Sensitive Digestion with OPTIDIGEST® kutyaeledel könnyen emészthető és megadja az egészséges kutyának szükséges összes tápanyagot. A formula OPTIDIGEST®-et tartalmaz, amely az emésztőrendszert támogató tápanyagok speciális kombinációja. Ezek többek között a könnyen emészthető összetevők (pl. tojás), amelyek megkönnyítik az emésztési folyamatot, valamint bentonit (természetes agyagfajta), amely elősegíti a megfelelő székletminőséget. Összetétel: Bárány (19%), Kukorica, Szárított baromfifehérje, Kukoricadara, Rizs (8%), Állati eredetű zsiradék, Szárított cukorrépa-apríték, Szójaliszt, Hidrolizátum, Kukoricaglutén-liszt, Tojáspor, Ásványi anyagok, Halolaj Adalékanyagok: NE/kg: Vit. A: 30000, Vit. D3: 975, Vit. E: 550 mg/kg: Vit. C: 140, Vas-szulfát monohidrát: 260, Vízmentes kalcium-jodát: 3,4, Réz-szulfát pentahidrát: 53, Mangán-szulfát monohidrát: 120, Cink-szulfát monohidrát: 450, Nátrium-szelenit: 0,31 Technológiai adalékanyagok: mg/kg: Növényi olajokból származó tokoferol kivonatok: 38 Analitikai összetevők: Fehérje: 26,0%, Zsírtartalom: 16,0%, Nyershamu: 7,5%, Nyersrost: 2,5% Tovább olvasok"}
{"breadcrumb": "Főoldal/Kutya/Eledelek/Száraz eledelek/Pro Plan Medium Adult Sensitive Digestion bárányban gazdag száraz kutyaeledel 3kg", "product_name": "Pro Plan Medium Adult Sensitive Digestion bárányban gazdag száraz kutyaeledel 3kgPro Plan Medium Adult Sensitive Digestion bárányban gazdag száraz kutyaeledel 3kg", "brand": "ProPlanOptidigest1,1kg – 4kgFelnőttjuh&bárány&kecskeérzékeny emésztésűközepes testű 11-25kg", "regular_price": "3 499", "selling_price": "2 999", "price_per_unit": "1 kg=3333 Ft", "product_url": "https://webshop.fressnapf.hu/termekek/proplan-optidigest-kutya-szarazeledel-adult-medium-sensitive-barany-3kg/", "product_description": "Teljes értékű állateledel közepes testű, érzékeny emésztésű felnőtt kutyák számára. A PURINA® PRO PLAN® Medium Adult Sensitive Digestion egy bárányban gazdag eledel OPTIDIGEST® formulával, mely a közepes méretű, érzékeny emésztésű felnőtt kutyák számára megfelelő arányban tartalmazza a szükséges tápanyagokat. Ha kutyájának érzékeny emésztése van, próbálja ki ezt az ízletes száraz kutyaeledelt, hogy támogassa egészségének fenntartásában. Az OPTIDIGEST® formula tudományosan bizonyított módon segít helyreállítani a bélmikroflóra egyensúlyát, melynek kiegyensúlyozatlansága az egyik leggyakoribb oka az érzékeny emésztésnek a kutyák esetében. Emellett támogathatja az egészségesebb, tömörebb székletet, valamint kutyája testméretére és életkorára szabott táplálást biztosíthat. A receptúra az összes olyan tápanyagot tartalmazza, melyre kutyájának szüksége van a mindennapi egészséghez, támogatja az aktív, kiegyensúlyozott életvitelben. Összetétel: bárány (19%), kukorica, szárított baromfifehérje, rizs (8%), kukoricaglutén-liszt, kukoricadara, szárított cukorrépa-apríték, állati eredetű zsiradék, hidrolizátum, tojáspor, ásványi anyagok, szójaolaj, halolaj. Analitikai összetevők: fehérje: 26,0%, zsírtartalom: 16,0%, nyershamu: 7,5%, nyersrost: 2,5%. Tápértékkel rendelkező adalékanyagok: NE/kg: A-vitamin: 33000, D3-vitamin: 975, E-vitamin: 550, mg/kg: C-vitamin: 140, vas-szulfát monohidrát: 260, vízmentes kalcium-jodát: 3,4, réz-szulfát pentahidrát: 53, mangán-szulfát monohidrát: 120, cink-szulfát monohidrát: 450, nátrium-szelenit: 0,31. Technológiai adalékanyagok: mg/kg: növényi olajokból származó tokoferol-kivonatok: 38. Etetési útmutató: javasolt napi etetési mennyiség a táblázat szerint. A táblázatban szereplő értékek csak iránymutatók. Kutyája ideális testsúlyának megőrzése érdekében a napi etetési mennyiséget az állat aktivitási szintjétől, fizikai kondíciójától és egyéni igényeitől függően változtathatja. Mindig tegyen friss, tiszta vizet az eledel mellé! Kutyája egészségének megőrzése érdekében keresse fel rendszeresen állatorvosát! Tovább olvasok"}
{"breadcrumb": "Főoldal/Kutya/Eledelek/Száraz eledelek/Pro Plan Medium Adult Sensitive Skin lazacban gazdag száraz kutyaeledel 14kg", "product_name": "Pro Plan Medium Adult Sensitive Skin lazacban gazdag száraz kutyaeledel 14kgPro Plan Medium Adult Sensitive Skin lazacban gazdag száraz kutyaeledel 14kg", "brand": "ProPlanOptiderma12,1kg – 15kgFelnőtthal&tenger gyümölcseibőr&szőr ápolóközepes testű 11-25kg", "regular_price": "9 999", "selling_price": "8 999", "price_per_unit": "1 kg=1707 Ft", "product_url": "https://webshop.fressnapf.hu/termekek/proplan-optiderma-kutya-szarazeledel-adult-medium-sensitive-skin-14kg/", "product_description": "Állateledel felnőtt kutyák számára Kifejezetten az érzékeny bőrrel rendelkező felnőtt kutyák számára kifejlesztve Lazacban gazdag Segít a természetes és egészséges szőrzet támogatásában Összetétel: Lazac* (17%), rizs* (14%), szárított lazacfehérje*, kukoricaglutén-liszt*, állati eredetű zsiradék, kukorica*, szójaliszt*, kukoricadara*, szárított cukorrépa-apríték*, kukoricakeményítő, hidrolizátum, cellulóz, ásványi anyagok, tojáspor*, szójabab olaj, halolaj, *Fehérjeforrások Analitikai összetevők: fehérje: 29,0%, zsírtartalom: 18,0%, nyershamu: 7,5%, nyersrost: 3,0%, adalékanyagok: tápértékkel rendelkező adalékanyagok: NE/kg: Vit. A: 38000, Vit. D₃: 1200, Vit. E: 550, mg/kg: Vit. C: 140, vas-szulfát monohidrát: 270, vízmentes kalcium-jodát: 3,5, réz-szulfát pentahidrát: 54, mangán-szulfát monohidrát: 130, cink-szulfát monohidrát: 450, nátrium-szelenit: 0,32, technológiai adalékanyagok: mg/kg: növényi olajokból származó tokoferol kivonatok: 50 Tovább olvasok"}
{"breadcrumb": "Főoldal/Kutya/Eledelek/Száraz eledelek/Pro Plan Medium Adult Sensitive Skin lazacban gazdag száraz kutyaeledel 3kg", "product_name": "Pro Plan Medium Adult Sensitive Skin lazacban gazdag száraz kutyaeledel 3kgPro Plan Medium Adult Sensitive Skin lazacban gazdag száraz kutyaeledel 3kg", "brand": "ProPlanOptiderma1,1kg – 4kgFelnőtthal&tenger gyümölcseibőr&szőr ápolóközepes testű 11-25kg", "regular_price": "11 499", "selling_price": "9 999", "price_per_unit": "1 kg=3333 Ft", "product_url": "https://webshop.fressnapf.hu/termekek/proplanoptiderma-kutya-szarazeledel-adult-medium-sensitive-skin-3kg/", "product_description": "Állateledel felnőtt kutyák számára Segít a természetes és egészséges szőrzet támogatásában Lazacban gazdag Támogatja az egészséges ízületeket A PURINA® PRO PLAN® Medium Adult Sensitive Skin OPTIDERMA® formulával egy száraz kutyaeledel érzékeny bőrrel rendelkező felnőtt kutyák számára. Ha közepes méretű kutyájának érzékeny a bőre, ez a teljes értékű eledel megfelel kutyája igényeinek. Az OPTIDERMA® formula a bőr egészségét célzó tápanyagok kombinációja, segít a természetes és egészséges szőrzet támogatásában. Válogatott fehérjeforrásokat tartalmaz, melyek segíthetnek csökkenteni az eledel érzékenységből eredő bőrrel kapcsolatos diszkomfort érzetet. Ez a teljes értékű száraz eledel lazacban gazdag, és tartalmaz minden olyan esszenciális tápanyagot, melyre kutyájának szüksége van az egészséges és aktív élethez. Mindemellett támogatja az egészséges ízületeket. Segítsen kutyájának megbirkózni az érzékeny bőr támasztotta mindennapi kihívásokkal a PURINA® PRO PLAN® Medium adult eledel segítségével OPTIDERMA® formulával. Összetétel: Lazac* (17%), rizs* (14%), szárított lazacfehérje*, kukoricaglutén-liszt*, állati eredetű zsiradék, kukorica*, szójaliszt*, kukoricadara*, szárított cukorrépa-apríték*, kukoricakeményítő, hidrolizátum, cellulóz, ásványi anyagok, tojáspor*, szójabab olaj, halolaj, *Fehérjeforrások. Analitikai összetevők: fehérje: 29,0%, zsírtartalom: 18,0%, nyershamu: 7,5%, nyersrost: 3,0%, adalékanyagok: tápértékkel rendelkező adalékanyagok: NE/kg: Vit. A: 38000, Vit D₃: 1200, Vit. E: 550, mg/kg: Vit. C: 140, vas-szulfát monohidrát: 270, vízmentes kalcium-jodát: 3,5, réz-szulfát pentahidrát: 54, mangán-szulfát monohidrát: 130, cink-szulfát monohidrát: 450, nátrium-szelenit: 0,32, technológiai adalékanyagok: mg/kg: növényi olajokból származó tokoferol kivonatok: 50 Tovább olvasok"}
{"breadcrumb": "Főoldal/Kutya/Eledelek/Száraz eledelek/Pro Plan Medium Puppy Sensitive Digestion bárányban gazdag száraz kutyaeledel 12kg", "product_name": "Pro Plan Medium Puppy Sensitive Digestion bárányban gazdag száraz kutyaeledel 12kgPro Plan Medium Puppy Sensitive Digestion bárányban gazdag száraz kutyaeledel 12kg", "brand": "ProPlanOptidigest10,1 – 12kgKölyökjuh&bárány&kecskeérzékeny emésztésűközepes testű 11-25kg", "regular_price": "3 399", "selling_price": "2 999", "price_per_unit": "1 kg=1750 Ft", "product_url": "https://webshop.fressnapf.hu/termekek/proplan-optidigest-medium-puppy-szaraz-kutyaeledel-barany-12kg/", "product_description": "Érzékeny emésztésű, közepes termetű kölyökkutyák számára tudományosan összeállított, teljes értékű száraz kutyaeledel. A PURINA® PRO PLAN® DOG Medium Puppy Sensitive Digestion with OPTIDIGEST® tartalmazza a kölyökkutyája egészséges növekedéséhez szükséges összes tápanyagot. Ezenkívül vemhes és szoptató anyakutyáknak is megfelelő. A formula OPTIDIGEST®-et tartalmaz, amely az emésztőrendszert támogató tápanyagok speciális kombinációja. Ezek többek között a könnyen emészthető összetevők (pl. tojás), amelyek megkönnyítik az emésztési folyamatot, valamint bentonit (természetes agyagfajta), amely elősegíti a megfelelő székletminőséget. A bárányban gazdag és tápanyagok szempontjából kiegyensúlyozott receptúra támogatja az aktív és egészséges életmódot a kölyökkutya felnőtté válása során. Összetétel: bárány (20%), szárított baromfifehérje, kukorica, rizs (10%), szójaliszt, állati eredetű zsiradék, szárított cukorrépa-apríték, hidrolizátum, kukoricaglutén-liszt, tojáspor, kukoricadara, ásványi anyagok, halolaj, szárított kolosztrum (0,1%). Adalékanyagok: Tápértékkel rendelkező adalékanyagok: NE/kg: Vit. A: 28 000; Vit. D3: 910; Vit. E: 200; mg/kg: Vit. C: 120; vas-szulfát monohidrát: 230; vízmentes kalcium-jodát: 2,9; réz-szulfát pentahidrát: 46; mangán-szulfát monohidrát: 110; cink-szulfát monohidrát: 390; nátrium-szelenit: 0,27. Technológiai adalékanyagok: mg/kg: Bentonit (agyag): 6000; Növényi olajokból származó tokoferol kivonatok: 54. Analitikai összetevők: fehérje: 30,0%; zsírtartalom: 19,0%; nyershamu: 7,7%; nyersrost: 2,5%. Tovább olvasok"}
{"breadcrumb": "Főoldal/Kutya/Eledelek/Száraz eledelek/Pro Plan Medium Puppy Sensitive Digestion bárányban gazdag száraz kutyaeledel 3kg", "product_name": "Pro Plan Medium Puppy Sensitive Digestion bárányban gazdag száraz kutyaeledel 3kgPro Plan Medium Puppy Sensitive Digestion bárányban gazdag száraz kutyaeledel 3kg", "brand": "ProPlanOptidigest1,1kg – 4kgKölyökjuh&bárány&kecskeérzékeny emésztésűközepes testű 11-25kg", "regular_price": "3 499", "selling_price": "2 999", "price_per_unit": "1 kg=3333 Ft", "product_url": "https://webshop.fressnapf.hu/termekek/proplan-optidigest-kutya-szarazeledel-puppy-medium-sensitive-barany-3kg/", "product_description": "Teljes értékű állateledel közepes testű, érzékeny emésztésű kölyökkutyák számára. Alkalmas vemhes és szoptatós kutyák részére is.A bárányban gazdag PURINA® PRO PLAN® Medium Puppy Sensitive Digestion egy teljes értékű száraz eledel közepes termetű kölyökkutyák számára. OPTIDIGEST® formulát, a tápanyagok különleges kombinációját tartalmazza, mely megfelel kölyökkutyája életkorának és méretének, valamint segít az érzékeny emésztés támogatásában, hozzájárulva általános egészségéhez. Megfelelő vemhes és szoptató kutyák számára is. Az OPTIDIGEST® formula válogatott prebiotikum forrásoknak köszönhetően segít a bélmikroflóra egyensúlyának javításában, mely a leggyakoribb kiváltó oka az érzékeny emésztésnek. Ez az érzékeny emésztésű kölyökkutyáknak készült eledel elősegíti a megfelelő szilárdságú székletet is. Receptúrája teljes értékű és kiegyensúlyozott, vagyis tartalmazza az összes tápanyagot, melyre kölyökkutyájának szüksége van a mindennapi egészséges élethez. Könnyen emészthető, magas minőségű báránnyal készült, az érzékeny kutyáknak megfelelő fehérjeforrással. Összetétel: bárány (20%), dehidratált baromfifehérje, kukorica, rizs, szójaliszt, állati eredetű zsiradék, szárított cukorrépa-apríték, hidrolizátum, kukoricafehérje-liszt, szárított tojás, kukoricadara, ásványi anyagok, halolaj. Analitikai összetevők: fehérje: 30%, zsírtartalom: 19%, nyershamu: 8%, nyersrost: 2,5%. Tápértékkel rendelkező adalékanyagok: NE/kg: A-vitamin: 29000, D3-vitamin: 960, E-vitamin: 550, mg/kg: C-vitamin: 140, vas(II)-szulfát monohidrát: (Fe: 100), vízmentes kalcium-jodát: (I: 2,6), réz(II)-szulfát pentahidrát: (Cu: 15), mangán-szulfát monohidrát: (Mn: 47), cink-szulfát monohidrát: (Zn: 160), nátrium-szelenit: (Se: 0,14). Technológiai adalékanyagok: mg/kg: növényi olajokból származó tokoferol-kivonatok: 56, bentonit: 6000. Etetési útmutató: – elválasztás és növekedés szakaszában: az elválasztás során, 3-6 hetes korban, kínálja kölyökkutyáját benedvesített Pro Plan Puppy eledellel napi 3-4 alkalommal. Elválasztás után etesse kutyáját a táblázat szerint. 3 hónapos kortól folyamatosan csökkentse az eledelhez kevert víz mennyiségét. Az egészséges fejlődés érdekében ügyeljen arra, hogy kutyája a növekedés során folyamatosan megőrizze ideális testsúlyát. A napi etetési mennyiséget a kölyökkutya aktivitási szintjétől, fizikai kondíciójától és egyéni igényeitől függően módosíthatja. Mindig tegyen friss, tiszta vizet az eledel mellé. Kutyája egészségének megőrzése érdekében keresse fel rendszeresen állatorvosát. – vemhesség és szoptatás idején: bővebb információért látogasson el a Purina Pro Plan® weboldalra vagy kérdezze meg állatorvosát. Tovább olvasok"}
{"breadcrumb": "Főoldal/Kutya/Eledelek/Száraz eledelek/Pro Plan Medium Puppy Sensitive Skin lazacban gazdag száraz kutyaeledel 12kg", "product_name": "Pro Plan Medium Puppy Sensitive Skin lazacban gazdag száraz kutyaeledel 12kgPro Plan Medium Puppy Sensitive Skin lazacban gazdag száraz kutyaeledel 12kg", "brand": "ProPlanOptiderma10,1 – 12kgKölyökhal&tenger gyümölcseibőr&szőr ápolóközepes testű 11-25kg", "regular_price": "3 799", "selling_price": "3 299", "price_per_unit": "1 kg=1825 Ft", "product_url": "https://webshop.fressnapf.hu/termekek/proplan-optiderma-medium-puppy-sensitive-szaraz-kutyaeledel-12kg/", "product_description": "Érzékeny bőrű, közepes testű kölyökkutyák számára tudományosan összeállított, teljes értékű szárazeledel. PURINA® PRO PLAN® Medium Puppy Sensitive Skin with OPTIDERMA® tartalmazza a kölyökkutya egészséges növekedéséhez szükséges összes tápanyagot. Emellett vemhes vagy szoptató anyakutyáknak is adható. Összetétel: Lazac* (17%), Szárított lazacfehérje*, Rizs* (16%), Állati eredetű zsiradék, Kukoricakeményítő, Kukoricaglutén-liszt*, Szójaliszt*, Tojáspor*, Szárított szójafehérje*, Hidrolizátum, Szárított cukorrépa-apríték*, Kukorica*, Ásványi anyagok, Cellulóz, Szójabab olaj, Halolaj *Fehérjeforrások Adalékanyagok: ápértékkel rendelkező adalékanyagok: NE/kg: Vit. A: 31000, Vit. D₃: 1000, Vit. E: 550; mg/kg: Vit. C: 140, Vas-szulfát monohidrát: 270, Vízmentes kalcium-jodát: 3,5, Réz-szulfát pentahidrát: 54, Mangán-szulfát monohidrát: 130, Cink-szulfát monohidrát: 460, Nátrium-szelenit: 0,32 Technológiai adalékanyagok: mg/kg: Növényi olajokból származó tokoferol kivonatok: 55 Analitikai összetevők: Fehérje: 32,0%, Zsírtartalom: 20,0%, Nyershamu: 7,5%, Nyersrost: 2,5% Tovább olvasok"}
{"breadcrumb": "Főoldal/Kutya/Eledelek/Száraz eledelek/Pro Plan Medium Puppy Sensitive Skin lazacban gazdag száraz kutyaeledel 3kg", "product_name": "Pro Plan Medium Puppy Sensitive Skin lazacban gazdag száraz kutyaeledel 3kgPro Plan Medium Puppy Sensitive Skin lazacban gazdag száraz kutyaeledel 3kg", "brand": "ProPlanOptiderma1,1kg – 4kgKölyökhal&tenger gyümölcseibőr&szőr ápolóközepes testű 11-25kg", "regular_price": "9 999", "selling_price": "8 999", "price_per_unit": "1 kg=3333 Ft", "product_url": "https://webshop.fressnapf.hu/termekek/proplan-optiderma-kutya-szarazeledel-puppy-medium-sensitive-skin-3kg/", "product_description": "Állateledel kölyökkutyák számára Kifejezetten az érzékeny bőrrel rendelkező kölyökkutyák számára kifejlesztve Lazacban gazdag Alkalmas vemhes és szoptatós kutyák számára is A PURINA® PRO PLAN® Medium Puppy Sensitive Skin OPTIDERMA® formulával kifejezetten az érzékeny bőrrel rendelkező kölyökkutyák számára kifejlesztett száraz kutyaeledel, mely alkalmas vemhes és szoptatós kutyák számára is. Ez a kiegyensúlyozott kölyökkutya eledel OPTIDERMA® formulát tartalmaz, különleges összetevők kombinációját kölyökkutyája életkorának és közepes testalkatának megfelelő mértékben. Klinikailag bizonyítottan segít az egészséges bőr támogatásában, és elősegíti a természetesen egészséges szőrzetet. Receptúránk tartalmaz olyan tápanyagokat is, melyek támogatják az aktív életstílushoz szükséges egészséges ízületeket, valamint az egészséges immunrendszert, így a kölyökkutyák szembe tudnak nézni a mindennapi kihívásokkal. Ez a teljes értékű száraz kutyaeledel lazacban gazdag, válogatott fehérjeforrásokkal rendelkezik, hogy segítsen csökkenteni az eledel érzékenységgel összefüggésbe hozható bőrnél tapasztalható diszkomfort érzet előfordulását. Ha közepes méretű kölyökkutyájának érzékeny bőre van, próbálja ki ma ezt a teljes értékű szárazeledelt! Összetétel: Lazac* (17%), szárított lazacfehérje*, rizs* (16%), állati eredetű zsiradék, kukoricakeményítő, kukoricaglutén-liszt*, szójaliszt*, szárított szójafehérje*, tojáspor*, hidrolizátum, szárított cukorrépa-apríték*, ásványi anyagok, kukorica*, cellulóz, szójabab olaj, halolaj, *Fehérjeforrások. Analitikai összetevők: fehérje: 32,0%, zsírtartalom: 20,0%, nyershamu: 7,5%, nyersrost: 2,5%, adalékanyagok: tápértékkel rendelkező adalékanyagok: NE/kg: Vit. A: 31000, Vit D₃: 1000, Vit. E: 550, mg/kg: Vit. C: 140, vas-szulfát monohidrát: 270, vízmentes kalcium-jodát: 3,5, réz-szulfát pentahidrát: 54, mangán-szulfát monohidrát: 130, cink-szulfát monohidrát: 460, nátrium-szelenit: 0,32, technológiai adalékanyagok: mg/kg: növényi olajokból származó tokoferol kivonatok: 55 Tovább olvasok"}
{"breadcrumb": "Főoldal/Kutya/Eledelek/Száraz eledelek/Pro Plan Small & Mini Adult Sensitive Digestion bárányban gazdag száraz kutyaeledel 3kg", "product_name": "Pro Plan Small & Mini Adult Sensitive Digestion bárányban gazdag száraz kutyaeledel 3kgPro Plan Small & Mini Adult Sensitive Digestion bárányban gazdag száraz kutyaeledel 3kg", "brand": "ProPlanOptidigest1,1kg – 4kgFelnőttjuh&bárány&kecskeérzékeny emésztésűkistestű 10kg-ig", "regular_price": "9 999", "selling_price": "8 999", "price_per_unit": "1 kg=3333 Ft", "product_url": "https://webshop.fressnapf.hu/termekek/proplan-optidigest-kutya-szarazeledel-adult-smallmini-barany-3kg/", "product_description": "Teljes értékű állateledel kistestű és mini, érzékeny emésztésű felnőtt kutyák számára. A PURINA® PRO PLAN® Adult Sensitive Digestion egy bárányban gazdag eledel OPTIDIGEST® formulával, mely a kistestű, érzékeny emésztésű felnőtt kutyák számára megfelelő arányban tartalmazza a szükséges tápanyagokat. Ha kutyájának érzékeny emésztése van, próbálja ki ezt az ízletes száraz kutyaeledelt, hogy támogassa egészségének fenntartásában. Az OPTIDIGEST® formula tudományosan bizonyított módon segít helyreállítani a bélmikroflóra egyensúlyát, melynek kiegyensúlyozatlansága az egyik leggyakoribb oka az érzékeny emésztésnek a kutyák esetében. Emellett támogathatja az egészségesebb, tömörebb székletet, valamint kutyája testméretére és életkorára szabott táplálást biztosíthat. A receptúra az összes olyan tápanyagot tartalmazza, melyre kutyájának szüksége van a mindennapi egészséghez, támogatja az aktív, kiegyensúlyozott életvitelben. Összetétel: bárány (20%), dehidratált baromfifehérje, kukorica, rizs (8%), kukoricadara, szárított cukorrépa-apríték, állati zsiradék, hidrolizátum, szójaliszt, kukoricaglutén-liszt, szárított tojás, ásványi anyagok, halolaj, élszető. Analitikai összetevők: fehérje: 28,0%, zsírtartalom: 17,0%, nyershamu: 7,5%, nyersrost: 2,5%. Tápértékkel rendelkező adalékanyagok: NE/kg: A-vitamin: 33000, D3-vitamin: 1100, E-vitamin: 550, mg/kg: C-vitamin: 140, vas(II)-szulfát monohidrát: (Fe: 94), vízmentes kalcium-jodát: (I: 2,4), réz-szulfát pentahidrát: (Cu: 14), mangán-szulfát monohidrát: (Mn: 44), cink-szulfát monohidrát: (Zn: 150), nátrium-szelenit: (Se: 0,13). Technológiai adalékanyagok: mg/kg: bentonit (agyag): 6000, növényi olajokból származó tokoferol-kivonatok: 40. Etetési útmutató: javasolt napi etetési mennyiség a táblázat szerint. A táblázatban szereplő értékek csak iránymutatók. Kutyája ideális testsúlyának megőrzése érdekében a napi etetési mennyiséget az állat aktivitási szintjétől, fizikai kondíciójától és egyéni igényeitől függően változtathatja. Mindig tegyen friss, tiszta vizet az eledel mellé! Kutyája egészségének megőrzése érdekében keresse fel rendszeresen állatorvosát! Tovább olvasok"}
{"breadcrumb": "Főoldal/Kutya/Eledelek/Száraz eledelek/Pro Plan Small & Mini Adult Sensitive Skin lazacban gazdag száraz kutyaeledel 3kg", "product_name": "Pro Plan Small & Mini Adult Sensitive Skin lazacban gazdag száraz kutyaeledel 3kgPro Plan Small & Mini Adult Sensitive Skin lazacban gazdag száraz kutyaeledel 3kg", "brand": "ProPlanOptiderma1,1kg – 4kgFelnőtthal&tenger gyümölcseibőr&szőr ápolókistestű 10kg-ig", "regular_price": "9 999", "selling_price": "8 999", "price_per_unit": "1 kg=3333 Ft", "product_url": "https://webshop.fressnapf.hu/termekek/proplan-optiderma-kutya-szarazeledel-adult-smallmedium-sensitive-skin-3kg/", "product_description": "Állateledel felnőtt kutyák számára Kifejezetten az érzékeny bőrrel rendelkező, kistestű felnőtt kutyák számára kifejlesztve Lazacban gazdag Segít a természetes és egészséges szőrzet támogatásában Összetétel: Lazac* (20%), rizs* (18%), kukoricaglutén-liszt*, szárított lazacfehérje*, kukorica*, állati eredetű zsiradék, szójaliszt*, szárított cukorrépa-apríték*, kukoricakeményítő, ásványi anyagok, cellulóz, szójabab olaj, kukoricadara, hidrolizátum, élesztő*, tojáspor*, halolaj, *Fehérjeforrások. Analitikai összetevők: fehérje: 30,0%, zsírtartalom: 18,0%, nyershamu: 7,0%, nyersrost: 2,5%, adalékanyagok: tápértékkel rendelkező adalékanyagok: NE/kg: Vit. A: 34000, Vit. D₃: 1100, Vit. E: 550, mg/kg: Vit. C: 140, vas-szulfát monohidrát: 280, vízmentes kalcium-jodát: 3,6, réz-szulfát pentahidrát: 56, mangán-szulfát monohidrát: 130, cink-szulfát monohidrát: 470, nátrium-szelenit: 0,33, technológiai adalékanyagok: mg/kg: növényi olajokból származó tokoferol kivonatok: 47 Tovább olvasok"}
{"breadcrumb": "Főoldal/Kutya/Eledelek/Száraz eledelek/Pro Plan Small & Mini Adult Sensitive Skin lazacban gazdag száraz kutyaeledel 7kg", "product_name": "Pro Plan Small & Mini Adult Sensitive Skin lazacban gazdag száraz kutyaeledel 7kgPro Plan Small & Mini Adult Sensitive Skin lazacban gazdag száraz kutyaeledel 7kg", "brand": "ProPlanOptiderma4,1kg – 10kgFelnőtthal&tenger gyümölcseibőr&szőr ápolókistestű 10kg-ig", "regular_price": "3 499", "selling_price": "2 999", "price_per_unit": "1 kg=2143 Ft", "product_url": "https://webshop.fressnapf.hu/termekek/proplan-optiderma-smallmini-adult-szaraz-kutyaeledel-lazac-7kg/", "product_description": "Érzékeny bőrű, kistestű felnőtt kutyák számára tudományosan összeállított, teljes értékű szárazeledel. A PURINA® PRO PLAN® Small & Mini Adult Sensitive Skin with OPTIDERMA® tartalmazza a kutyája teljes körű jóllétéhez szükséges összes tápanyagot. Ezenfelül tartalmaz a bőr egészségének és a szőrzet ragyogásának megőrzését segítő tápanyagokat is. A formula OPTIDERMA®-t tartalmaz, amely az egészséges bőr fenntartását célzó, az egészséges bőrt és gyönyörű szőrzetet igazoltan támogató olyan tápanyagok különleges kombinációja, mint az aminosavforrást jelentő fehérjék, esszenciális zsírsavak, B-vitaminok és cink. Ez a száraz kutyaeledel gondosan válogatott fehérjeforrásokat tartalmaz: lazacot, kukoricát, szóját, szárított tojást, rizst, szárított cukorrépa-aprítékot és élesztőt, így segít csökkenteni az esetleges kellemetlen bőrtünetek kialakulásának esélyét. Összetevők: Lazac* (20%), rizs* (18%), kukoricaglutén-liszt*, dehidratált lazacfehérje*, kukorica*, állati eredetű zsiradék, szójaliszt*, szárított cukorrépa-apríték*, kukoricakeményítő, ásványi anyagok, cellulóz, szójababolaj, kukoricadara, hidrolizátum, élesztő*, szárított tojás*, halolaj. * Fehérjeforrások Adalékanyagok: Tápértékkel rendelkező adalékanyagok: NE/kg: Vit. A: 34 000; Vit. D3: 1 100; Vit. E: 550; mg/kg: Vit. C: 140; vas-szulfát monohidrát: 280; vízmentes kalcium-jodát: 3,6; réz-szulfát pentahidrát: 56; mangán-szulfát monohidrát: 130; cink-szulfát monohidrát: 470; nátrium-szelenit: 0,33. Technológiai adalékanyagok: mg/kg: Növényi olajokból származó tokoferol kivonatok: 47. Analitikai összetevők: fehérje: 30,0%; zsírtartalom: 18,0%; nyershamu: 7,0%; nyersrost: 2,5%. Tovább olvasok"}
{"breadcrumb": "Főoldal/Kutya/Eledelek/Száraz eledelek/Pro Plan Small & Mini Puppy Healthy Start csirkében gazdag száraz kutyaeledel 7kg", "product_name": "Pro Plan Small & Mini Puppy Healthy Start csirkében gazdag száraz kutyaeledel 7kgPro Plan Small & Mini Puppy Healthy Start csirkében gazdag száraz kutyaeledel 7kg", "brand": "ProPlanOptistart4,1kg – 10kgKölyökszárnyaskistestű 10kg-ig", "regular_price": "9 999", "selling_price": "8 999", "price_per_unit": "1 kg=2357 Ft", "product_url": "https://webshop.fressnapf.hu/termekek/proplan-optistart-smallmini-puppy-szaraz-kutyaeledel-csirke-7kg/", "product_description": "Kistestű és mini kölyökkutyák számára tudományos alapossággal összeállított, teljes értékű száraz kutyaeledel. A PURINA® PRO PLAN® Small & Mini Puppy with OPTISTART® minden tápanyagot tartalmaz, amelyre kölyökkutyájának az egészséges növekedéséhez szüksége van. Emellett vemhes és szoptató anyakutyáknak is adható. A formulában OPTISTART®, kolosztrumot (az anyakutya előtejében található, a kölyökkutya természetes védekezőképességét támogató tápanyagot) tartalmazó összetevőkeverék van. A PURINA® szakértői úgy állították össze ezt a magas minőségű csirkében gazdag eledelt, hogy támogassa az erős fogakat, az egészséges ízületeket, és a tartós általános egészséget. Összetevők: Csirke (20%), dehidratált szárnyasfehérje, búza, állati eredetű zsiradék, szójaliszt, rizs (7%), kukoricaglutén-liszt, szárított cukorrépa-apríték, kukorica, búzaglutén-liszt, ásványi anyagok, szárított tojás, halolaj, hidrolizátum, szárított kolosztrum (0,1%). * Fehérjeforrások Analitikai összetétel: Fehérje 32,0%Zsírtartalom 21,0%Nyershamu 7,5%Nyersrost 2,0% Adalékanyagok: Vit A34000 NE/kg, Vit D3 1100 NE/kg, Vit E 200 NE/kg, Vit C 120 mg/kg, Vas-szulfát monohidrát 250 mg/kg, Vízmentes kalcium-jodát 3,2 mg/kg, Réz-szulfát pentahidrát 50 mg/kg, Mangán-szulfát monohidrát 110 mg/kg, Cink-szulfát monohidrát 420 mg/kg, Nátrium-szelenit 0,29 mg/kg, Növényi olajokból származó tokoferol kivonatok 66 mg/kg Tovább olvasok"}
{"breadcrumb": "Főoldal/Kutya/Eledelek/Száraz eledelek/Pro Plan Small & Mini Puppy Healthy Start száraz kutyaeledel 3kg", "product_name": "Pro Plan Small & Mini Puppy Healthy Start száraz kutyaeledel 3kgPro Plan Small & Mini Puppy Healthy Start száraz kutyaeledel 3kg", "brand": "ProPlanOptistart1,1kg – 4kgKölyökszárnyaskistestű 10kg-ig", "regular_price": "9 999", "selling_price": "8 999", "price_per_unit": "1 kg=3333 Ft", "product_url": "https://webshop.fressnapf.hu/termekek/proplan-optistart-kutya-szarazeledel-puppy-smallmini-3kg/", "product_description": "Teljes értékű állateledel kistestű kölyökkutyák számára. Alkalmas vemhes és szoptatós kutyák részére is. Összetétel: csirke (20%), búza, szárított baromfifehérje, állati eredetű zsiradék, rizs (7%), kukoricaglutén-liszt, búzaglutén-liszt, hidrolizátum, kukorica, szárított cukorrépa-apríték, szójaliszt, ásványi anyagok, tojáspor, halolaj, szárított kolosztrum (0,1%). Analitikai összetevők: fehérje: 32,0%, zsírtartalom: 21,0%, nyershamu: 7,0%, nyersrost: 2,0%. Tápértékkel rendelkező adalékanyagok: NE/kg: A-vitamin: 34000, D3-vitamin: 1100, E-vitamin: 200, mg/kg: C-vitamin: 120, vas-szulfát monohidrát: 250, vízmentes kalcium-jodát: 3,2, réz-szulfát pentahidrát: 50, mangán-szulfát monohidrát: 110, cink-szulfát monohidrát: 420, nátrium-szelenit: 0,29. Technológiai adalékanyagok: mg/kg: növényi olajokból származó tokoferol-kivonatok: 66. Etetési útmutató: – elválasztás és növekedés szakaszában: az elválasztás során, 3-6 hetes korban, kínálja kölyökkutyáját benedvesített Pro Plan Puppy eledellel napi 3-4 alkalommal. Elválasztás után etesse kutyáját a táblázat szerint. 3 hónapos kortól folyamatosan csökkentse az eledelhez kevert víz mennyiségét. Az egészséges fejlődés érdekében ügyeljen arra, hogy kutyája a növekedés során folyamatosan megőrizze ideális testsúlyát. A napi etetési mennyiséget a kölyökkutya aktivitási szintjétől, fizikai kondíciójától és egyéni igényeitől függően módosíthatja. Mindig tegyen friss, tiszta vizet az eledel mellé. Kutyája egészségének megőrzése érdekében keresse fel rendszeresen állatorvosát. – vemhesség és szoptatás idején: bővebb információért látogasson el a Purina Pro Plan® weboldalra vagy kérdezze meg állatorvosát. Tovább olvasok"}
{"breadcrumb": "Főoldal/Kutya/Eledelek/Száraz eledelek/Pro Plan Small & Mini Puppy Sensitive Skin lazacban gazdag száraz kutyaeledel 3kg", "product_name": "Pro Plan Small & Mini Puppy Sensitive Skin lazacban gazdag száraz kutyaeledel 3kgPro Plan Small & Mini Puppy Sensitive Skin lazacban gazdag száraz kutyaeledel 3kg", "brand": "ProPlanOptiderma1,1kg – 4kgKölyökhal&tenger gyümölcseibőr&szőr ápolókistestű 10kg-ig", "regular_price": "9 999", "selling_price": "8 999", "price_per_unit": "1 kg=3333 Ft", "product_url": "https://webshop.fressnapf.hu/termekek/proplan-optiderma-kutya-szarazeledel-puppy-smallmedium-sensitive-skin-3kg/", "product_description": "Állateledel kölyökkutyák számára Kifejezetten az érzékeny bőrrel rendelkező, kistestű kölyökkutyák számára kifejlesztve Lazacban gazdag Alkalmas vemhes és szoptatós kutyák számára is Összetétel: Lazac* (18%), szárított lazacfehérje*, rizs* (16%), állati eredetű zsiradék, kukoricaglutén-liszt*, kukoricakeményítő, szójaliszt*, szárított szójafehérje*, tojáspor*, szárított cukorrépa-apríték*, ásványi anyagok, cellulóz, kukoricadara, hidrolizátum, szójabab olaj, halolaj, *Fehérjeforrások. Analitikai összetevők: fehérje: 32,0%, zsírtartalom: 21,0%, nyershamu: 7,0%, nyersrost: 2,0%, adalékanyagok: tápértékkel rendelkező adalékanyagok: NE/kg: Vit. A: 34000, Vit D₃: 1100, Vit. E: 550, mg/kg: Vit. C: 140, vas-szulfát monohidrát: 290, vízmentes kalcium-jodát: 3,7, réz-szulfát pentahidrát: 58, mangán-szulfát monohidrát: 130, cink-szulfát monohidrát: 490, nátrium-szelenit: 0,34, technológiai adalékanyagok: mg/kg: növényi olajokból származó tokoferol kivonatok: 68 Tovább olvasok"}
{"breadcrumb": "Főoldal/Kutya/Eledelek/Száraz eledelek/Pro Plan Small&Mini Adult Sensitive Digestion bárányban gazdag száraz kutyaeledel 7kg", "product_name": "Pro Plan Small&Mini Adult Sensitive Digestion bárányban gazdag száraz kutyaeledel 7kgPro Plan Small&Mini Adult Sensitive Digestion bárányban gazdag száraz kutyaeledel 7kg", "brand": "ProPlanOptidigest4,1kg – 10kgFelnőttjuh&bárány&kecskeérzékeny emésztésűkistestű 10kg-ig", "regular_price": "3 799", "selling_price": "3 299", "price_per_unit": "1 kg=2571 Ft", "product_url": "https://webshop.fressnapf.hu/termekek/proplan-optidigest-smallmini-adult-szaraz-kutyaeledel-barany-7kg/", "product_description": "Érzékeny emésztésű, kistestű és mini kutyák számára tudományosan összeállított, teljes értékű száraz kutyaeledel. A PURINA® PRO PLAN® Dog Small & Mini Adult Sensitive Digestion with OPTIDIGEST® kutyaeledel könnyen emészthető és megadja az egészséges kutyának szükséges összes tápanyagot. A forumla OPTIDIGEST®-et tartalmaz, amely az emésztőrendszert támogató tápanyagok speciális kombinációja. Ezek többek között a könnyen emészthető összetevők (pl. tojás), amelyek megkönnyítik az emésztési folyamatot, valamint bentonit (természetes agyagfajta), amely elősegíti a megfelelő székletminőséget. Összetevők: Bárány (20%), dehidratált baromfifehérje, kukorica, rizs (8%), kukoricadara, szárított cukorrépa-apríték, állati eredetű zsiradék, hidrolizátum, szójaliszt, kukoricaglutén-liszt, szárított tojás, ásványi anyagok, halolaj, élesztő. * Fehérjeforrások Adalékanyagok: Tápértékkel rendelkező adalékanyagok: NE/kg: Vit. A: 33 000; Vit. D3: 1 100; Vit. E: 550; mg/kg: Vit. C: 140; Vas(II)-szulfát monohidrát: 94; Vízmentes kalcium-jodát: 2,4; Réz-szulfát pentahidrát: 14; Mangán-szulfát monohidrát: 44; Cink-szulfát monohidrát: 150; Nátrium-szelenit: 0,13. Technológiai adalékanyagok: mg/kg: Bentonit (agyag): 6 000; Növényi olaj eredetű tokoferol kivonatok: 40. Analitikai összetevők: Fehérje: 28,0%, Zsírtartalom: 17,0%, Nyershamu: 7,5%, Nyersrost: 2,5%. Tovább olvasok"}
{"breadcrumb": "Főoldal/Kutya/Eledelek/Táplálékkiegészítők&vitaminok/PRO-Pet Immunerősítő paszta kutyáknak és macskáknak 15ml", "product_name": "PRO-Pet Immunerősítő paszta kutyáknak és macskáknak 15mlPRO-Pet Immunerősítő paszta kutyáknak és macskáknak 15ml", "brand": "ProtexinFelnőttimmunerősítő", "regular_price": "2699", "selling_price": "", "price_per_unit": "1 l=179933 Ft", "product_url": "https://webshop.fressnapf.hu/termekek/pro-pet-immunerosito-paszta-kutyaknak-es-macskaknak-15ml/", "product_description": "A Pro-pet egy dietetikus takarmány kiegészítő kutyák és macskák számára, amely immunglobulinokat és vitaminokat juttat a szervezetbe. Lábadozó, étvágytalan, erőtlen állatoknak gyorsan hasznosítható energiát ad és erősíti az immunrendszert. – anyagcsere serkentés esetén – immunrendszer erősítésére – stressz esetén – szülés után – hasmenés esetén Összetétel: napraforgó olaj, glükóz, földimogyoró olaj, kolosztum Alkalmazás: Helyezze a fecskendő végét a nyelv hátsó részére és adagolja a szükséges mennyiséget. Napi mennyiség: kutyának 2 ml, macskának 1 ml. Alkalmazás előtt vagy az alkalmazási időszak meghosszabbítás előtt állatorvos véleményének kikérése javasolt. Tovább olvasok"}
{"breadcrumb": "Főoldal/Kutya/Eledelek/Táplálékkiegészítők&vitaminok/Probicol-H paszta kutyáknak és macskáknak 15ml", "product_name": "Probicol-H paszta kutyáknak és macskáknak 15mlProbicol-H paszta kutyáknak és macskáknak 15ml", "brand": "ProtexinFelnőttérzékeny emésztésű", "regular_price": "3499", "selling_price": "", "price_per_unit": "1 l=233267 Ft", "product_url": "https://webshop.fressnapf.hu/termekek/probicol-h-paszta-kutyaknak-es-macskaknak-15ml/", "product_description": "A Probicol-H ellátja a kutyákat, macskákat energiával, vitaminokkal és immunglobulinokkal, amelyek stimulálják az anyagcserét és az immunrendszert. A fiziológiai emésztési folyamatok stabilizálódnak, miközben a bélben a tejsavbaktériumok elszaporodnak. Ennek következtében a káros baktériumok (pl. E. coli) visszaszorulnak. Diétás takarmány kiegészítő kutyák és macskák részére testtömeg gyarapodás és a gyógyulás elősegítésére. Magas energiatartalom, a táplálóanyagok és jól emészthető, összetevők magas koncentrációja. Adagolás (állatonként naponta): – Kölyök kutya: 0,25 ml – Kistestű kutya 5 kg-ig: 0,25-0,5 ml – Közepes testű kutya 5-10 kg-ig: 0,5-1,0 ml – Nagyobb testű kutya 10 kg felett: 1,0-2,0 ml – Macska: 0,25 ml Összetétel: Növényi olaj és zsír (napraforgóolaj), kolosztrumpor (20,0%), dextróz. Tovább olvasok"}
{"breadcrumb": "Főoldal/Kutya/Eledelek/Száraz eledelek/Purina One Mini Active száraz kutyaeledel adult csirke 800g", "product_name": "Purina One Mini Active száraz kutyaeledel adult csirke 800gPurina One Mini Active száraz kutyaeledel adult csirke 800g", "brand": "Purina ONE601g – 800gFelnőttszárnyaskistestű 10kg-ig", "regular_price": "2 099", "selling_price": "1 599", "price_per_unit": "1 kg=1999 Ft", "product_url": "https://webshop.fressnapf.hu/termekek/purina-one-mini-active-szaraz-kutyaeledel-adult-csirke-800g/", "product_description": "Kistestű kutyájának egyedi táplálkozási igényei vannak. A Purina szakértői ezért alkották meg a Purina ONE® MINI/SMALL kutyaeledelt. A kutyatápok célzott és továbbfejlesztett táplálást nyújtanak, ropogós tápszemeket és puhább falatokat* tartalmaznak, amely kifejezetten kutyája kis szájának készült. Kistestű kutyájának táplálkozási igényeire szabott ízletes eledeleket adhat. Próbálja ki a Purina ONE® MINI/SMALL kutyaeledel termékcsaládot és lássa saját szemével a kutyája jóllétére gyakorolt hatást. * a puhaság idővel változik A PURINA ONE® MINI /SMALL < 10kg Active egy ízletes, csirkében gazdag száraz kutyaeledel, amely teljes értékű táplálást biztosít az aktív életmódú kistestű kutyák számára. Fehérjében gazdag, gondoskodik a kistestű kutya energiaigényéről és természetes védekezőképességéről. – A teljes fehérjetartalom 70%-a állati eredetű fehérje. – Nem tartalmaz hozzáadott színezékeket, hozzáadott mesterséges ízesítőanyagokat és hozzáadott mesterséges tartósítószereket. – Antioxidánsok és magas minőségű fehérje speciális kombinációjával támogatja az erős immunrendszert. – Könnyen emészthető a magas minőségű összetevőknek köszönhetően Összetevők: Szárított szárnyasfehérje, Búza (17%), Csirke (16%) (beleértve: csont, hús, bőr), Marhazsír, Kukorica, Rizs (4%), Szárított cukorrépa-apríték, Búzatakarmányliszt, Szójaliszt, Hidrolizátum, Glicerin, Kukoricafehérje-liszt, Szárnyaszsír, Ásványi anyagok, Halolaj. Analitikai összetétel: Fehérje: 28,0%, Zsírtartalom: 18,0%, Nyershamu: 8,0%, Nyersrost: 2,0%, Omega-3 zsírsavak: 0,18%, Omega-6 zsírsavak: 2,2%. Adalékanyagok: Tápértékkel rendelkező adalékanyagok: NE/kg: Vit A: 39 600; Vit D3: 1 200; Vit E: 540; mg/kg: Vit C: 210; Vas(II)-szulfát monohidrát: (Fe: 83); Vízmentes kalcium-jodát: (I: 2,1); Réz(II)-szulfát pentahidrát: (Cu: 13); Mangán-szulfát monohidrát: (Mn: 39); Cink-szulfát monohidrát: (Zn: 130); Nátrium-szelenit: (Se: 0,12). Antioxidánsok. Tovább olvasok"}
{"breadcrumb": "Főoldal/Kutya/Eledelek/Nedves eledelek/Purina One Mini Delicate kutya tasak MP lazac 4x85g", "product_name": "Purina One Mini Delicate kutya tasak MP lazac 4x85gPurina One Mini Delicate kutya tasak MP lazac 4x85g", "brand": "Purina ONEMiniFelnőtthal&tenger gyümölcseiszószbankistestű 10kg-igtasak", "regular_price": "1 149", "selling_price": "919", "price_per_unit": "1 kg=2703 Ft", "product_url": "https://webshop.fressnapf.hu/termekek/purina-one-mini-delicate-kutya-tasak-mp-lazac-4x85g/", "product_description": "Teljes értékű állateledel mini és kistestű felnőtt kutyák számára <10 kg Az inulin segít fenntartani az egészséges bélmikrobiomot, amely elengedhetetlen a kutya megfelelő egészségi állapotához A magas Omega-3 zsírsavtartalomnak és a cinknek köszönhetően segít az érzékeny bőr támogatásában Antioxidánsok a természetes védekezőképesség támogatására Nem tartalmaz színezékeket, hozzáadott mesterséges ízesítőanyagokat és tartósítószereket Kisméretű, puha falatok a kisebb száj számára A kiegyensúlyozott bélmikrobiom fontos kutyája megfelelő egészségi állapotához. A Purina® szakértői ezért fejlesztették ki a Purina® One Mini/Small <10 kg eledeleket: továbbfejlesztett, teljes értékű és kiegyensúlyozott táplálás inulinnal, amely segít fenntartani az egészséges bélmikrobiomot kutyája emésztőrendszerének egészsége és általános jólléte érdekében. Összetevők Hús és állati származékok Növényi fehérjekivonatok Hal és halszármazékok (melyből lazac 4%) Növényi eredetű származékok (melyből cikória inulin 0,3%) Gabonafélék (0,8% rizs, egyenértékű 4,8% főtt rizzsel) Zöldségek (0,8% dehidratált sárgarépa, egyenértékű 7,2% sárgarépával) Ásványi anyagok Különféle cukrok Tápanyagok Analitikai összetevők: Nedvességtartalom: 79% Fehérje: 11,2% Zsírtartalom: 3,2% Nyershamu: 1,9% Nyersrost: 1% Omega-3 zsírsavak: 0,14% Adalékanyagok: Tápértékkel rendelkező adalékanyagok: NE/kg: Vit A: 1400 Vit D₃: 195 Vit E: 210 mg/kg: Taurin: 630 3b103: (Fe: 17) 3b202: (I: 0,4) 3b405: (Cu: 1,2) 3b503: (Mn: 2,3) 3b605: (Zn: 24) Tovább olvasok"}
{"breadcrumb": "Főoldal/Kutya/Eledelek/Nedves eledelek/Purina One Mini kutya tasak MP adult marha&csirke 4x85g", "product_name": "Purina One Mini kutya tasak MP adult marha&csirke 4x85gPurina One Mini kutya tasak MP adult marha&csirke 4x85g", "brand": "Purina ONEMiniFelnőttvegyesszószbankistestű 10kg-igtasak", "regular_price": "1 149", "selling_price": "919", "price_per_unit": "1 kg=2703 Ft", "product_url": "https://webshop.fressnapf.hu/termekek/purina-one-mini-kutya-tasak-mp-adult-marhacsirke-4x85g/", "product_description": "1 évesnél idősebb mini/kistestű kutyák számára. Az inulin segít fenntartani az egészséges bélmikrobiomot, amely elengedhetetlen a kutya megfelelő egészségi állapotához Antioxidánsok a természetes védekezőképesség támogatására Könnyen emészthető Nem tartalmaz színezékeket, hozzáadott mesterséges ízesítőanyagokat és tartósítószereket Kisméretű, puha falatok a kisebb száj számára A kiegyensúlyozott bélmikrobiom fontos kutyája megfelelő egészségi állapotához. A Purina szakértői ezért fejlesztették ki a Purina One Mini/Small <10 kg eledeleket: továbbfejlesztett, teljes értékű és kiegyensúlyozott receptúra finom falatokkal szószban, amely inulint tartalmaz és segít fenntartani az egészséges bélmikrobiomot kutyája emésztőrendszerének egészsége és általános jólléte érdekében. Emellett antioxidánsokkal segít támogatni kutyája természetes védekezőképességét. Összetevők Csirkével, sárgarépával és zöldbabbal szószban: hús és állati származékok (melyből csirke 4%), növényi fehérjekivonatok, hal és halszármazékok, növényi eredetű származékok (melyből cikória inulin 0,3%), zöldségek (0,8% dehidratált sárgarépa, egyenértékű 7,2% sárgarépával, 0,8% dehidratált zöldbab, egyenértékű 7,2% zöldbabbal), ásványi anyagok, különféle cukrok Marhával, burgonyával és borsóval szószban: hús és állati származékok (melyből marha 4%), növényi fehérjekivonatok, hal és halszármazékok, növényi eredetű származékok (melyből cikória inulin 0,3%), zöldségek (0,8% dehidratált burgonya, egyenértékű 7,2% burgonyával, 0,8% dehidratált borsó, egyenértékű 7,2% borsóval), ásványi anyagok, különféle cukrok Tápanyagok Analitikai összetevők: Nedvességtartalom: 78,7% Fehérje: 11,3% Zsírtartalom: 3,5% Nyershamu: 1,9% Nyersrost: 1,0% Adalékanyagok: Tápértékkel rendelkező adalékanyagok: NE/kg: Vit A: 1400 Vit D₃: 195 Vit E: 210 mg/kg: Taurin: 630 3b103: (Fe: 17) 3b202: (I: 0,4) 3b405: (Cu: 1,2) 3b503: (Mn: 2,3) 3b605: (Zn: 24) Tovább olvasok"}
{"breadcrumb": "Főoldal/Kutya/Eledelek/Nedves eledelek/Purina One Mini kutya tasak MP Weight Control pulyka&csirke 4x85g", "product_name": "Purina One Mini kutya tasak MP Weight Control pulyka&csirke 4x85gPurina One Mini kutya tasak MP Weight Control pulyka&csirke 4x85g", "brand": "Purina ONEMinimultipackFelnőttvegyesszószbanlightkistestű 10kg-igtasak", "regular_price": "1 149", "selling_price": "919", "price_per_unit": "1 kg=2703 Ft", "product_url": "https://webshop.fressnapf.hu/termekek/purina-one-mini-kutya-tasak-mp-weight-control-pulykacsirke-4x85g/", "product_description": "Teljes értékű állateledel mini és kistestű felnőtt kutyák számára <10 kg Az inulin segít fenntartani az egészséges bélmikrobiomot, amely elengedhetetlen a kutya megfelelő egészségi állapotához Karcsú testalkat az alacsonyabb zsírtartalomnak köszönhetően Könnyen emészthető Nem tartalmaz színezékeket, hozzáadott mesterséges ízesítőanyagokat és tartósítószereket Kisméretű, puha falatok a kisebb száj számára A kiegyensúlyozott bélmikrobiom fontos kutyája megfelelő egészségi állapotához. A Purina® szakértői ezért fejlesztették ki a Purina® One Mini/Small <10 kg eledeleket: továbbfejlesztett, teljes értékű és kiegyensúlyozott táplálás inulinnal, amely segít fenntartani az egészséges bélmikrobiomot kutyája emésztőrendszerének egészsége és általános jólléte érdekében. Összetevők Pulykával, sárgarépával és borsóval szószban: hús és állati származékok (melyből pulyka 4%), növényi fehérjekivonatok, hal és halszármazékok, növényi eredetű származékok (melyből cikória inulin 0,3%), zöldségek (0,8% dehidratált sárgarépa, egyenértékű 7,2% sárgarépával, 0,8% dehidratált borsó, egyenértékű 7,2% borsóval), ásványi anyagok, különféle cukrok Csirkével, barna rizzsel és paradicsommal szószban: hús és állati származékok (melyből csirke 4%), növényi fehérjekivonatok, hal és halszármazékok, növényi eredetű származékok (melyből cikória inulin 0,3%), gabonafélék (0,8% barna rizs, egyenértékű 4,8% főtt barna rizzsel), zöldségek (0,8% dehidratált paradicsom, egyenértékű 7,2% paradicsommal), ásványi anyagok, különféle cukrok Tápanyagok Analitikai összetevők: Nedvességtartalom: 79,7% Fehérje: 11,3% Zsírtartalom: 2,8% Nyershamu: 1,9% Nyersrost: 1,0% Adalékanyagok: Tápértékkel rendelkező adalékanyagok: NE/kg: Vit A: 1350 Vit D₃: 180 Vit E: 200 mg/kg: Taurin: 610 3b103: (Fe: 16) 3b202: (I: 0,4) 3b405: (Cu: 1,2) 3b503: (Mn: 2,2) 3b605: (Zn: 23) Tovább olvasok"}
{"breadcrumb": "Főoldal/Kutya/Eledelek/Száraz eledelek/Purina One Mini száraz kutyaeledel adult marha 800g", "product_name": "Purina One Mini száraz kutyaeledel adult marha 800gPurina One Mini száraz kutyaeledel adult marha 800g", "brand": "Purina ONE601g – 800gFelnőttmarha&borjúkistestű 10kg-ig", "regular_price": "2 099", "selling_price": "1 599", "price_per_unit": "1 kg=1999 Ft", "product_url": "https://webshop.fressnapf.hu/termekek/one-mini-kutya-szarazeledel-adult-marha-800g/", "product_description": "Teljes értékű állateledel felnőtt kutyák számára Kifejezetten kistestű kutyák számára kifejlesztve Marhában gazdag Ízletes apró ropogós darabkák és puhább falatok* (*a puhaság idővel változik) Kistestű kutyájának egyedi táplálkozási igényei vannak. A Purina szakértői ezért alkották meg a Purina One Mini <10 kg eledelt. Célzott és továbbfejlesztett táplálás ropogós darabkákat és puhább falatokat* tartalmazó ízletes eledelben, amely kifejezetten kutyája kis szájának készült. Kistestű kutyájának táplálkozási igényeire szabott ízletes receptúrákat adhat. Próbálja ki a Purina One Mini <10 kg eledelcsaládot és lássa saját szemével a kutyája jóllétére gyakorolt hatást. (*a puhaság idővel változik) Összetétel: dehidratált szárnyasfehérje, búza, kukorica, Marha (14%), állati eredetű zsiradék, rizs (4%), szójaliszt, hidrolizátum, Glutén, ásványi anyagok, glicerin, propilén-glikol, kukoricadara, Malátaliszt, halolaj Analitikai összetevők: fehérje: 27,0%, zsírtartalom: 17,0%, nyershamu: 7,5%, nyersrost: 1,5%, tápértékkel rendelkező adalékanyagok: NE/kg: Vit A: 30690, Vit D3: 1000, Vit E: 550, mg/kg: Vit C: 210, vas-szulfát monohidrát: 212, vízmentes kalcium-jodát: 2,7, réz-szulfát pentahidrát: 42, mangán-szulfát monohidrát: 101, cink-szulfát monohidrát: 358, nátrium-szelenit: 0,25, antioxidánsok Tovább olvasok"}
{"breadcrumb": "Főoldal/Kutya/Eledelek/Száraz eledelek/Purina One Mini száraz kutyaeledel delicate lazac&rizs 800g", "product_name": "Purina One Mini száraz kutyaeledel delicate lazac&rizs 800gPurina One Mini száraz kutyaeledel delicate lazac&rizs 800g", "brand": "Purina ONE601g – 800gFelnőtthal&tenger gyümölcseikistestű 10kg-ig", "regular_price": "2 099", "selling_price": "1 599", "price_per_unit": "1 kg=1999 Ft", "product_url": "https://webshop.fressnapf.hu/termekek/one-mini-kutya-szarazeledel-delicate-lazacriz-800g/", "product_description": "Teljes értékű állateledel felnőtt kutyák részére Magas Omega-3 zsírsavtartalmával támogatja az érzékeny bőrt Természetes prebiotikummal segít érzékeny emésztésű kistestű kutyájának Segíti az emésztőrendszer egészséges működését Összetétel: dehidratált szárnyasfehérje, búza, kukorica, állati eredetű zsiradék, Lazac (8%), Glutén, rizs (4%), szójaliszt, hidrolizátum, glicerin, ásványi anyagok, kukoricadara, szárított cikóriagyökér (1%; természetes prebiotikumok forrása), propilén-glikol, halolaj, szárított malátaliszt Analitikai összetevők: fehérje: 27,0%, zsírtartalom: 17,0%, nyershamu: 7,0%, nyersrost: 1,5%, Omega-3 (DHA+EPA): 0,22%, adalékanyagok, NE/kg: Vit A: 30690, Vit D3: 1000, Vit E: 550, mg/kg: Vit C: 210, vas-szulfát monohidrát: 212, vízmentes kalcium-jodát: 2,7, réz-szulfát pentahidrát: 42, mangán-szulfát monohidrát: 101, cink-szulfát monohidrát: 358, nátrium-szelenit: 0,25, antioxidánsok Tovább olvasok"}
{"breadcrumb": "Főoldal/Kutya/Eledelek/Száraz eledelek/Purina One Mini száraz kutyaeledel junior csirke 800g", "product_name": "Purina One Mini száraz kutyaeledel junior csirke 800gPurina One Mini száraz kutyaeledel junior csirke 800g", "brand": "Purina ONE601g – 800gKölyökszárnyaskistestű 10kg-ig", "regular_price": "2 099", "selling_price": "1 599", "price_per_unit": "1 kg=1999 Ft", "product_url": "https://webshop.fressnapf.hu/termekek/one-mini-kutya-szarazeledel-junior-csirke-800g/", "product_description": "Teljes értékű állateledel kölyökkutyák részére Támogatja az immunrendszer egészséges működését Elősegíti az erős fogak és csontok kialakulását Kifejezetten kutyája kis szájának készült Összetétel: csirke (18%), dehidratált szárnyasfehérje, búza, Glutén, kukorica, állati eredetű zsiradék, rizs (4%), hidrolizátum, ásványi anyagok, kukoricadara, halolaj Analitikai összetevők: fehérje: 30,0%, zsírtartalom: 20,0%, nyershamu: 7,5%, nyersrost: 1,5%, DHA: 0,056%, tápértékkel rendelkező adalékanyagok: NE/kg: Vit A: 30690, Vit D3: 1000, Vit E: 550, mg/kg: Vit C: 140, vas-szulfát monohidrát: 218, vízmentes kalcium-jodát: 2,8, réz-szulfát pentahidrát: 43, mangán-szulfát monohidrát: 103, cink-szulfát monohidrát: 368, nátrium-szelenit: 0,25, antioxidánsok Tovább olvasok"}
{"breadcrumb": "Főoldal/Kutya/Eledelek/Száraz eledelek/Purina One Mini száraz kutyaeledel senior csirke 800g", "product_name": "Purina One Mini száraz kutyaeledel senior csirke 800gPurina One Mini száraz kutyaeledel senior csirke 800g", "brand": "Purina ONE601g – 800gIdősszárnyaskistestű 10kg-ig", "regular_price": "2 099", "selling_price": "1 599", "price_per_unit": "1 kg=1999 Ft", "product_url": "https://webshop.fressnapf.hu/termekek/one-mini-kutya-szarazeledel-senior-csirke-800g/", "product_description": "Teljes értékű állateledel idős kutyák részére Az egészséges fogazatért és az erős csontokért Az egészséges testsúly és az ízület mozgékonysága érdekében Könnyen rágható Összetétel: dehidratált szárnyasfehérje, búza, kukorica, Csirke (14%), Glutén, állati eredetű zsiradék, rizs (4%), szójaliszt, hidrolizátum, ásványi anyagok, glicerin, propilén-glikol, halolaj, Malátaliszt Analitikai összetevők: fehérje: 27,0%, zsírtartalom: 13,0%, nyershamu: 7,5%, nyersrost: 1,5%, Omega-3 zsírsavak (DHA+EPA): 0,20%, tápértékkel rendelkező adalékanyagok: NE/kg: Vit A: 30080, Vit D3: 980, Vit E: 550, mg/kg: Vit C: 145, vas-szulfát monohidrát: 275, vízmentes kalcium-jodát: 3,5, réz-szulfát pentahidrát: 55, mangán-szulfát monohidrát: 131, cink-szulfát monohidrát: 464, nátrium-szelenit: 0,32, antioxidánsok Tovább olvasok"}
{"breadcrumb": "Főoldal/Kutya/Eledelek/Száraz eledelek/Purina One Mini Weight Control száraz kutyaeledel pulyka 800g", "product_name": "Purina One Mini Weight Control száraz kutyaeledel pulyka 800gPurina One Mini Weight Control száraz kutyaeledel pulyka 800g", "brand": "Purina ONE601g – 800gFelnőttszárnyaskistestű 10kg-ighízásra hajlamos", "regular_price": "2 099", "selling_price": "1 599", "price_per_unit": "1 kg=1999 Ft", "product_url": "https://webshop.fressnapf.hu/termekek/purina-one-mini-weight-control-szaraz-kutyaeledel-pulyka-800g/", "product_description": "A PURINA ONE® MINI < 10kg Weight Control / Steril kevésbé aktív, túlsúlyos vagy ivartalanított kistestű kutyáknak adható, akik azért szeretnék élvezni a kapott táplálékot. Ízletes, pulykában gazdag eledel, amely 40%-kal kevesebb zsírral járul hozzá a kalóriabevitel csökkentéséhez, valamint segít megőrizni kutyája megfelelő kondícióját. – Pulykában gazdag, rizzsel. – Könnyen emészthető a magas minőségű összetevőknek köszönhetően. – A teljes fehérjetartalom 70%-a állati eredetű fehérje. – 40%-kal kevesebb zsír. – Nem tartalmaz hozzáadott színezékeket, hozzáadott mesterséges ízesítőanyagokat és hozzáadott mesterséges tartósítószereket. PURINA ONE® Látható egészség most és a jövőben is Kistestű kutyájának egyedi táplálkozási igényei vannak A Purina szakértői ezért alkották meg a PURINA ONE® MINI/SMALL < 10kg eledelt. Célzott és továbbfejlesztett táplálás ropogós darabkákat és puhább falatokat* tartalmazó ízletes eledelben, amely kifejezetten kutyája kis szájának készült. Kistestű kutyájának így a táplálkozási igényeire szabott ízletes receptúrákat adhat. Próbálja ki a PURINA ONE® MINI/SMALL < 10kg eledelcsaládot és lássa saját szemével a kutyája jóllétére gyakorolt hatást. * a puhaság idővel változik Összetétel: Szárított szárnyasfehérje, Kukorica, Búza (15%), Pulyka (14%) (beleértve: csont, hús, bőr), Szárított cukorrépa-apríték, Búzatakarmányliszt, Rizs (4%), Hidrolizátum, Szójaliszt, Glicerin, Kukoricafehérje-liszt, Ásványi anyagok, Kukoricadara, Marhazsír, Szárnyaszsír, Halolaj. Adalékanyagok:Tápértékkel rendelkező adalékanyagok:NE/kg: Vit A: 30 000; Vit D3: 970; Vit E: 540; mg/kg: Vit C: 210; Vas(II)-szulfát monohidrát: (Fe: 75); Vízmentes kalcium-jodát: (I: 1,9); Réz(II)-szulfát pentahidrát: (Cu: 11); Mangán-szulfát monohidrát: (Mn: 35); Cink-szulfát monohidrát: (Zn: 110); Nátrium-szelenit: (Se: 0,11). Antioxidánsok. Tovább olvasok"}
{"breadcrumb": "Főoldal/Kutya/Eledelek/Nedves eledelek/Purina One Mini/Small Active MP kutya tasak marhával és kacsával 4x85g", "product_name": "Purina One Mini/Small Active MP kutya tasak marhával és kacsával 4x85gPurina One Mini/Small Active MP kutya tasak marhával és kacsával 4x85g", "brand": "Purina ONEActivemultipackFelnőttvegyesszószbanaktív&sportkistestű 10kg-igtasak", "regular_price": "1 149", "selling_price": "919", "price_per_unit": "1 kg=2703 Ft", "product_url": "https://webshop.fressnapf.hu/termekek/purina-one-mini-small-active-mp-kutya-tasak-marhaval-es-kacsaval-4x85g/", "product_description": "Aktív életmódú mini/kistestű kutyák számára. Az inulin segit fenntartani az egészséges bélmikrobiomot, amely elengedhetetlen a kutya megfelelő egészségi állapotához A kutyája aktív életmódjához elengedhetetlen fehérje tartalommal Könnyen emészthető Nem tartalmaz színezékeket, hozzáadott mesterséges ízesítőanyagokat és tartósítószereket Kisméretű, puha falatok a kisebb száj számára A kiegyensúlyozott bélmikrobiom fontos kutyája megfelelő egészségi állapotához. A Purina szakértői ezért fejlesztették ki a Purina One Mini/Small <10 kg eledeleket: továbbfejlesztett, teljes értékű és kiegyensúlyozott táplálás inulinnal, amely segít fenntartani az egészséges bélmikrobiomot kutyája emésztőrendszerének egészsége és általános jólléte érdekében. A Purina állatorvosai és táplálkozástudományi szakértői fejlesztésének eredménye Összetevők Marhával, burgonyával és sárgarépával szószban: hús és állati származékok (melyből marha 4%), növényi fehérjekivonatok, hal és halszármazékok, növényi eredetű származékok (melyből cikória inulin 0,3%), zöldségek (0,8% dehidratált burgonya, egyenértékű 7,2% burgonyával, 0,8% dehidratált sárgarépa, egyenértékű 7,2% sárgarépával), különféle cukrok, ásványi anyagok Kacsával, tésztával és zöldbabbal szószban: hús és állati származékok (melyből kacsa 4%), növényi fehérjekivonatok, hal és halszármazékok, növényi eredetű származékok (melyből cikória inulin 0,3%), sütőipari termékek (1% dehidratált tészta, egyenértékű 5,9% főtt tésztával), zöldségek (0,78% dehidratált zöldbab, egyenértékű 7% zöldbabbal), ásványi anyagok, különféle cukrok Tápanyagok Analitikai összetevők: Nedvességtartalom: 76,4% Fehérje: 12,5% Zsírtartalom: 4,5% Nyershamu: 1,9% Nyersrost: 1,0% Adalékanyagok: Tápértékkel rendelkező adalékanyagok: NE/kg: Vit A: 1600 Vit D₃: 220 Vit E: 240 mg/kg: Taurin: 720 3b103: (Fe: 19) 3b202: (I: 0,5) 3b405: (Cu: 1,4) 3b503: (Mn: 2,6) 3b605: (Zn: 27) Tovább olvasok"}
{"breadcrumb": "Főoldal/Kutya/Eledelek/Nedves eledelek/Real Nature Classic kutya konzerv adult bárány&burgonya 6x200g", "product_name": "Real Nature Classic kutya konzerv adult bárány&burgonya 6x200gReal Nature Classic kutya konzerv adult bárány&burgonya 6x200g", "brand": "Real Nature101g – 200gFelnőttjuh&bárány&kecskepástétomkonzerv", "regular_price": "8 994", "selling_price": "8 394", "price_per_unit": "699 Ft", "product_url": "https://webshop.fressnapf.hu/termekek/real-nature-classic-kutya-konzerv-adult-baranyburgonya-200g/", "product_description": "Természetközeli étrend kutyája számára Megőrzi a természetes tápértékeket Kíméletes feldolgozás hideg töltéssel REAL NATURE nedves eledelek A REAL NATURE teljes értékű eledelt különösen kíméletesen, hideg töltéssel dolgozzák fel, nem tartalmaz állati fehérjelisztet és csontlisztet, és nem tartalmaz mesterséges adalékanyagokat és tartósítószereket. Őszinte nyilatkozat: Csak azt tartalmazza, ami fel van tüntetve! A REAL NATURE a természet legjavát nyújtja. Lelkiismeretesen válogattunk ki minden összetevőt, hogy azok megfeleljenek a legmagasabb minőségi követelményeknek. Az alkalmazott gyártási eljárás során különösen kímélő módon zajlik az elkészítés. Ennek köszönhetően az összetevők megőrzik természetes tápértékük nagy részét, ami természetközeli táplálkozást tesz lehetővé kutyája számára. Minden REAL NATURE terméket kiváló minőségű állati fehérjék, a legjobb szénhidrátok és gondosan válogatott növényi összetevők kombinációja alkot. A valódi természet páratlan ízélménye. Az előnyök áttekintése: 100%-ban természetes összetevők a legkiválóbb minőségben mesterséges tartósítószerek és aromák nélkül, ezért különösen könnyen emészthető Megőrzi a természetes tápértékeket állati fehérjeliszt és csontliszt nélkül Teljes értékű eledel kutyák számára. Bővebb információk a következő címen kérhetők: webshop@fressnapf.hu A REAL NATURE a legkiválóbb minőségű összetevőket tartalmazza, kifejezetten az Ön kutyája igényeire szabva. Analitikai összetevők: 10,8% fehérje, 7,1% zsírtartalom, 1,9% nyershamu, 0,4% nyersrost, 0,19% kalcium, 0,16% foszfor. Összetétel: 68% bárány (szív, hús, máj, tüdő, gyomor), 25,5% ivóvíz, 5% burgonya, 1% ásványi anyag, 0,5% kukoricaolaj. Adalékanyag/kg: 200 NE D3-vitamin, 20 mg E-vitamin, 0,75 mg jód (kalcium-jodát, vízmentes), 1,4 mg mangán (mangán(II)-szulfát, monohidrát), 25 mg cink (cink-szulfát, monohidrát). Táplálási javaslat: A kutya súlya kg-ban Napi adagolás g-ban 2 kg 120 g 5 kg 250 g 7 kg 330 g 10 kg 410 g Tovább olvasok"}
{"breadcrumb": "Főoldal/Kutya/Eledelek/Nedves eledelek/REAL NATURE Classic kutya konzerv adult bárány&burgonya 6x400g", "product_name": "REAL NATURE Classic kutya konzerv adult bárány&burgonya 6x400gREAL NATURE Classic kutya konzerv adult bárány&burgonya 6x400g", "brand": "201g – 400gReal NatureFelnőttjuh&bárány&kecskegabonamenteskonzervközepes testű 11-25kg", "regular_price": "8 994", "selling_price": "8 394", "price_per_unit": "999 Ft", "product_url": "https://webshop.fressnapf.hu/termekek/6xreal-nature-kutyakonzerv-400-g-barany-raguval/", "product_description": "A legkiválóbb minőségű természetes összetevők – a felhasznált alapanyagokban Megőrzi a természetes tápértékeket Optimális táplálkozás kutyája számára Nedves eledel A kiváló minőségű teljes értékű táplálék egy, két vagy legfeljebb három különböző állati fehérjeforrást, kiváló minőségű növényi összetevőket, például burgonyát vagy teljes kiőrlésű tésztát és értékes olajokat tartalmaz, amelynek esszenciális Omega-6 zsírsavai hozzájárulnak a szőrzet és bunda egészségének megőrzéséhez. Kíméletes elkészítés A REAL NATURE nedves eledel hideg töltési eljárással készül. Ez azt jelenti, hogy az összetevőket hidegen töltik a dobozba, ezután egyszer felmelegítik. Ennek az egyedülálló hőkezelési eljárásnak köszönhetően jelentős mértékben megmarad a feltüntetett összetevők tápanyagtartalma. A természet legfinomabb összetevői A kiváló minőségű teljes értékű táplálék egy, két vagy legfeljebb három különböző állati fehérjeforrást, kiváló minőségű növényi összetevőket, például burgonyát vagy teljes kiőrlésű tésztát és értékes olajokat tartalmaz, amelynek esszenciális Omega-6 zsírsavai hozzájárulnak a szőrzet és bunda egészségének megőrzéséhez. A REAL NATURE teljes értékű eledelt különösen kíméletesen, hideg töltéssel dolgozzák fel, nem tartalmaz állati fehérjelisztet és csontlisztet, és nem tartalmaz mesterséges adalékanyagokat és tartósítószereket. Őszinte nyilatkozat Csak azt tartalmazza, ami fel van tüntetve! A REAL NATURE a természet legjavát nyújtja. Lelkiismeretesen válogattunk ki minden összetevőt, hogy azok megfeleljenek a legmagasabb minőségi követelményeknek. Az előnyök áttekintése: 100%-ban természetes 1 : A legjobb minőségű összetevők adalékanyagok, például cukor, színezék, aromák vagy tartósítószerek nélkül. Megőrzi a természetes tápértékeket állati fehérjeliszt és csontliszt nélkül Teljes értékű eledel felnőtt kutyák számára. Bővebb információk a következő címen kérhetők: webshop@fressnapf.hu 1 a felhasznált alapanyagokban A REAL NATURE speciálisan kutyája igényeihez igazodik, és figyelembe veszi a különleges, életkornak megfelelő táplálkozási igényeket. Analitikai összetevők: 10,8% fehérje, 7,1% zsírtartalom, 1,9% nyershamu, 0,4% nyersrost, 0,19% kalcium, 0,16% foszfor. Összetétel: 68% bárány (szív, hús, máj, tüdő, gyomor), 25,5% ivóvíz, 5% burgonya, 1% ásványi anyag, 0,5% kukoricaolaj. Adalékanyag/kg: 200 NE D3-vitamin, 20 mg E-vitamin, 0,75 mg jód (kalcium-jodát, vízmentes), 1,4 mg mangán (mangán(II)-szulfát, monohidrát), 25 mg cink (cink-szulfát, monohidrát). Táplálási javaslat: A kutya súlya kg-ban Napi adagolás g-ban 2 kg 120 g 5 kg 250 g 7,5 kg 330 g 10 kg 410 g 15 kg 560 g 20 kg 690 g Tovább olvasok"}
{"breadcrumb": "Főoldal/Kutya/Eledelek/Nedves eledelek/REAL NATURE Classic kutya konzerv adult bárány&burgonya 6x800g", "product_name": "REAL NATURE Classic kutya konzerv adult bárány&burgonya 6x800gREAL NATURE Classic kutya konzerv adult bárány&burgonya 6x800g", "brand": "601g – 800gReal NatureFelnőttjuh&bárány&kecskegabonamenteskonzervnagytestű 26kg-tól", "regular_price": "9 594", "selling_price": "8 994", "price_per_unit": "1 499 Ft", "product_url": "https://webshop.fressnapf.hu/termekek/6xreal-nature-kutyakonzerv-800-g-baranyraguval/", "product_description": "Kíméletes elkészítés Állati fehérjeliszt és csontliszt nélkül „Őszinte nyilatkozat” valamennyi összetevőhöz Minden életkornak sajátos tápanyag igényei vannak, különösen a kutyák esetében. A REAL NATURE a természet legjavát nyújtja. Lelkiismeretesen válogattunk ki minden összetevőt, hogy azok megfeleljenek a legmagasabb minőségi követelményeknek. Ez a valódi természet páratlan ízélménye. Az előnyök áttekintése: Fajtánként maximum három állati fehérjeforrás Kiváló minőségű növényi alapanyagok, pl. burgonya vagy teljes kiőrlésű tésztafélék Értékes olajok esszenciális omega-6 zsírsavakkal 100%-ban* természetes összetevők állati fehérjeliszt és csontliszt nélkül „Őszinte nyilatkozat” valamennyi összetevőhöz Másrészt a természetes összetevőket hidegen töltik és csak egyszer melegítik fel, így sok tápanyag megmarad. A természet legfinomabb összetevői. Ezenkívül minden REAL NATURE eledelhez tartozik egy őszinte nyilatkozat: Csak azt tartalmazza, ami fel van tüntetve! * a felhasznált alapanyagokban A REAL NATURE Adult nedves eledelben a kíméletes elkészítésnek köszönhetően különösen sok tápanyag megmarad. Analitikai összetevők: 10,8% fehérje, 7,1% zsírtartalom, 1,9% nyershamu, 0,4% nyersrost, 0,19% kalcium, 0,16% foszfor. Összetétel: 68% bárány (szív, hús, máj, tüdő, gyomor), 25,5% ivóvíz, 5% burgonya, 1% ásványi anyag, 0,5% kukoricaolaj. Adalékanyag/kg: 200 NE D3-vitamin, 20 mg E-vitamin, 0,75 mg jód (kalcium-jodát, vízmentes), 1,4 mg mangán (mangán(II)-szulfát, monohidrát), 25 mg cink (cink-szulfát, monohidrát). Táplálási javaslat: A kutya súlya kg-ban Napi adagolás g-ban 10 kg 410 g 15 kg 560 g 20 kg 590 g 25 kg 820 g 30 kg 940 g 35 kg 1060 g 40 kg 1170 g 45 kg 1280 g 50 kg 1380 g 60 kg 1580 g 70 kg 1780 g 80 kg 1960 g Tovább olvasok"}
{"breadcrumb": "Főoldal/Kutya/Eledelek/Nedves eledelek/Real Nature Classic kutya konzerv adult bárány&szárnyas 6x200g", "product_name": "Real Nature Classic kutya konzerv adult bárány&szárnyas 6x200gReal Nature Classic kutya konzerv adult bárány&szárnyas 6x200g", "brand": "Real Nature101g – 200gFelnőttvegyeskonzervközepes testű 11-25kg", "regular_price": "8 994", "selling_price": "8 394", "price_per_unit": "699 Ft", "product_url": "https://webshop.fressnapf.hu/termekek/real-nature-classic-kutya-konzerv-adult-baranyszarnyas-200g/", "product_description": "Természetközeli étrend kutyája számára Megőrzi a természetes tápértékeket Kíméletes feldolgozás hideg töltéssel REAL NATURE nedves eledelek A REAL NATURE teljes értékű eledelt különösen kíméletesen, hideg töltéssel dolgozzák fel, nem tartalmaz állati fehérjelisztet és csontlisztet, és nem tartalmaz mesterséges adalékanyagokat és tartósítószereket. Őszinte nyilatkozat: Csak azt tartalmazza, ami fel van tüntetve! A REAL NATURE a természet legjavát nyújtja. Lelkiismeretesen válogattunk ki minden összetevőt, hogy azok megfeleljenek a legmagasabb minőségi követelményeknek. Az alkalmazott gyártási eljárás során különösen kímélő módon zajlik az elkészítés. Ennek köszönhetően az összetevők megőrzik természetes tápértékük nagy részét, ami természetközeli táplálkozást tesz lehetővé kutyája számára. Minden REAL NATURE terméket kiváló minőségű állati fehérjék, a legjobb szénhidrátok és gondosan válogatott növényi összetevők kombinációja alkot. A valódi természet páratlan ízélménye. Az előnyök áttekintése: 100%-ban természetes összetevők a legkiválóbb minőségben mesterséges tartósítószerek és aromák nélkül, ezért különösen könnyen emészthető Megőrzi a természetes tápértékeket állati fehérjeliszt és csontliszt nélkül Teljes értékű eledel kutyák számára. Bővebb információk a következő címen kérhetők: webshop@fressnapf.hu A REAL NATURE a legkiválóbb minőségű összetevőket tartalmazza, kifejezetten az Ön kutyája igényeire szabva. Analitikai összetevők: 11,5% fehérje, 6,5% zsírtartalom, 1,4% nyershamu, 0,4% nyersrost, 0,21% kalcium, 0,16% foszfor. Összetétel: 32% birka (szív, hús, tüdő, máj), 26% csirke (szív, hús, máj, zúza, nyak), 25,5% ivóvíz, 8% kacsaszív, 5% rizs (hántolt), 1% ásványi anyag, 0,5% kenderolaj. Adalékanyag/kg: 200 NE D3-vitamin, 20 mg E-vitamin, 0,75 mg jód (kalcium-jodát, vízmentes), 1,4 mg mangán (mangán(II)-szulfát, monohidrát), 25 mg cink (cink-szulfát, monohidrát). Táplálási javaslat: A kutya súlya kg-ban Napi adagolás g-ban 2 kg 120 g 5 kg 250 g 7 kg 330 g 10 kg 410 g Tovább olvasok"}
{"breadcrumb": "Főoldal/Kutya/Eledelek/Nedves eledelek/REAL NATURE Classic kutya konzerv adult birka&szárnyas 6x400g", "product_name": "REAL NATURE Classic kutya konzerv adult birka&szárnyas 6x400gREAL NATURE Classic kutya konzerv adult birka&szárnyas 6x400g", "brand": "201g – 400gReal NatureFelnőttjuh&bárány&kecskegabonamenteskonzervközepes testű 11-25kg", "regular_price": "8 994", "selling_price": "8 394", "price_per_unit": "999 Ft", "product_url": "https://webshop.fressnapf.hu/termekek/6xreal-nature-kutyakonzerv-birkaszarnyas-400g/", "product_description": "A legkiválóbb minőségű természetes összetevők – a felhasznált alapanyagokban Megőrzi a természetes tápértékeket Optimális táplálkozás kutyája számára Nedves eledel A kiváló minőségű teljes értékű táplálék egy, két vagy legfeljebb három különböző állati fehérjeforrást, kiváló minőségű növényi összetevőket, például burgonyát vagy teljes kiőrlésű tésztát és értékes olajokat tartalmaz, amelynek esszenciális Omega-6 zsírsavai hozzájárulnak a szőrzet és bunda egészségének megőrzéséhez. Kíméletes elkészítés A REAL NATURE nedves eledel hideg töltési eljárással készül. Ez azt jelenti, hogy az összetevőket hidegen töltik a dobozba, ezután egyszer felmelegítik. Ennek az egyedülálló hőkezelési eljárásnak köszönhetően jelentős mértékben megmarad a feltüntetett összetevők tápanyagtartalma. A természet legfinomabb összetevői A kiváló minőségű teljes értékű táplálék egy, két vagy legfeljebb három különböző állati fehérjeforrást, kiváló minőségű növényi összetevőket, például burgonyát vagy teljes kiőrlésű tésztát és értékes olajokat tartalmaz, amelynek esszenciális Omega-6 zsírsavai hozzájárulnak a szőrzet és bunda egészségének megőrzéséhez. A REAL NATURE teljes értékű eledelt különösen kíméletesen, hideg töltéssel dolgozzák fel, nem tartalmaz állati fehérjelisztet és csontlisztet, és nem tartalmaz mesterséges adalékanyagokat és tartósítószereket. Őszinte nyilatkozat Csak azt tartalmazza, ami fel van tüntetve! A REAL NATURE a természet legjavát nyújtja. Lelkiismeretesen válogattunk ki minden összetevőt, hogy azok megfeleljenek a legmagasabb minőségi követelményeknek. Az előnyök áttekintése: 100%-ban természetes 1 : A legjobb minőségű összetevők adalékanyagok, például cukor, színezék, aromák vagy tartósítószerek nélkül. Megőrzi a természetes tápértékeket állati fehérjeliszt és csontliszt nélkül Teljes értékű eledel felnőtt kutyák számára. Bővebb információk a következő címen kérhetők: webshop@fressnapf.hu 1 a felhasznált alapanyagokban A REAL NATURE speciálisan kutyája igényeihez igazodik, és figyelembe veszi a különleges, életkornak megfelelő táplálkozási igényeket. Analitikai összetevők: 11,5% fehérje, 6,5% zsírtartalom, 1,4% nyershamu, 0,4% nyersrost, 0,21% kalcium, 0,16% foszfor. Összetétel: 32% birka (szív, hús, tüdő, máj), 26% csirke (szív, hús, máj, zúza, nyak), 25,5% ivóvíz, 8% kacsaszív, 5% rizs (hántolt), 1% ásványi anyag, 0,5% kenderolaj. Adalékanyag/kg: 200 NE D3-vitamin, 20 mg E-vitamin, 0,75 mg jód (kalcium-jodát, vízmentes), 1,4 mg mangán (mangán(II)-szulfát, monohidrát), 25 mg cink (cink-szulfát, monohidrát). Táplálási javaslat: A kutya súlya kg-ban Napi adagolás g-ban 2 kg 120 g 5 kg 250 g 7,5 kg 330 g 10 kg 410 g 15 kg 560 g 20 kg 690 g Tovább olvasok"}
{"breadcrumb": "Főoldal/Kutya/Eledelek/Nedves eledelek/REAL NATURE Classic kutya konzerv adult birka&szárnyas 6x800g", "product_name": "REAL NATURE Classic kutya konzerv adult birka&szárnyas 6x800gREAL NATURE Classic kutya konzerv adult birka&szárnyas 6x800g", "brand": "601g – 800gReal NatureFelnőttjuh&bárány&kecskegabonamenteskonzervnagytestű 26kg-tól", "regular_price": "9 594", "selling_price": "8 994", "price_per_unit": "1 499 Ft", "product_url": "https://webshop.fressnapf.hu/termekek/6xreal-nature-kutyakonzerv-birkaszarnyas-800g/", "product_description": "Kíméletes elkészítés Állati fehérjeliszt és csontliszt nélkül „Őszinte nyilatkozat” valamennyi összetevőhöz Minden életkornak sajátos tápanyag igényei vannak, különösen a kutyák esetében. A REAL NATURE a természet legjavát nyújtja. Lelkiismeretesen válogattunk ki minden összetevőt, hogy azok megfeleljenek a legmagasabb minőségi követelményeknek. Ez a valódi természet páratlan ízélménye. Az előnyök áttekintése: Fajtánként maximum három állati fehérjeforrás Kiváló minőségű növényi alapanyagok, pl. burgonya vagy teljes kiőrlésű tésztafélék Értékes olajok esszenciális omega-6 zsírsavakkal 100%-ban* természetes összetevők állati fehérjeliszt és csontliszt nélkül „Őszinte nyilatkozat” valamennyi összetevőhöz Másrészt a természetes összetevőket hidegen töltik és csak egyszer melegítik fel, így sok tápanyag megmarad. A természet legfinomabb összetevői. Ezenkívül minden REAL NATURE eledelhez tartozik egy őszinte nyilatkozat: Csak azt tartalmazza, ami fel van tüntetve! * a felhasznált alapanyagokban A REAL NATURE Adult nedves eledelben a kíméletes elkészítésnek köszönhetően különösen sok tápanyag megmarad. Analitikai összetevők: 11,5% fehérje, 6,5% zsírtartalom, 1,4% nyershamu, 0,4% nyersrost, 0,21% kalcium, 0,16% foszfor. Összetétel: 32% birka (szív, hús, tüdő, máj), 26% csirke (szív, hús, máj, zúza, nyak), 25,5% ivóvíz, 8% kacsaszív, 5% rizs (hántolt), 1% ásványi anyag, 0,5% kenderolaj. Adalékanyag/kg: 200 NE D3-vitamin, 20 mg E-vitamin, 0,75 mg jód (kalcium-jodát, vízmentes), 1,4 mg mangán (mangán(II)-szulfát, monohidrát), 25 mg cink (cink-szulfát, monohidrát). Táplálási javaslat: A kutya súlya kg-ban Napi adagolás g-ban 10 kg 410 g 15 kg 560 g 20 kg 590 g 25 kg 820 g 30 kg 940 g 35 kg 1060 g 40 kg 1170 g 45 kg 1280 g 50 kg 1380 g 60 kg 1580 g 70 kg 1780 g 80 kg 1960 g Tovább olvasok"}
{"breadcrumb": "Főoldal/Kutya/Eledelek/Nedves eledelek/REAL NATURE Classic kutya konzerv adult borjú&brokkoli 6x200g", "product_name": "REAL NATURE Classic kutya konzerv adult borjú&brokkoli 6x200gREAL NATURE Classic kutya konzerv adult borjú&brokkoli 6x200g", "brand": "Real Nature101g – 200gFelnőttmarha&borjúkonzervkistestű 10kg-ig", "regular_price": "5 094", "selling_price": "4 794", "price_per_unit": "699 Ft", "product_url": "https://webshop.fressnapf.hu/termekek/real-nature-classic-kutya-konzerv-adult-borjubrokkoli-200g/", "product_description": "100%-ban természetes (a felhasznált alapanyagokban) Nem tartalmaz adalékanyagokat, pl. cukrot, színezéket, aromákat vagy tartósítószereket Kiegyensúlyozott összetétel A REAL NATURE a legkiválóbb természetes összetevőket ötvözi a táplálkozásfiziológiai szakértelemmel: Lelkiismeretesen válogatjuk és gondosan készítjük el a természetben megtalálható legfinomabb összetevőket, hogy az Ön kutyája a lehető legtermészetesebb táplálékot kapja. A természetes receptúrák nem tartalmaznak sem tartósítószert, színezőanyagokat és aromákat, sem cukrot. A REAL NATURE eledelek esetében Ön pontosan tudja, mit ad a kedvencének: Minden egyes összetevőt feltüntetünk a csomagoláson. Megígérjük Önnek: Csak azt tartalmazza, ami fel van tüntetve! Az előnyök áttekintése: 100%-ban természetes (a felhasznált alapanyagokban) nem tartalmaz adalékanyagokat, pl. cukrot, színezéket, aromákat vagy tartósítószereket kiegyensúlyozott összetétel optimális táplálék természetes és könnyen emészthető A Real Nature a lehető legtermészetesebb receptúrákat biztosítja lelkiismeretesen válogatott és gondosan elkészített összetevőkből – az Ön kutyája alapvető igényeihez igazítva. Analitikai összetevők: 12% fehérje, 6,3% zsírtartalom, 2% nyershamu, 0,6% nyersrost, 0,27% kalcium, 0,2% foszfor Összetétel: 68% borjú (tüdő, máj, vese, szív, gyomor),  25,5% ivóvíz,  2% burgonya,  2% brokkoli, 1% ásványi anyag, 0,5% szurokfű,  0,5% őrölt tökmag (5,5% Omega-3 zsírsav), 0,5% kenderolaj Adalékanyag/kg: 200 NE D3-vitamin,  25 mg E-vitamin, 0,5 mg jód (kálium-jodid), 3 mg mangán (mangán(II)-szulfát, monohidrát), 15 mg cink (cink-szulfát, monohidrát) Táplálási javaslat: A kutya súlya Napi adagolás 2 kg 130 g 5 kg 260 g 7 kg 335 g 10 kg 440 g 15 kg 590 g 20 kg 730 g A megadott adatok irányadó értékek. Nyomokban tartalmazhat egyéb összetevőket. Hűvös és száraz helyen tárolja. Felbontás után hűtőszekrényben tárolja. Szobahőmérsékleten tálalja. Ügyeljen arra, hogy jutalomfalatok hozzáadása esetén megfelelő mértékben csökkentse a megadott tápmennyiséget. Tovább olvasok"}
{"breadcrumb": "Főoldal/Kutya/Eledelek/Nedves eledelek/REAL NATURE Classic kutya konzerv adult borjú&brokkoli 6x400g", "product_name": "REAL NATURE Classic kutya konzerv adult borjú&brokkoli 6x400gREAL NATURE Classic kutya konzerv adult borjú&brokkoli 6x400g", "brand": "201g – 400gReal NatureFelnőttmarha&borjúgabonamenteskonzervközepes testű 11-25kg", "regular_price": "8 994", "selling_price": "8 394", "price_per_unit": "999 Ft", "product_url": "https://webshop.fressnapf.hu/termekek/6xreal-nature-classic-konzerv-adult-borjubrokkoli-400g/", "product_description": "100%-ban természetes (a felhasznált alapanyagokban) Nem tartalmaz adalékanyagokat, pl. cukrot, színezéket, aromákat vagy tartósítószereket Kiegyensúlyozott összetétel A REAL NATURE a legkiválóbb természetes összetevőket ötvözi a táplálkozásfiziológiai szakértelemmel: Lelkiismeretesen válogatjuk és gondosan készítjük el a természetben megtalálható legfinomabb összetevőket, hogy az Ön kutyája a lehető legtermészetesebb táplálékot kapja. A természetes receptúrák nem tartalmaznak sem tartósítószert, színezőanyagokat és aromákat, sem cukrot. A REAL NATURE eledelek esetében Ön pontosan tudja, mit ad a kedvencének: Minden egyes összetevőt feltüntetünk a csomagoláson. Megígérjük Önnek: Csak azt tartalmazza, ami fel van tüntetve! Az előnyök áttekintése: 100%-ban természetes (a felhasznált alapanyagokban) nem tartalmaz adalékanyagokat, pl. cukrot, színezéket, aromákat vagy tartósítószereket kiegyensúlyozott összetétel optimális táplálék természetes és könnyen emészthető A Real Nature a lehető legtermészetesebb receptúrákat biztosítja lelkiismeretesen válogatott és gondosan elkészített összetevőkből – az Ön kutyája alapvető igényeihez igazítva. Analitikai összetevők: 12% fehérje, 6,3% zsírtartalom, 2% nyershamu, 0,6% nyersrost, 0,27% kalcium, 0,2% foszfor Összetétel: 68% borjú (tüdő, máj, vese, szív, gyomor),  25,5% ivóvíz,  2% burgonya,  2% brokkoli, 1% ásványi anyag, 0,5% szurokfű,  0,5% őrölt tökmag (5,5% Omega-3 zsírsav), 0,5% kenderolaj Adalékanyag/kg: 200 NE D3-vitamin,  25 mg E-vitamin, 0,5 mg jód (kálium-jodid), 3 mg mangán (mangán(II)-szulfát, monohidrát), 15 mg cink (cink-szulfát, monohidrát) Táplálási javaslat: A kutya súlya Napi adagolás 2 kg 130 g 5 kg 260 g 7 kg 335 g 10 kg 440 g 15 kg 590 g 20 kg 730 g A megadott adatok irányadó értékek. Nyomokban tartalmazhat egyéb összetevőket. Hűvös és száraz helyen tárolja. Felbontás után hűtőszekrényben tárolja. Szobahőmérsékleten tálalja. Ügyeljen arra, hogy jutalomfalatok hozzáadása esetén csökkentse a megadott tápmennyiséget. Tovább olvasok"}
{"breadcrumb": "Főoldal/Kutya/Eledelek/Nedves eledelek/REAL NATURE Classic kutya konzerv adult borjú&brokkoli 6x800g", "product_name": "REAL NATURE Classic kutya konzerv adult borjú&brokkoli 6x800gREAL NATURE Classic kutya konzerv adult borjú&brokkoli 6x800g", "brand": "601g – 800gReal NatureFelnőttmarha&borjúgabonamenteskonzervnagytestű 26kg-tól", "regular_price": "9 594", "selling_price": "8 994", "price_per_unit": "1 499 Ft", "product_url": "https://webshop.fressnapf.hu/termekek/6xreal-nature-classic-konzerv-adult-borjubrokkoli-800g/", "product_description": "A REAL NATURE ADULT Superfoods borjú brokkolival teljes értékű eledel felnőtt kutyák számára kb. 11., ill. 24. hónapostól 6., ill. 8. éves korig (fajtától és testsúlytól függően). Superfoods, mit is jelent ez igazából? Még ha a fogalom újszerűnek is hangzik, a Superfoods már nagyanyáink konyhájában is szívesen látott volt! A Superfoods fogalmán különösen tápláló élelmiszereket értünk. Fokozott mennyiségeket tartalmaznak bizonyos tápanyagokból, amelyek hozzájárulnak a kiegyensúlyozott táplálkozáshoz és kutyája jó közérzetéhez. – A brokkoli igen gazdag nyersrostokban, és értékes antioxidánsokat, vitaminokat és ásványi anyagokat tartalmaz. – A tökmag igen magas fehérjetartalmú, és értékes vitaminokat és nyomelemeket, béta karotint és linolsavat is tartalmaz. – Az oregánó antioxidáns hatású. Táplálkozás-élettani szempontból átgondoltan, értékes vitaminokkal és ásványi anyagokkal, hozzáadott mesterséges tartósítószerek, színezékek és ízfokozók nélkül. A természetes tápanyagok védelme kíméletes gyártási eljárások révén (hidegen sajtolás, hidegen töltés) Értékes állati fehérjékből és szénhidrátokból – a kutya korához és súlyához igazítva Analitikai összetevők: 12% fehérje, 6,3% zsír, 2% nyers hamu, 0,6% nyersrost, 0,27% kalcium, 0,2% foszfor, nedvességtartalom 76% Összetétel: 68% borjúhús (tüdőből, májból, veséből, szívből, bendőből), 25,5% ivóvíz, 2% burgonya, 2% brokkoli, 1% ásványi anyagok, 0,5% oregánó, 0,5% tökmag, őrölt (5,5% omega-3 zsírsav), 0,5% kenderolaj. Adalékanyagok kg-onként: 200 NE, NE, NE, NE, NE D3-vitamin, 25 mg E-vitamin, 0,5 mg jód (kálium-jodid), 3 mg mangán (mangán(II)-szulfát, monohidrát), 15 mg cink (cink-szulfát, monohidrát). Tovább olvasok"}
{"breadcrumb": "Főoldal/Kutya/Eledelek/Nedves eledelek/Real Nature Classic kutya konzerv adult borjúszív 6x400g", "product_name": "Real Nature Classic kutya konzerv adult borjúszív 6x400gReal Nature Classic kutya konzerv adult borjúszív 6x400g", "brand": "Real Nature201g – 400gFelnőttmarha&borjúpástétomkonzervgabonamentes", "regular_price": "5 094", "selling_price": "4 794", "price_per_unit": "999 Ft", "product_url": "https://webshop.fressnapf.hu/termekek/real-nature-classic-kutya-konzerv-adult-borjusziv-400g/", "product_description": "A legkiválóbb minőségű természetes összetevők – a felhasznált alapanyagokban Megőrzi a természetes tápértékeket Optimális táplálkozás kutyája számára Nedves eledel A kiváló minőségű teljes értékű táplálék egy, két vagy legfeljebb három különböző állati fehérjeforrást, kiváló minőségű növényi összetevőket, például burgonyát vagy teljes kiőrlésű tésztát és értékes olajokat tartalmaz, amelynek esszenciális Omega-6 zsírsavai hozzájárulnak a szőrzet és bunda egészségének megőrzéséhez. Kíméletes elkészítés A REAL NATURE nedves eledel hideg töltési eljárással készül. Ez azt jelenti, hogy az összetevőket hidegen töltik a dobozba, ezután egyszer felmelegítik. Ennek az egyedülálló hőkezelési eljárásnak köszönhetően jelentős mértékben megmarad a feltüntetett összetevők tápanyagtartalma. A természet legfinomabb összetevői A kiváló minőségű teljes értékű táplálék egy, két vagy legfeljebb három különböző állati fehérjeforrást, kiváló minőségű növényi összetevőket, például burgonyát vagy teljes kiőrlésű tésztát és értékes olajokat tartalmaz, amelynek esszenciális Omega-6 zsírsavai hozzájárulnak a szőrzet és bunda egészségének megőrzéséhez. A REAL NATURE teljes értékű eledelt különösen kíméletesen, hideg töltéssel dolgozzák fel, nem tartalmaz állati fehérjelisztet és csontlisztet, és nem tartalmaz mesterséges adalékanyagokat és tartósítószereket. Őszinte nyilatkozat Csak azt tartalmazza, ami fel van tüntetve! A REAL NATURE a természet legjavát nyújtja. Lelkiismeretesen válogattunk ki minden összetevőt, hogy azok megfeleljenek a legmagasabb minőségi követelményeknek. Az előnyök áttekintése: 100%-ban természetes 1 : A legjobb minőségű összetevők adalékanyagok, például cukor, színezék, aromák vagy tartósítószerek nélkül. Megőrzi a természetes tápértékeket állati fehérjeliszt és csontliszt nélkül Teljes értékű eledel felnőtt kutyák számára. Bővebb információk a következő címen kérhetők: webshop@fressnapf.hu 1 a felhasznált alapanyagokban A REAL NATURE speciálisan kutyája igényeihez igazodik, és figyelembe veszi a különleges, életkornak megfelelő táplálkozási igényeket. Analitikai összetevők: 11% fehérje, 6,5% zsírtartalom, 1,9% nyershamu, 0,4% nyersrost, 0,23% kalcium, 0,18% foszfor. Összetétel: 34% borjú (26% szív, tüdő), 34% csirke (szív, hús, máj, zúza, nyak), 25,5% ivóvíz, 5% burgonya, 1% ásványi anyag, 0,1% rozmaring, 0,1% borsikafű, 0,1% kakukkfű, 0,1% majoránna, 0,1% babérlevél Adalékanyag/kg: 200 NE D3-vitamin, 20 mg E-vitamin, 0,75 mg jód (kalcium-jodát, vízmentes), 1,4 mg mangán (mangán(II)-szulfát, monohidrát), 25 mg cink (cink-szulfát, monohidrát). Táplálási javaslat: A kutya súlya kg-ban Napi adagolás g-ban 2 kg 120 g 5 kg 250 g 7,5 kg 330 g 10 kg 410 g 15 kg 560 g 20 kg 690 g Tovább olvasok"}
{"breadcrumb": "Főoldal/Kutya/Eledelek/Nedves eledelek/REAL NATURE Classic kutya konzerv adult borjúszív 6x800g", "product_name": "REAL NATURE Classic kutya konzerv adult borjúszív 6x800gREAL NATURE Classic kutya konzerv adult borjúszív 6x800g", "brand": "601g – 800gReal NatureFelnőttmarha&borjúgabonamenteskonzervnagytestű 26kg-tól", "regular_price": "9 594", "selling_price": "8 994", "price_per_unit": "1 499 Ft", "product_url": "https://webshop.fressnapf.hu/termekek/6xreal-nature-kutyakonzerv-borjusziv-800g/", "product_description": "Kíméletes elkészítés Állati fehérjeliszt és csontliszt nélkül „Őszinte nyilatkozat” valamennyi összetevőhöz Minden életkornak sajátos tápanyag igényei vannak, különösen a kutyák esetében. A REAL NATURE a természet legjavát nyújtja. Lelkiismeretesen válogattunk ki minden összetevőt, hogy azok megfeleljenek a legmagasabb minőségi követelményeknek. Ez a valódi természet páratlan ízélménye. Az előnyök áttekintése: Fajtánként maximum három állati fehérjeforrás Kiváló minőségű növényi alapanyagok, pl. burgonya vagy teljes kiőrlésű tésztafélék Értékes olajok esszenciális omega-6 zsírsavakkal 100%-ban* természetes összetevők állati fehérjeliszt és csontliszt nélkül „Őszinte nyilatkozat” valamennyi összetevőhöz Másrészt a természetes összetevőket hidegen töltik és csak egyszer melegítik fel, így sok tápanyag megmarad. A természet legfinomabb összetevői. Ezenkívül minden REAL NATURE eledelhez tartozik egy őszinte nyilatkozat: Csak azt tartalmazza, ami fel van tüntetve! * a felhasznált alapanyagokban A REAL NATURE Adult nedves eledelben a kíméletes elkészítésnek köszönhetően különösen sok tápanyag megmarad. Analitikai összetevők: 11% fehérje, 6,5% zsírtartalom, 1,9% nyershamu, 0,4% nyersrost, 0,23% kalcium, 0,18% foszfor. Összetétel: 34% borjú (26% szív, tüdő), 34% csirke (szív, hús, máj, zúza, nyak), 25,5% ivóvíz, 5% burgonya, 1% ásványi anyag, 0,1% rozmaring, 0,1% borsikafű, 0,1% kakukkfű, 0,1% majoránna, 0,1% babérlevél Adalékanyag/kg: 200 NE D3-vitamin, 20 mg E-vitamin, 0,75 mg jód (kalcium-jodát, vízmentes), 1,4 mg mangán (mangán(II)-szulfát, monohidrát), 25 mg cink (cink-szulfát, monohidrát). Táplálási javaslat: A kutya súlya kg-ban Napi adagolás g-ban 10 kg 410 g 15 kg 560 g 20 kg 590 g 25 kg 820 g 30 kg 940 g 35 kg 1060 g 40 kg 1170 g 45 kg 1280 g 50 kg 1380 g 60 kg 1580 g 70 kg 1780 g 80 kg 1960 g Tovább olvasok"}
{"breadcrumb": "Főoldal/Kutya/Eledelek/Nedves eledelek/Real Nature Classic kutya konzerv adult borjúszív&csirke 6x200g", "product_name": "Real Nature Classic kutya konzerv adult borjúszív&csirke 6x200gReal Nature Classic kutya konzerv adult borjúszív&csirke 6x200g", "brand": "101g – 200gFelnőttvegyeskonzervközepes testű 11-25kgReal Nature", "regular_price": "8 994", "selling_price": "8 394", "price_per_unit": "699 Ft", "product_url": "https://webshop.fressnapf.hu/termekek/real-nature-classic-kutya-konzerv-adult-borjuszivcsirke-200g/", "product_description": "Természetközeli étrend kutyája számára Megőrzi a természetes tápértékeket Kíméletes feldolgozás hideg töltéssel REAL NATURE nedves eledelek A REAL NATURE teljes értékű eledelt különösen kíméletesen, hideg töltéssel dolgozzák fel, nem tartalmaz állati fehérjelisztet és csontlisztet, és nem tartalmaz mesterséges adalékanyagokat és tartósítószereket. Őszinte nyilatkozat: Csak azt tartalmazza, ami fel van tüntetve! A REAL NATURE a természet legjavát nyújtja. Lelkiismeretesen válogattunk ki minden összetevőt, hogy azok megfeleljenek a legmagasabb minőségi követelményeknek. Az alkalmazott gyártási eljárás során különösen kímélő módon zajlik az elkészítés. Ennek köszönhetően az összetevők megőrzik természetes tápértékük nagy részét, ami természetközeli táplálkozást tesz lehetővé kutyája számára. Minden REAL NATURE terméket kiváló minőségű állati fehérjék, a legjobb szénhidrátok és gondosan válogatott növényi összetevők kombinációja alkot. A valódi természet páratlan ízélménye. Az előnyök áttekintése: 100%-ban természetes összetevők a legkiválóbb minőségben mesterséges tartósítószerek és aromák nélkül, ezért különösen könnyen emészthető Megőrzi a természetes tápértékeket állati fehérjeliszt és csontliszt nélkül Teljes értékű eledel kutyák számára. Bővebb információk a következő címen kérhetők: webshop@fressnapf.hu A REAL NATURE a legkiválóbb minőségű összetevőket tartalmazza, kifejezetten az Ön kutyája igényeire szabva. Analitikai összetevők: 11% fehérje, 6,5% zsírtartalom, 1,9% nyershamu, 0,4% nyersrost, 0,23% kalcium, 0,18% foszfor. Összetétel: 34% borjú (26% szív, tüdő), 34% csirke (szív, hús, máj, zúza, nyak), 25,5% ivóvíz, 5% burgonya, 1% ásványi anyag, 0,1% rozmaring, 0,1% borsikafű, 0,1% kakukkfű, 0,1% majoránna, 0,1% babérlevél Adalékanyag/kg: 200 NE D3-vitamin, 20 mg E-vitamin, 0,75 mg jód (kalcium-jodát, vízmentes), 1,4 mg mangán (mangán(II)-szulfát, monohidrát), 25 mg cink (cink-szulfát, monohidrát). Táplálási javaslat: A kutya súlya kg-ban Napi adagolás g-ban 2 kg 120 g 5 kg 250 g 7 kg 330 g 10 kg 410 g Tovább olvasok"}
{"breadcrumb": "Főoldal/Kutya/Eledelek/Nedves eledelek/Real Nature Classic kutya konzerv adult csirke&hering 6x200g", "product_name": "Real Nature Classic kutya konzerv adult csirke&hering 6x200gReal Nature Classic kutya konzerv adult csirke&hering 6x200g", "brand": "Real Nature101g – 200gFelnőttvegyeskonzervközepes testű 11-25kg", "regular_price": "8 994", "selling_price": "8 394", "price_per_unit": "699 Ft", "product_url": "https://webshop.fressnapf.hu/termekek/real-nature-classic-kutya-konzerv-adult-csirkehering-200g/", "product_description": "Természetközeli étrend kutyája számára Megőrzi a természetes tápértékeket Kíméletes feldolgozás hideg töltéssel REAL NATURE nedves eledelek A REAL NATURE teljes értékű eledelt különösen kíméletesen, hideg töltéssel dolgozzák fel, nem tartalmaz állati fehérjelisztet és csontlisztet, és nem tartalmaz mesterséges adalékanyagokat és tartósítószereket. Őszinte nyilatkozat: Csak azt tartalmazza, ami fel van tüntetve! A REAL NATURE a természet legjavát nyújtja. Lelkiismeretesen válogattunk ki minden összetevőt, hogy azok megfeleljenek a legmagasabb minőségi követelményeknek. Az alkalmazott gyártási eljárás során különösen kímélő módon zajlik az elkészítés. Ennek köszönhetően az összetevők megőrzik természetes tápértékük nagy részét, ami természetközeli táplálkozást tesz lehetővé kutyája számára. Minden REAL NATURE terméket kiváló minőségű állati fehérjék, a legjobb szénhidrátok és gondosan válogatott növényi összetevők kombinációja alkot. A valódi természet páratlan ízélménye. Az előnyök áttekintése: 100%-ban természetes összetevők a legkiválóbb minőségben mesterséges tartósítószerek és aromák nélkül, ezért különösen könnyen emészthető Megőrzi a természetes tápértékeket állati fehérjeliszt és csontliszt nélkül Teljes értékű eledel kutyák számára. Bővebb információk a következő címen kérhetők: webshop@fressnapf.hu A REAL NATURE a legkiválóbb minőségű összetevőket tartalmazza, kifejezetten az Ön kutyája igényeire szabva. Analitikai összetevők: 11% fehérje, 6% zsírtartalom, 2,4% nyershamu, 0,4% nyersrost, 0,19% kalcium, 0,17% foszfor. Összetétel: 34 % csirke (hús, máj, szív, zúza, nyak), 26% hering, 25,5 % ivóvíz, 8 % pulykaszív, 5% rizs (hántolt), 1 % ásványi anyag, 0,5 % lazacolaj. Adalékanyag/kg: 20 mg E-vitamin, 1mg réz (réz(II)-szulfát, pentahidrát), 0,75 mg jód (kalcium-jodát, vízmentes), 1,4 mg mangán (mangán(II)-szulfát, monohidrát), 25 mg cink (cink-szulfát, monohidrát). Táplálási javaslat: A kutya súlya kg-ban Napi adagolás g-ban 2 kg 120 g 5 kg 250 g 7 kg 330 g 10 kg 410 g Tovább olvasok"}
{"breadcrumb": "Főoldal/Kutya/Eledelek/Nedves eledelek/Real Nature Classic kutya konzerv adult csirke&hering 6x400g", "product_name": "Real Nature Classic kutya konzerv adult csirke&hering 6x400gReal Nature Classic kutya konzerv adult csirke&hering 6x400g", "brand": "Real Nature201g – 400gFelnőttvegyespástétomkonzervhízásra hajlamos", "regular_price": "5 094", "selling_price": "4 794", "price_per_unit": "999 Ft", "product_url": "https://webshop.fressnapf.hu/termekek/real-nature-classic-kutya-konzerv-adult-csirkehering-400g/", "product_description": "A legkiválóbb minőségű természetes összetevők – a felhasznált alapanyagokban Megőrzi a természetes tápértékeket Optimális táplálkozás kutyája számára Nedves eledel A kiváló minőségű teljes értékű táplálék egy, két vagy legfeljebb három különböző állati fehérjeforrást, kiváló minőségű növényi összetevőket, például burgonyát vagy teljes kiőrlésű tésztát és értékes olajokat tartalmaz, amelynek esszenciális Omega-6 zsírsavai hozzájárulnak a szőrzet és bunda egészségének megőrzéséhez. Kíméletes elkészítés A REAL NATURE nedves eledel hideg töltési eljárással készül. Ez azt jelenti, hogy az összetevőket hidegen töltik a dobozba, ezután egyszer felmelegítik. Ennek az egyedülálló hőkezelési eljárásnak köszönhetően jelentős mértékben megmarad a feltüntetett összetevők tápanyagtartalma. A természet legfinomabb összetevői A kiváló minőségű teljes értékű táplálék egy, két vagy legfeljebb három különböző állati fehérjeforrást, kiváló minőségű növényi összetevőket, például burgonyát vagy teljes kiőrlésű tésztát és értékes olajokat tartalmaz, amelynek esszenciális Omega-6 zsírsavai hozzájárulnak a szőrzet és bunda egészségének megőrzéséhez. A REAL NATURE teljes értékű eledelt különösen kíméletesen, hideg töltéssel dolgozzák fel, nem tartalmaz állati fehérjelisztet és csontlisztet, és nem tartalmaz mesterséges adalékanyagokat és tartósítószereket. Őszinte nyilatkozat Csak azt tartalmazza, ami fel van tüntetve! A REAL NATURE a természet legjavát nyújtja. Lelkiismeretesen válogattunk ki minden összetevőt, hogy azok megfeleljenek a legmagasabb minőségi követelményeknek. Az előnyök áttekintése: 100%-ban természetes 1 : A legjobb minőségű összetevők adalékanyagok, például cukor, színezék, aromák vagy tartósítószerek nélkül. Megőrzi a természetes tápértékeket állati fehérjeliszt és csontliszt nélkül Teljes értékű eledel felnőtt kutyák számára. Bővebb információk a következő címen kérhetők: webshop@fressnapf.hu 1 a felhasznált alapanyagokban A REAL NATURE speciálisan kutyája igényeihez igazodik, és figyelembe veszi a különleges, életkornak megfelelő táplálkozási igényeket. Analitikai összetevők: 11% fehérje, 6% zsírtartalom, 2,4% nyershamu, 0,4% nyersrost, 0,19% kalcium, 0,17% foszfor. Összetétel: 34 % csirke (hús, máj, szív, zúza, nyak), 26% hering, 25,5 % ivóvíz, 8 % pulykaszív, 5% rizs (hántolt), 1 % ásványi anyag, 0,5 % lazacolaj. Adalékanyag/kg: 20 mg E-vitamin, 1mg réz (réz(II)-szulfát, pentahidrát), 0,75 mg jód (kalcium-jodát, vízmentes), 1,4 mg mangán (mangán(II)-szulfát, monohidrát), 25 mg cink (cink-szulfát, monohidrát). Táplálási javaslat: A kutya súlya kg-ban Napi adagolás g-ban 2 kg 120 g 5 kg 250 g 7,5 kg 330 g 10 kg 410 g 15 kg 560 g 20 kg 690 g Tovább olvasok"}
{"breadcrumb": "Főoldal/Kutya/Eledelek/Nedves eledelek/REAL NATURE Classic kutya konzerv adult csirke&hering 6x800g", "product_name": "REAL NATURE Classic kutya konzerv adult csirke&hering 6x800gREAL NATURE Classic kutya konzerv adult csirke&hering 6x800g", "brand": "601g – 800gReal NatureFelnőttszárnyasgabonamenteskonzervnagytestű 26kg-tól", "regular_price": "9 594", "selling_price": "8 994", "price_per_unit": "1 499 Ft", "product_url": "https://webshop.fressnapf.hu/termekek/6xreal-nature-kutyakonzerv-800-g-eszaki-tengeri-heringgel/", "product_description": "Kíméletes elkészítés Állati fehérjeliszt és csontliszt nélkül „Őszinte nyilatkozat” valamennyi összetevőhöz Minden életkornak sajátos tápanyag igényei vannak, különösen a kutyák esetében. A REAL NATURE a természet legjavát nyújtja. Lelkiismeretesen válogattunk ki minden összetevőt, hogy azok megfeleljenek a legmagasabb minőségi követelményeknek. Ez a valódi természet páratlan ízélménye. Az előnyök áttekintése: Fajtánként maximum három állati fehérjeforrás Kiváló minőségű növényi alapanyagok, pl. burgonya vagy teljes kiőrlésű tésztafélék Értékes olajok esszenciális omega-6 zsírsavakkal 100%-ban* természetes összetevők állati fehérjeliszt és csontliszt nélkül „Őszinte nyilatkozat” valamennyi összetevőhöz Másrészt a természetes összetevőket hidegen töltik és csak egyszer melegítik fel, így sok tápanyag megmarad. A természet legfinomabb összetevői. Ezenkívül minden REAL NATURE eledelhez tartozik egy őszinte nyilatkozat: Csak azt tartalmazza, ami fel van tüntetve! * a felhasznált alapanyagokban A REAL NATURE Adult nedves eledelben a kíméletes elkészítésnek köszönhetően különösen sok tápanyag megmarad. Analitikai összetevők: 11% fehérje, 6% zsírtartalom, 2,4% nyershamu, 0,4% nyersrost, 0,19% kalcium, 0,17% foszfor. Összetétel: 34 % csirke (hús, máj, szív, zúza, nyak), 26% hering, 25,5 % ivóvíz, 8 % pulykaszív, 5% rizs (hántolt), 1 % ásványi anyag, 0,5 % lazacolaj. Adalékanyag/kg: 20 mg E-vitamin, 1mg réz (réz(II)-szulfát, pentahidrát), 0,75 mg jód (kalcium-jodát, vízmentes), 1,4 mg mangán (mangán(II)-szulfát, monohidrát), 25 mg cink (cink-szulfát, monohidrát). Táplálási javaslat: A kutya súlya kg-ban Napi adagolás g-ban 10 kg 410 g 15 kg 560 g 20 kg 590 g 25 kg 820 g 30 kg 940 g 35 kg 1060 g 40 kg 1170 g 45 kg 1280 g 50 kg 1380 g 60 kg 1580 g 70 kg 1780 g 80 kg 1960 g Tovább olvasok"}
{"breadcrumb": "Főoldal/Kutya/Eledelek/Nedves eledelek/Real Nature Classic kutya konzerv adult kacsa&pisztráng 6x200g", "product_name": "Real Nature Classic kutya konzerv adult kacsa&pisztráng 6x200gReal Nature Classic kutya konzerv adult kacsa&pisztráng 6x200g", "brand": "Real Nature101g – 200gFelnőttszárnyaskonzervkistestű 10kg-ig", "regular_price": "8 994", "selling_price": "8 394", "price_per_unit": "699 Ft", "product_url": "https://webshop.fressnapf.hu/termekek/real-nature-classic-kutya-konzerv-adult-kacsapisztrang-200g/", "product_description": "Természetközeli étrend kutyája számára Megőrzi a természetes tápértékeket Kíméletes feldolgozás hideg töltéssel REAL NATURE nedves eledelek A REAL NATURE teljes értékű eledelt különösen kíméletesen, hideg töltéssel dolgozzák fel, nem tartalmaz állati fehérjelisztet és csontlisztet, és nem tartalmaz mesterséges adalékanyagokat és tartósítószereket. Őszinte nyilatkozat: Csak azt tartalmazza, ami fel van tüntetve! A REAL NATURE a természet legjavát nyújtja. Lelkiismeretesen válogattunk ki minden összetevőt, hogy azok megfeleljenek a legmagasabb minőségi követelményeknek. Az alkalmazott gyártási eljárás során különösen kímélő módon zajlik az elkészítés. Ennek köszönhetően az összetevők megőrzik természetes tápértékük nagy részét, ami természetközeli táplálkozást tesz lehetővé kutyája számára. Minden REAL NATURE terméket kiváló minőségű állati fehérjék, a legjobb szénhidrátok és gondosan válogatott növényi összetevők kombinációja alkot. A valódi természet páratlan ízélménye. Az előnyök áttekintése: 100%-ban természetes összetevők a legkiválóbb minőségben mesterséges tartósítószerek és aromák nélkül, ezért különösen könnyen emészthető Megőrzi a természetes tápértékeket állati fehérjeliszt és csontliszt nélkül Teljes értékű eledel kutyák számára. Bővebb információk a következő címen kérhetők: webshop@fressnapf.hu A REAL NATURE a legkiválóbb minőségű összetevőket tartalmazza, kifejezetten az Ön kutyája igényeire szabva. Analitikai összetevők: 10,8% fehérje, 8,1% zsírtartalom, 1,6% nyershamu, 0,6% nyersrost, 0,29% kalcium, 0,2% foszfor. Összetétel: 39% kacsa (hús, szív) 24,5% ivóvíz, 15% pisztráng, 14% csirke (zúza, máj) 3% burgonya, 2% karalábé, 2% ásványi anyag, 0,5% lazacolaj Adalékanyag/kg: Táplálkozásfiziológiai adalékanyagok: 200 NE D3-vitamin, 0,5 mg jód (kálium-jodid), 3 mg mangán (mangán(II)-szulfát, monohidrát), 15mg cink (cink-szulfát, monohidrát). Táplálási javaslat: A kutya súlya kg-ban Napi adagolás g-ban 2 kg 120 g 5 kg 250 g 7,5 kg 330 g 10 kg 410 g A megadott adatok irányadó értékek. A tényleges tápanyagigény a fajtától, az életkortól és az aktivitástól függ. Jutalomfalatok hozzáadása esetén ennek megfelelően csökkentse a táp mennyiségét. Felbontás után hűtőszekrényben tárolja. Szobahőmérsékleten tálalja. Hűvös és száraz helyen tárolja. Nyomokban tartalmazhat egyéb összetevőket. Tovább olvasok"}
{"breadcrumb": "Főoldal/Kutya/Eledelek/Nedves eledelek/Real Nature Classic kutya konzerv adult kacsa&pisztráng 6x400g", "product_name": "Real Nature Classic kutya konzerv adult kacsa&pisztráng 6x400gReal Nature Classic kutya konzerv adult kacsa&pisztráng 6x400g", "brand": "Real Nature201g – 400gFelnőttszárnyaspástétomkonzervgabonamentes", "regular_price": "5 094", "selling_price": "4 794", "price_per_unit": "999 Ft", "product_url": "https://webshop.fressnapf.hu/termekek/real-nature-classic-kutya-konzerv-adult-kacsapisztrang-400g/", "product_description": "A legkiválóbb minőségű természetes összetevők – a felhasznált alapanyagokban Megőrzi a természetes tápértékeket Optimális táplálkozás kutyája számára Nedves eledel A kiváló minőségű teljes értékű táplálék egy, két vagy legfeljebb három különböző állati fehérjeforrást, kiváló minőségű növényi összetevőket, például burgonyát vagy teljes kiőrlésű tésztát és értékes olajokat tartalmaz, amelynek esszenciális Omega-6 zsírsavai hozzájárulnak a szőrzet és bunda egészségének megőrzéséhez. Kíméletes elkészítés A REAL NATURE nedves eledel hideg töltési eljárással készül. Ez azt jelenti, hogy az összetevőket hidegen töltik a dobozba, ezután egyszer felmelegítik. Ennek az egyedülálló hőkezelési eljárásnak köszönhetően jelentős mértékben megmarad a feltüntetett összetevők tápanyagtartalma. A természet legfinomabb összetevői A kiváló minőségű teljes értékű táplálék egy, két vagy legfeljebb három különböző állati fehérjeforrást, kiváló minőségű növényi összetevőket, például burgonyát vagy teljes kiőrlésű tésztát és értékes olajokat tartalmaz, amelynek esszenciális Omega-6 zsírsavai hozzájárulnak a szőrzet és bunda egészségének megőrzéséhez. A REAL NATURE teljes értékű eledelt különösen kíméletesen, hideg töltéssel dolgozzák fel, nem tartalmaz állati fehérjelisztet és csontlisztet, és nem tartalmaz mesterséges adalékanyagokat és tartósítószereket. Őszinte nyilatkozat Csak azt tartalmazza, ami fel van tüntetve! A REAL NATURE a természet legjavát nyújtja. Lelkiismeretesen válogattunk ki minden összetevőt, hogy azok megfeleljenek a legmagasabb minőségi követelményeknek. Az előnyök áttekintése: 100%-ban természetes 1 : A legjobb minőségű összetevők adalékanyagok, például cukor, színezék, aromák vagy tartósítószerek nélkül. Megőrzi a természetes tápértékeket állati fehérjeliszt és csontliszt nélkül Teljes értékű eledel felnőtt kutyák számára. Bővebb információk a következő címen kérhetők: webshop@fressnapf.hu 1 a felhasznált alapanyagokban A REAL NATURE speciálisan kutyája igényeihez igazodik, és figyelembe veszi a különleges, életkornak megfelelő táplálkozási igényeket. Analitikai összetevők: 10,8% fehérje, 8,1% zsírtartalom, 1,6% nyershamu, 0,6% nyersrost, 0,29% kalcium, 0,2% foszfor. Összetétel: 39% kacsa (hús, szív) 24,5% ivóvíz, 15% pisztráng, 14% csirke (zúza, máj) 3% burgonya, 2% karalábé, 2% ásványi anyag, 0,5% lazacolaj Adalékanyag/kg: Táplálkozásfiziológiai adalékanyagok: 200 NE D3-vitamin, 0,5 mg jód (kálium-jodid), 3 mg mangán (mangán(II)-szulfát, monohidrát), 15 mg cink (cink-szulfát, monohidrát) Táplálási javaslat: A kutya súlya kg-ban Napi adagolás g-ban 2 kg 120 g 5 kg 250 g 7,5 kg 330 g 10 kg 410 g 15 kg 560 g 20 kg 690 g A megadott adatok irányadó értékek. A tényleges tápanyagigény a fajtától, az életkortól és az aktivitástól függ. Jutalomfalatok hozzáadása esetén ennek megfelelően csökkentse a táp mennyiségét. Felbontás után hűtőszekrényben tárolja. Szobahőmérsékleten tálalja. Hűvös és száraz helyen tárolja Nyomokban tartalmazhat egyéb összetevőket. Tovább olvasok"}
{"breadcrumb": "Főoldal/Kutya/Eledelek/Nedves eledelek/REAL NATURE Classic kutya konzerv adult kacsa&pisztráng 6x800g", "product_name": "REAL NATURE Classic kutya konzerv adult kacsa&pisztráng 6x800gREAL NATURE Classic kutya konzerv adult kacsa&pisztráng 6x800g", "brand": "Real NaturekonzervFelnőttszárnyas601g – 800gnagytestű 26kg-tól", "regular_price": "9 594", "selling_price": "8 994", "price_per_unit": "1 499 Ft", "product_url": "https://webshop.fressnapf.hu/termekek/real-nature-classic-kutya-konzerv-adult-kacsapisztrang-6x800g/", "product_description": "A REAL NATURE ADULT Kacsa Pisztránggal, Csirkével, Burgonyával és Lazacolajjal hidegen töltött teljes értékű eledel kifejlett kutyák számára, 9-25 hónapos kortól 6-8 éves korig (fajtától és termettől függően). TERMÉSZETES ÖSSZETEVŐK Az eledelek receptúrái természetes összetevőket tartalmaznak, kiegészítve táplálkozásélettani szempontból értékes vitaminokkal és ásványi anyagokkal – hozzáadott mesterséges tartósítószerek, színezékek és ízfokozók nélkül. KÍMÉLŐ GYÁRTÁS A természetes tápanyagok megóvása a kímélő gyártási eljárásoknak köszönhető (hidegen sajtolási eljárás/hideg töltés). KIEGYENSÚLYOZOTT ÖSSZETÉTEL Kiváló minőségű állati fehérjéket és értékes szénhidrátokat tartalmaz – a kutya életkorához és termetéhez igazítva. Analitikai összetevők: Fehérje 10,8%, zsírtartalom 8,1%, nyershamu 1,6%, nyersrost 0,6%, kalcium 0,29%, foszfor 0,2%, nedvességtartalom 77% Összetétel: 39% Kacsa (húsból, szívből) 24,5% Ivóvíz 15% Pisztráng 14% Csirke (gyomorból, májból) 3% Burgonya 2% Kohlrabi 2% Ásványi anyagok 0,5% Lazacolaj Adalékanyagok kg-onként: Táplálkozási adalékanyagok: D3-vitamin 200 NE, jód (kálium-jodid) 0,5 mg, mangán (mangán(II)-szulfát, monohidrát) 3 mg, cink (cink-szulfát, monohidrát) 15 mg. Tovább olvasok"}
{"breadcrumb": "Főoldal/Kutya/Eledelek/Nedves eledelek/Real Nature Classic kutya konzerv adult kacsa&spenót 6x200g", "product_name": "Real Nature Classic kutya konzerv adult kacsa&spenót 6x200gReal Nature Classic kutya konzerv adult kacsa&spenót 6x200g", "brand": "Real Nature101g – 200gIdősszárnyaskonzerv", "regular_price": "5 094", "selling_price": "4 794", "price_per_unit": "699 Ft", "product_url": "https://webshop.fressnapf.hu/termekek/real-nature-classic-kutya-konzerv-adult-kacsaspenot-200g/", "product_description": ""}
{"breadcrumb": "Főoldal/Kutya/Eledelek/Nedves eledelek/REAL NATURE Classic kutya konzerv adult kacsa&spenót 6x400g", "product_name": "REAL NATURE Classic kutya konzerv adult kacsa&spenót 6x400gREAL NATURE Classic kutya konzerv adult kacsa&spenót 6x400g", "brand": "201g – 400gReal NatureFelnőttszárnyasgabonamenteskonzervközepes testű 11-25kg", "regular_price": "5 094", "selling_price": "4 794", "price_per_unit": "999 Ft", "product_url": "https://webshop.fressnapf.hu/termekek/6xreal-nature-classic-konzerv-adult-kacsaspenot-400g/", "product_description": ""}
{"breadcrumb": "Főoldal/Kutya/Eledelek/Nedves eledelek/REAL NATURE Classic kutya konzerv adult kacsa&spenót 6x800g", "product_name": "REAL NATURE Classic kutya konzerv adult kacsa&spenót 6x800gREAL NATURE Classic kutya konzerv adult kacsa&spenót 6x800g", "brand": "601g – 800gReal NatureFelnőttszárnyasgabonamenteskonzervnagytestű 26kg-tól", "regular_price": "9 594", "selling_price": "8 994", "price_per_unit": "1 499 Ft", "product_url": "https://webshop.fressnapf.hu/termekek/6xreal-nature-classic-konzerv-adult-kacsaspenot-800g/", "product_description": ""}
{"breadcrumb": "Főoldal/Kutya/Eledelek/Nedves eledelek/Real Nature Classic kutya konzerv adult light csirke&pulyka 6x200g", "product_name": "Real Nature Classic kutya konzerv adult light csirke&pulyka 6x200gReal Nature Classic kutya konzerv adult light csirke&pulyka 6x200g", "brand": "Real Nature101g – 200gFelnőttszárnyaskonzervhízásra hajlamosközepes testű 11-25kg", "regular_price": "8 994", "selling_price": "8 394", "price_per_unit": "699 Ft", "product_url": "https://webshop.fressnapf.hu/termekek/real-nature-classic-kutya-konzerv-adult-light-csirkepulyka-200g/", "product_description": "100%-ban természetes összetevők a legkiválóbb minőségben Kiegyensúlyozott receptúrák értékes olajokkal Csökkentett kalóriatartalom REAL NATURE nedves eledelek REAL NATURE eledel hízásra hajlamos felnőtt kutyák számára. A termékre csökkentett kalóriatartalom, csökkentett zsírtartalom és megnövelt nyersrosttartalom jellemző. Nedves eledel A kiváló minőségű teljes értékű táplálék egy, két vagy legfeljebb három különböző állati fehérjeforrást, kiváló minőségű növényi összetevőket, például burgonyát vagy teljes kiőrlésű tésztát és értékes olajokat tartalmaz, amelynek esszenciális Omega-6 zsírsavai hozzájárulnak a szőrzet és bunda egészségének megőrzéséhez. Kíméletes elkészítés A REAL NATURE nedves eledel hideg töltési eljárással készül. Ez azt jelenti, hogy az összetevőket hidegen töltik a dobozba, ezután egyszer felmelegítik. Ennek az egyedülálló hőkezelési eljárásnak köszönhetően jelentős mértékben megmarad a feltüntetett összetevők tápanyagtartalma. A természet legfinomabb összetevői A kiváló minőségű teljes értékű táplálék egy, két vagy legfeljebb három különböző állati fehérjeforrást, kiváló minőségű növényi összetevőket, például burgonyát vagy teljes kiőrlésű tésztát és értékes olajokat tartalmaz, amelynek esszenciális Omega-6 zsírsavai hozzájárulnak a szőrzet és bunda egészségének megőrzéséhez. Az előnyök áttekintése: 100%-ban természetes 1 : Őszinte nyilatkozat: Csak azt tartalmazza, ami fel van tüntetve! csökkentett kalóriatartalom, csökkentett zsírtartalom és megnövelt nyersrosttartalom különösen kíméletes feldolgozás (hideg töltés) a minőség, az íz és a tápanyagok maximális megőrzése érdekében kiegyensúlyozott receptúra értékes olajjal nem tartalmaz mesterséges adalékanyagot és tartósítószert Teljes értékű eledel kutyák számára. Bővebb információk a következő címen kérhetők: webshop@fressnapf.hu 1 a felhasznált alapanyagokban Ez a kiváló minőségű teljes értékű eledel kifejezetten a túlsúlyos kutyák számára készült. Analitikai összetevők: 8,5% fehérje, 5% zsírtartalom, 2,3% nyershamu, 1,1% nyersrost, 0,23% kalcium, 0,18% foszfor. Összetétel: 55% csirke (szív, hús, máj, zúza, nyak), 26% ivóvíz, 8% pulykaszív, 6% cukkini, 4% búzakorpa, 1% ásványi anyag. Adalékanyag/kg: 200 NE D3-vitamin, 20 mg E-vitamin, 1 mg réz (réz(II)-szulfát, pentahidrát), 0,75 mg jód (kalcium-jodát, vízmentes), 1,4 mg mangán (mangán(II)-szulfát, monohidrát), 25 mg cink (cink-szulfát, monohidrát). Táplálási javaslat: A kutya súlya Súlymegtartás Súlycsökkentés 2 130 100 5 260 195 7,5 335 265 10 440 330 Felbontás után hűvös helyen tárolja. Szobahőmérsékleten tálalja. Tovább olvasok"}
{"breadcrumb": "Főoldal/Kutya/Eledelek/Nedves eledelek/Real Nature Classic kutya konzerv adult light csirke&pulyka 6x400g", "product_name": "Real Nature Classic kutya konzerv adult light csirke&pulyka 6x400gReal Nature Classic kutya konzerv adult light csirke&pulyka 6x400g", "brand": "Real Nature201g – 400gFelnőttszárnyaspástétomkonzervhízásra hajlamos&gabonamentes", "regular_price": "8 994", "selling_price": "8 394", "price_per_unit": "999 Ft", "product_url": "https://webshop.fressnapf.hu/termekek/real-nature-classic-kutya-konzerv-adult-light-csirkepulyka-400g/", "product_description": "Tápanyagkímélő hideg töltés Kiegyensúlyozott receptúrák értékes olajokkal Állati fehérjeliszt és csontliszt nélkül A pulyka, cukkini és búzakorpa hozzáadásával csirkéből készült REAL NATURE Light teljes értékű eledel túlsúlyra hajlamos felnőtt kutyák számára, a fajtától és mérettől függően 9, illetve 25 hónapos kortól. A REAL NATURE a legkiválóbb minőségű, 100%-ban természetes összetevőket 1 biztosítja kutyája számára. LIGHT A REAL NATURE Light receptúráit kifejezetten túlsúlyra hajlamos felnőtt kutyák igényeihez igazítottuk. – Csökkentett kalóriatartalom az ideális testsúly könnyebb elérése érdekében – csökkentett zsírtartalom (4,7% illetve 5%) – Magasabb nyersrosttartalom a bélműködés aktiválása és a telítettségérzés érdekében A természet legfinomabb összetevői A kiváló minőségű teljes értékű táplálék egy, két vagy legfeljebb három különböző állati fehérjeforrást, kiváló minőségű növényi összetevőket, például burgonyát vagy teljes kiőrlésű tésztát és értékes olajokat tartalmaz, amelynek esszenciális Omega-6 zsírsavai hozzájárulnak a szőrzet és bunda egészségének megőrzéséhez. Hideg töltés A REAL NATURE nedves eledel hideg töltési eljárással készül. Ez azt jelenti, hogy az összetevőket hidegen töltik a dobozba, ezután egyszer felmelegítik. Ennek az egyedülálló hőkezelési eljárásnak köszönhetően jelentős mértékben megmarad a feltüntetett összetevők tápanyagtartalma. Az előnyök áttekintése: kifejezetten a túlsúlyra hajlamos felnőtt kutyák igényeihez igazítva tápanyagkímélő hideg töltés 100%-ban természetes 1 – színezékek, aromák és tartósítószerek nélkül állati fehérjeliszt és csontliszt nélkül Őszinte nyilatkozat: „Csak azt tartalmazza, ami fel van tüntetve!” Teljes értékű eledel kutyák számára. Bővebb információk a következő címen kérhetők: webshop@fressnapf.hu 1 a felhasznált alapanyagokban A REAL NATURE LIGHT receptúrát kifejezetten a túlsúlyra hajlamos felnőtt kutyák igényeihez igazítottuk. Analitikai összetevők: 8,5% fehérje, 5% zsírtartalom, 2,3% nyershamu, 1,1% nyersrost, 0,23% kalcium, 0,18% foszfor. Összetétel: 55% csirke (szív, hús, máj, zúza, nyak), 26% ivóvíz, 8% pulykaszív, 6% cukkini, 4% búzakorpa, 1% ásványi anyag. Adalékanyag/kg: 200 NE D3-vitamin, 20 mg E-vitamin, 1 mg réz (réz(II)-szulfát, pentahidrát), 0,75 mg jód (kalcium-jodát, vízmentes), 1,4 mg mangán (mangán(II)-szulfát, monohidrát), 25 mg cink (cink-szulfát, monohidrát). Táplálási javaslat: A kutya súlya Súlymegtartás Súlycsökkentés 2 kg 130 g 100 g 5 kg 260 g 195 g 7,5 kg 335 g 265 g 10 kg 440 g 330 g 15 kg 600 g 450 g 20 kg 740 g 555 g Felbontás után hűvös helyen tárolja. Szobahőmérsékleten tálalja. Tovább olvasok"}
{"breadcrumb": "Főoldal/Kutya/Eledelek/Nedves eledelek/Real Nature Classic kutya konzerv adult marha&burgonya 6x200g", "product_name": "Real Nature Classic kutya konzerv adult marha&burgonya 6x200gReal Nature Classic kutya konzerv adult marha&burgonya 6x200g", "brand": "Real Nature101g – 200gFelnőttmarha&borjúpástétomkonzervgabonamentes", "regular_price": "5 094", "selling_price": "4 794", "price_per_unit": "699 Ft", "product_url": "https://webshop.fressnapf.hu/termekek/real-nature-classic-kutya-konzerv-adult-marhaburgonya-200g/", "product_description": "Természetközeli étrend kutyája számára Megőrzi a természetes tápértékeket Kíméletes feldolgozás hideg töltéssel REAL NATURE nedves eledelek A REAL NATURE teljes értékű eledelt különösen kíméletesen, hideg töltéssel dolgozzák fel, nem tartalmaz állati fehérjelisztet és csontlisztet, és nem tartalmaz mesterséges adalékanyagokat és tartósítószereket. Őszinte nyilatkozat: Csak azt tartalmazza, ami fel van tüntetve! A REAL NATURE a természet legjavát nyújtja. Lelkiismeretesen válogattunk ki minden összetevőt, hogy azok megfeleljenek a legmagasabb minőségi követelményeknek. Az alkalmazott gyártási eljárás során különösen kímélő módon zajlik az elkészítés. Ennek köszönhetően az összetevők megőrzik természetes tápértékük nagy részét, ami természetközeli táplálkozást tesz lehetővé kutyája számára. Minden REAL NATURE terméket kiváló minőségű állati fehérjék, a legjobb szénhidrátok és gondosan válogatott növényi összetevők kombinációja alkot. A valódi természet páratlan ízélménye. Az előnyök áttekintése: 100%-ban természetes összetevők a legkiválóbb minőségben mesterséges tartósítószerek és aromák nélkül, ezért különösen könnyen emészthető Megőrzi a természetes tápértékeket állati fehérjeliszt és csontliszt nélkül Teljes értékű eledel kutyák számára. Bővebb információk a következő címen kérhetők: webshop@fressnapf.hu A REAL NATURE a legkiválóbb minőségű összetevőket tartalmazza, kifejezetten az Ön kutyája igényeire szabva. Analitikai összetevők: 11,5% fehérje, 7,2% zsírtartalom, 1,7% nyershamu, 0,5% nyersrost, 0,2% kalcium, 0,17% foszfor. Összetétel: 68% marha (szív, hús, máj, tüdő, gyomor), 25,5% ivóvíz, 5% burgonya, 1% ásványi anyag, 0,5% feketekömény olaj Adalékanyag/kg: 200 NE D3-vitamin, 20 mg E-vitamin, 0,75 mg jód (kalcium-jodát, vízmentes), 1,4 mg mangán (mangán(II)-szulfát, monohidrát), 25 mg cink (cink-szulfát, monohidrát). Táplálási javaslat: A kutya súlya kg-ban Napi adagolás g-ban 2 kg 120 g 5 kg 250 g 7 kg 330 g 10 kg 410 g Tovább olvasok"}
{"breadcrumb": "Főoldal/Kutya/Eledelek/Nedves eledelek/Real Nature Classic kutya konzerv adult marha&burgonya 6x400g", "product_name": "Real Nature Classic kutya konzerv adult marha&burgonya 6x400gReal Nature Classic kutya konzerv adult marha&burgonya 6x400g", "brand": "Real Nature201g – 400gFelnőttmarha&borjúközepes testű 11-25kgkonzerv", "regular_price": "5 094", "selling_price": "4 794", "price_per_unit": "999 Ft", "product_url": "https://webshop.fressnapf.hu/termekek/real-nature-classic-kutya-konzerv-adult-marhaburgonya-6x400g/", "product_description": "A legkiválóbb minőségű természetes összetevők – a felhasznált alapanyagokban Megőrzi a természetes tápértékeket Optimális táplálkozás kutyája számára Nedves eledel A kiváló minőségű teljes értékű táplálék egy, két vagy legfeljebb három különböző állati fehérjeforrást, kiváló minőségű növényi összetevőket, például burgonyát vagy teljes kiőrlésű tésztát és értékes olajokat tartalmaz, amelynek esszenciális Omega-6 zsírsavai hozzájárulnak a szőrzet és bunda egészségének megőrzéséhez. Kíméletes elkészítés A REAL NATURE nedves eledel hideg töltési eljárással készül. Ez azt jelenti, hogy az összetevőket hidegen töltik a dobozba, ezután egyszer felmelegítik. Ennek az egyedülálló hőkezelési eljárásnak köszönhetően jelentős mértékben megmarad a feltüntetett összetevők tápanyagtartalma. A természet legfinomabb összetevői A kiváló minőségű teljes értékű táplálék egy, két vagy legfeljebb három különböző állati fehérjeforrást, kiváló minőségű növényi összetevőket, például burgonyát vagy teljes kiőrlésű tésztát és értékes olajokat tartalmaz, amelynek esszenciális Omega-6 zsírsavai hozzájárulnak a szőrzet és bunda egészségének megőrzéséhez. A REAL NATURE teljes értékű eledelt különösen kíméletesen, hideg töltéssel dolgozzák fel, nem tartalmaz állati fehérjelisztet és csontlisztet, és nem tartalmaz mesterséges adalékanyagokat és tartósítószereket. Őszinte nyilatkozat Csak azt tartalmazza, ami fel van tüntetve! A REAL NATURE a természet legjavát nyújtja. Lelkiismeretesen válogattunk ki minden összetevőt, hogy azok megfeleljenek a legmagasabb minőségi követelményeknek. Az előnyök áttekintése: 100%-ban természetes 1 : A legjobb minőségű összetevők adalékanyagok, például cukor, színezék, aromák vagy tartósítószerek nélkül. Megőrzi a természetes tápértékeket állati fehérjeliszt és csontliszt nélkül Teljes értékű eledel felnőtt kutyák számára. Bővebb információk a következő címen kérhetők: webshop@fressnapf.hu 1 a felhasznált alapanyagokban A REAL NATURE speciálisan kutyája igényeihez igazodik, és figyelembe veszi a különleges, életkornak megfelelő táplálkozási igényeket. Analitikai összetevők: 11,5% fehérje, 7,2% zsírtartalom, 1,7% nyershamu, 0,5% nyersrost, 0,2% kalcium, 0,17% foszfor. Összetétel: 68% marha (szív, hús, máj, tüdő, gyomor), 25,5% ivóvíz, 5% burgonya, 1% ásványi anyag, 0,5% feketekömény olaj Adalékanyag/kg: 200 NE D3-vitamin, 20 mg E-vitamin, 0,75 mg jód (kalcium-jodát, vízmentes), 1,4 mg mangán (mangán(II)-szulfát, monohidrát), 25 mg cink (cink-szulfát, monohidrát). Táplálási javaslat: A kutya súlya kg-ban Napi adagolás g-ban 2 kg 120 g 5 kg 250 g 7,5 kg 330 g 10 kg 410 g 15 kg 560 g 20 kg 690 g Tovább olvasok"}
{"breadcrumb": "Főoldal/Kutya/Eledelek/Nedves eledelek/REAL NATURE Classic kutya konzerv adult marha&burgonya 6x800g", "product_name": "REAL NATURE Classic kutya konzerv adult marha&burgonya 6x800gREAL NATURE Classic kutya konzerv adult marha&burgonya 6x800g", "brand": "601g – 800gReal NatureFelnőttmarha&borjúgabonamenteskonzervnagytestű 26kg-tól", "regular_price": "9 594", "selling_price": "8 994", "price_per_unit": "1 499 Ft", "product_url": "https://webshop.fressnapf.hu/termekek/6xreal-nature-kutyakonzerv-marha-800g/", "product_description": "Kíméletes elkészítés Állati fehérjeliszt és csontliszt nélkül „Őszinte nyilatkozat” valamennyi összetevőhöz Minden életkornak sajátos tápanyag igényei vannak, különösen a kutyák esetében. A REAL NATURE a természet legjavát nyújtja. Lelkiismeretesen válogattunk ki minden összetevőt, hogy azok megfeleljenek a legmagasabb minőségi követelményeknek. Ez a valódi természet páratlan ízélménye. Az előnyök áttekintése: Fajtánként maximum három állati fehérjeforrás Kiváló minőségű növényi alapanyagok, pl. burgonya vagy teljes kiőrlésű tésztafélék Értékes olajok esszenciális omega-6 zsírsavakkal 100%-ban* természetes összetevők állati fehérjeliszt és csontliszt nélkül „Őszinte nyilatkozat” valamennyi összetevőhöz Másrészt a természetes összetevőket hidegen töltik és csak egyszer melegítik fel, így sok tápanyag megmarad. A természet legfinomabb összetevői. Ezenkívül minden REAL NATURE eledelhez tartozik egy őszinte nyilatkozat: Csak azt tartalmazza, ami fel van tüntetve! * a felhasznált alapanyagokban A REAL NATURE Adult nedves eledelben a kíméletes elkészítésnek köszönhetően különösen sok tápanyag megmarad. Analitikai összetevők: 11,5% fehérje, 7,2% zsírtartalom, 1,7% nyershamu, 0,5% nyersrost, 0,2% kalcium, 0,17% foszfor. Összetétel: 68% marha (szív, hús, máj, tüdő, gyomor), 25,5% ivóvíz, 5% burgonya, 1% ásványi anyag, 0,5% feketekömény olaj Adalékanyag/kg: 200 NE D3-vitamin, 20 mg E-vitamin, 0,75 mg jód (kalcium-jodát, vízmentes), 1,4 mg mangán (mangán(II)-szulfát, monohidrát), 25 mg cink (cink-szulfát, monohidrát). Táplálási javaslat: A kutya súlya kg-ban Napi adagolás g-ban 10 kg 410 g 15 kg 560 g 20 kg 590 g 25 kg 820 g 30 kg 940 g 35 kg 1060 g 40 kg 1170 g 45 kg 1280 g 50 kg 1380 g 60 kg 1580 g 70 kg 1780 g 80 kg 1960 g Tovább olvasok"}
{"breadcrumb": "Főoldal/Kutya/Eledelek/Nedves eledelek/REAL NATURE Classic kutya konzerv adult marha&sonka 6x200g", "product_name": "REAL NATURE Classic kutya konzerv adult marha&sonka 6x200gREAL NATURE Classic kutya konzerv adult marha&sonka 6x200g", "brand": "101g – 200gReal NatureFelnőttmarha&borjúgabonamenteskonzervkistestű 10kg-ig", "regular_price": "8 994", "selling_price": "8 394", "price_per_unit": "699 Ft", "product_url": "https://webshop.fressnapf.hu/termekek/6xreal-nature-marha-olasz-sonkaval-szelesmetelt-kutyakonzerv-200g/", "product_description": "Természetközeli étrend kutyája számára Megőrzi a természetes tápértékeket Kíméletes feldolgozás hideg töltéssel REAL NATURE nedves eledelek A REAL NATURE teljes értékű eledelt különösen kíméletesen, hideg töltéssel dolgozzák fel, nem tartalmaz állati fehérjelisztet és csontlisztet, és nem tartalmaz mesterséges adalékanyagokat és tartósítószereket. Őszinte nyilatkozat: Csak azt tartalmazza, ami fel van tüntetve! A REAL NATURE a természet legjavát nyújtja. Lelkiismeretesen válogattunk ki minden összetevőt, hogy azok megfeleljenek a legmagasabb minőségi követelményeknek. Az alkalmazott gyártási eljárás során különösen kímélő módon zajlik az elkészítés. Ennek köszönhetően az összetevők megőrzik természetes tápértékük nagy részét, ami természetközeli táplálkozást tesz lehetővé kutyája számára. Minden REAL NATURE terméket kiváló minőségű állati fehérjék, a legjobb szénhidrátok és gondosan válogatott növényi összetevők kombinációja alkot. A valódi természet páratlan ízélménye. Az előnyök áttekintése: 100%-ban természetes összetevők a legkiválóbb minőségben mesterséges tartósítószerek és aromák nélkül, ezért különösen könnyen emészthető Megőrzi a természetes tápértékeket állati fehérjeliszt és csontliszt nélkül Teljes értékű eledel kutyák számára. Bővebb információk a következő címen kérhetők: webshop@fressnapf.hu A REAL NATURE a legkiválóbb minőségű összetevőket tartalmazza, kifejezetten az Ön kutyája igényeire szabva. Analitikai összetevők: 11,8% fehérje, 7,4% zsírtartalom, 1,9% nyershamu, 0,4% nyersrost, 0,22% kalcium, 0,19% foszfor. Összetétel: 50% marhahús (szív, hús, máj, tüdő, gyomor), 25,5% ivóvíz, 18% olasz sonka (disznóhúsból), 5% hosszúmetélt, 1% ásványi anyag, 0,5% olívaolaj. Adalékanyag/kg: 200 NE D3-vitamin, 20 mg E-vitamin, 0,75 mg jód (kalcium-jodát, vízmentes), 1,4 mg mangán (mangán(II)-szulfát, monohidrát), 25 mg cink (cink-szulfát, monohidrát). Táplálási javaslat: A kutya súlya kg-ban Napi adagolás g-ban 2 kg 120 g 5 kg 250 g 7 kg 330 g 10 kg 410 g Tovább olvasok"}
{"breadcrumb": "Főoldal/Kutya/Eledelek/Nedves eledelek/REAL NATURE Classic kutya konzerv adult marha&sonka 6x400g", "product_name": "REAL NATURE Classic kutya konzerv adult marha&sonka 6x400gREAL NATURE Classic kutya konzerv adult marha&sonka 6x400g", "brand": "201g – 400gReal NatureFelnőttmarha&borjúgabonamenteskonzervközepes testű 11-25kg", "regular_price": "8 994", "selling_price": "8 394", "price_per_unit": "999 Ft", "product_url": "https://webshop.fressnapf.hu/termekek/6xreal-nature-kutyakonzerv-parmai-sonkas-400g/", "product_description": "A legkiválóbb minőségű természetes összetevők – a felhasznált alapanyagokban Megőrzi a természetes tápértékeket Optimális táplálkozás kutyája számára Nedves eledel A kiváló minőségű teljes értékű táplálék egy, két vagy legfeljebb három különböző állati fehérjeforrást, kiváló minőségű növényi összetevőket, például burgonyát vagy teljes kiőrlésű tésztát és értékes olajokat tartalmaz, amelynek esszenciális Omega-6 zsírsavai hozzájárulnak a szőrzet és bunda egészségének megőrzéséhez. Kíméletes elkészítés A REAL NATURE nedves eledel hideg töltési eljárással készül. Ez azt jelenti, hogy az összetevőket hidegen töltik a dobozba, ezután egyszer felmelegítik. Ennek az egyedülálló hőkezelési eljárásnak köszönhetően jelentős mértékben megmarad a feltüntetett összetevők tápanyagtartalma. A természet legfinomabb összetevői A kiváló minőségű teljes értékű táplálék egy, két vagy legfeljebb három különböző állati fehérjeforrást, kiváló minőségű növényi összetevőket, például burgonyát vagy teljes kiőrlésű tésztát és értékes olajokat tartalmaz, amelynek esszenciális Omega-6 zsírsavai hozzájárulnak a szőrzet és bunda egészségének megőrzéséhez. A REAL NATURE teljes értékű eledelt különösen kíméletesen, hideg töltéssel dolgozzák fel, nem tartalmaz állati fehérjelisztet és csontlisztet, és nem tartalmaz mesterséges adalékanyagokat és tartósítószereket. Őszinte nyilatkozat Csak azt tartalmazza, ami fel van tüntetve! A REAL NATURE a természet legjavát nyújtja. Lelkiismeretesen válogattunk ki minden összetevőt, hogy azok megfeleljenek a legmagasabb minőségi követelményeknek. Az előnyök áttekintése: 100%-ban természetes 1 : A legjobb minőségű összetevők adalékanyagok, például cukor, színezék, aromák vagy tartósítószerek nélkül. Megőrzi a természetes tápértékeket állati fehérjeliszt és csontliszt nélkül Teljes értékű eledel felnőtt kutyák számára. Bővebb információk a következő címen kérhetők: webshop@fressnapf.hu 1 a felhasznált alapanyagokban A REAL NATURE speciálisan kutyája igényeihez igazodik, és figyelembe veszi a különleges, életkornak megfelelő táplálkozási igényeket. Analitikai összetevők: 11,8% fehérje, 7,4% zsírtartalom, 1,9% nyershamu, 0,4% nyersrost, 0,22% kalcium, 0,19% foszfor. Összetétel: 50% marhahús (szív, hús, máj, tüdő, gyomor), 25,5% ivóvíz, 18% olasz sonka (disznóhúsból), 5% hosszúmetélt, 1% ásványi anyag, 0,5% olívaolaj. Adalékanyag/kg: 200 NE D3-vitamin, 20 mg E-vitamin, 0,75 mg jód (kalcium-jodát, vízmentes), 1,4 mg mangán (mangán(II)-szulfát, monohidrát), 25 mg cink (cink-szulfát, monohidrát). Táplálási javaslat: A kutya súlya kg-ban Napi adagolás g-ban 2 kg 120 g 5 kg 250 g 7,5 kg 330 g 10 kg 410 g 15 kg 560 g 20 kg 690 g Tovább olvasok"}
{"breadcrumb": "Főoldal/Kutya/Eledelek/Nedves eledelek/REAL NATURE Classic kutya konzerv adult marha&sonka 6x800g", "product_name": "REAL NATURE Classic kutya konzerv adult marha&sonka 6x800gREAL NATURE Classic kutya konzerv adult marha&sonka 6x800g", "brand": "601g – 800gReal NatureFelnőttmarha&borjúgabonamenteskonzervnagytestű 26kg-tól", "regular_price": "9 594", "selling_price": "8 994", "price_per_unit": "1 499 Ft", "product_url": "https://webshop.fressnapf.hu/termekek/6xreal-nature-kutyakonzerv-parmai-sonkas-800g/", "product_description": "Kíméletes elkészítés Állati fehérjeliszt és csontliszt nélkül „Őszinte nyilatkozat” valamennyi összetevőhöz Minden életkornak sajátos tápanyag igényei vannak, különösen a kutyák esetében. A REAL NATURE a természet legjavát nyújtja. Lelkiismeretesen válogattunk ki minden összetevőt, hogy azok megfeleljenek a legmagasabb minőségi követelményeknek. Ez a valódi természet páratlan ízélménye. Az előnyök áttekintése: Fajtánként maximum három állati fehérjeforrás Kiváló minőségű növényi alapanyagok, pl. burgonya vagy teljes kiőrlésű tésztafélék Értékes olajok esszenciális omega-6 zsírsavakkal 100%-ban* természetes összetevők állati fehérjeliszt és csontliszt nélkül „Őszinte nyilatkozat” valamennyi összetevőhöz Másrészt a természetes összetevőket hidegen töltik és csak egyszer melegítik fel, így sok tápanyag megmarad. A természet legfinomabb összetevői. Ezenkívül minden REAL NATURE eledelhez tartozik egy őszinte nyilatkozat: Csak azt tartalmazza, ami fel van tüntetve! * a felhasznált alapanyagokban A REAL NATURE Adult nedves eledelben a kíméletes elkészítésnek köszönhetően különösen sok tápanyag megmarad. Analitikai összetevők: 11,8% fehérje, 7,4% zsírtartalom, 1,9% nyershamu, 0,4% nyersrost, 0,22% kalcium, 0,19% foszfor. Összetétel: 50% marhahús (szív, hús, máj, tüdő, gyomor), 25,5% ivóvíz, 18% olasz sonka (disznóhúsból), 5% hosszúmetélt, 1% ásványi anyag, 0,5% olívaolaj. Adalékanyag/kg: 200 NE D3-vitamin, 20 mg E-vitamin, 0,75 mg jód (kalcium-jodát, vízmentes), 1,4 mg mangán (mangán(II)-szulfát, monohidrát), 25 mg cink (cink-szulfát, monohidrát). Táplálási javaslat: A kutya súlya kg-ban Napi adagolás g-ban 10 kg 410 g 15 kg 560 g 20 kg 590 g 25 kg 820 g 30 kg 940 g 35 kg 1060 g 40 kg 1170 g 45 kg 1280 g 50 kg 1380 g 60 kg 1580 g 70 kg 1780 g 80 kg 1960 g Tovább olvasok"}
{"breadcrumb": "Főoldal/Kutya/Eledelek/Nedves eledelek/REAL NATURE Classic kutya konzerv adult marha&vaddisznó 6x200g", "product_name": "REAL NATURE Classic kutya konzerv adult marha&vaddisznó 6x200gREAL NATURE Classic kutya konzerv adult marha&vaddisznó 6x200g", "brand": "Real Nature101g – 200gFelnőtt", "regular_price": "5 094", "selling_price": "4 794", "price_per_unit": "699 Ft", "product_url": "https://webshop.fressnapf.hu/termekek/real-nature-classic-kutya-konzerv-adult-marhavaddiszno-200g/", "product_description": "Természetközeli étrend kutyája számára Megőrzi a természetes tápértékeket Kíméletes feldolgozás hideg töltéssel REAL NATURE nedves eledelek A REAL NATURE teljes értékű eledelt különösen kíméletesen, hideg töltéssel dolgozzák fel, nem tartalmaz állati fehérjelisztet és csontlisztet, és nem tartalmaz mesterséges adalékanyagokat és tartósítószereket. Őszinte nyilatkozat: Csak azt tartalmazza, ami fel van tüntetve! A REAL NATURE a természet legjavát nyújtja. Lelkiismeretesen válogattunk ki minden összetevőt, hogy azok megfeleljenek a legmagasabb minőségi követelményeknek. Az alkalmazott gyártási eljárás során különösen kímélő módon zajlik az elkészítés. Ennek köszönhetően az összetevők megőrzik természetes tápértékük nagy részét, ami természetközeli táplálkozást tesz lehetővé kutyája számára. Minden REAL NATURE terméket kiváló minőségű állati fehérjék, a legjobb szénhidrátok és gondosan válogatott növényi összetevők kombinációja alkot. A valódi természet páratlan ízélménye. Az előnyök áttekintése: 100%-ban természetes összetevők a legkiválóbb minőségben mesterséges tartósítószerek és aromák nélkül, ezért különösen könnyen emészthető Megőrzi a természetes tápértékeket állati fehérjeliszt és csontliszt nélkül Teljes értékű eledel kutyák számára. Bővebb információk a következő címen kérhetők: webshop@fressnapf.hu A REAL NATURE a legkiválóbb minőségű összetevőket tartalmazza, kifejezetten az Ön kutyája igényeire szabva. Analitikai összetevők: 11,5% fehérje, 7,5% zsírtartalom, 2,2% nyershamu, 0,5% nyersrost, 0,18% kalcium, 0,15% foszfor. Összetétel: 42% marhahús (szív, máj, hús, tüdő), 26% vaddisznó (szív, hús, máj), 25,5% ivóvíz, 5% rizs (hántolt), 1% ásványi anyag, 0,5% búzamagolaj. Adalékanyag/kg: 200 NE D3-vitamin, 20 mg E-vitamin, 0,75 mg jód (kalcium-jodát, vízmentes), 1,4 mg mangán (mangán(II)-szulfát, monohidrát), 25 mg cink (cink-szulfát, monohidrát). Táplálási javaslat: A kutya súlya kg-ban Napi adagolás g-ban 2 kg 120 g 5 kg 250 g 7,5 kg 330 g 10 kg 410 g Tovább olvasok"}
{"breadcrumb": "Főoldal/Kutya/Eledelek/Nedves eledelek/REAL NATURE Classic kutya konzerv adult marha&vaddisznó 6x400g", "product_name": "REAL NATURE Classic kutya konzerv adult marha&vaddisznó 6x400gREAL NATURE Classic kutya konzerv adult marha&vaddisznó 6x400g", "brand": "201g – 400gReal NatureFelnőttmarha&borjúgabonamenteskonzervközepes testű 11-25kg", "regular_price": "8 994", "selling_price": "8 394", "price_per_unit": "999 Ft", "product_url": "https://webshop.fressnapf.hu/termekek/6xreal-nature-marha-vaddiszno-konzerv-kutyaknak-400g/", "product_description": "A legkiválóbb minőségű természetes összetevők – a felhasznált alapanyagokban Megőrzi a természetes tápértékeket Optimális táplálkozás kutyája számára Nedves eledel A kiváló minőségű teljes értékű táplálék egy, két vagy legfeljebb három különböző állati fehérjeforrást, kiváló minőségű növényi összetevőket, például burgonyát vagy teljes kiőrlésű tésztát és értékes olajokat tartalmaz, amelynek esszenciális Omega-6 zsírsavai hozzájárulnak a szőrzet és bunda egészségének megőrzéséhez. Kíméletes elkészítés A REAL NATURE nedves eledel hideg töltési eljárással készül. Ez azt jelenti, hogy az összetevőket hidegen töltik a dobozba, ezután egyszer felmelegítik. Ennek az egyedülálló hőkezelési eljárásnak köszönhetően jelentős mértékben megmarad a feltüntetett összetevők tápanyagtartalma. A természet legfinomabb összetevői A kiváló minőségű teljes értékű táplálék egy, két vagy legfeljebb három különböző állati fehérjeforrást, kiváló minőségű növényi összetevőket, például burgonyát vagy teljes kiőrlésű tésztát és értékes olajokat tartalmaz, amelynek esszenciális Omega-6 zsírsavai hozzájárulnak a szőrzet és bunda egészségének megőrzéséhez. A REAL NATURE teljes értékű eledelt különösen kíméletesen, hideg töltéssel dolgozzák fel, nem tartalmaz állati fehérjelisztet és csontlisztet, és nem tartalmaz mesterséges adalékanyagokat és tartósítószereket. Őszinte nyilatkozat Csak azt tartalmazza, ami fel van tüntetve! A REAL NATURE a természet legjavát nyújtja. Lelkiismeretesen válogattunk ki minden összetevőt, hogy azok megfeleljenek a legmagasabb minőségi követelményeknek. Az előnyök áttekintése: 100%-ban természetes 1 : A legjobb minőségű összetevők adalékanyagok, például cukor, színezék, aromák vagy tartósítószerek nélkül. Megőrzi a természetes tápértékeket állati fehérjeliszt és csontliszt nélkül Teljes értékű eledel felnőtt kutyák számára. Bővebb információk a következő címen kérhetők: webshop@fressnapf.hu 1 a felhasznált alapanyagokban A REAL NATURE speciálisan kutyája igényeihez igazodik, és figyelembe veszi a különleges, életkornak megfelelő táplálkozási igényeket. Analitikai összetevők: 11,5% fehérje, 7,5% zsírtartalom, 2,2% nyershamu, 0,5% nyersrost, 0,18% kalcium, 0,15% foszfor. Összetétel: 42% marhahús (szív, máj, hús, tüdő), 26% vaddisznó (szív, hús, máj), 25,5% ivóvíz, 5% rizs (hántolt), 1% ásványi anyag, 0,5% búzamagolaj. Adalékanyag/kg: 200 NE D3-vitamin, 20 mg E-vitamin, 0,75 mg jód (kalcium-jodát, vízmentes), 1,4 mg mangán (mangán(II)-szulfát, monohidrát), 25 mg cink (cink-szulfát, monohidrát). Táplálási javaslat: A kutya súlya kg-ban Napi adagolás g-ban 2 kg 120 g 5 kg 250 g 7,5 kg 330 g 10 kg 410 g 15 kg 560 g 20 kg 690 g Tovább olvasok"}
{"breadcrumb": "Főoldal/Kutya/Eledelek/Nedves eledelek/REAL NATURE Classic kutya konzerv adult marha&vaddisznó 6x800g", "product_name": "REAL NATURE Classic kutya konzerv adult marha&vaddisznó 6x800gREAL NATURE Classic kutya konzerv adult marha&vaddisznó 6x800g", "brand": "601g – 800gReal NatureFelnőttmarha&borjúgabonamenteskonzervnagytestű 26kg-tól", "regular_price": "9 594", "selling_price": "8 994", "price_per_unit": "1 499 Ft", "product_url": "https://webshop.fressnapf.hu/termekek/6xreal-nature-marha-es-vaddiszno-kutyakonzerv-800g/", "product_description": "Kíméletes elkészítés Állati fehérjeliszt és csontliszt nélkül „Őszinte nyilatkozat” valamennyi összetevőhöz Minden életkornak sajátos tápanyag igényei vannak, különösen a kutyák esetében. A REAL NATURE a természet legjavát nyújtja. Lelkiismeretesen válogattunk ki minden összetevőt, hogy azok megfeleljenek a legmagasabb minőségi követelményeknek. Ez a valódi természet páratlan ízélménye. Az előnyök áttekintése: Fajtánként maximum három állati fehérjeforrás Kiváló minőségű növényi alapanyagok, pl. burgonya vagy teljes kiőrlésű tésztafélék Értékes olajok esszenciális omega-6 zsírsavakkal 100%-ban* természetes összetevők állati fehérjeliszt és csontliszt nélkül „Őszinte nyilatkozat” valamennyi összetevőhöz Másrészt a természetes összetevőket hidegen töltik és csak egyszer melegítik fel, így sok tápanyag megmarad. A természet legfinomabb összetevői. Ezenkívül minden REAL NATURE eledelhez tartozik egy őszinte nyilatkozat: Csak azt tartalmazza, ami fel van tüntetve! * a felhasznált alapanyagokban A REAL NATURE Adult nedves eledelben a kíméletes elkészítésnek köszönhetően különösen sok tápanyag megmarad. Analitikai összetevők: 11,5% fehérje, 7,5% zsírtartalom, 2,2% nyershamu, 0,5% nyersrost, 0,18% kalcium, 0,15% foszfor. Összetétel: 42% marhahús (szív, máj, hús, tüdő), 26% vaddisznó (szív, hús, máj), 25,5% ivóvíz, 5% rizs (hántolt), 1% ásványi anyag, 0,5% búzamagolaj. Adalékanyag/kg: 200 NE D3-vitamin, 20 mg E-vitamin, 0,75 mg jód (kalcium-jodát, vízmentes), 1,4 mg mangán (mangán(II)-szulfát, monohidrát), 25 mg cink (cink-szulfát, monohidrát). Táplálási javaslat: A kutya súlya kg-ban Napi adagolás g-ban 10 kg 410 g 15 kg 560 g 20 kg 590 g 25 kg 820 g 30 kg 940 g 35 kg 1060 g 40 kg 1170 g 45 kg 1280 g 50 kg 1380 g 60 kg 1580 g 70 kg 1780 g 80 kg 1960 g Tovább olvasok"}
{"breadcrumb": "Főoldal/Kutya/Eledelek/Nedves eledelek/Real Nature Classic kutya konzerv adult pulyka&borjú 6x200g", "product_name": "Real Nature Classic kutya konzerv adult pulyka&borjú 6x200gReal Nature Classic kutya konzerv adult pulyka&borjú 6x200g", "brand": "Real Nature101g – 200gFelnőttvegyespástétomkonzerv", "regular_price": "5 094", "selling_price": "4 794", "price_per_unit": "699 Ft", "product_url": "https://webshop.fressnapf.hu/termekek/real-nature-classic-kutya-konzerv-adult-pulykaborju-200g/", "product_description": "Természetközeli étrend kutyája számára Megőrzi a természetes tápértékeket Kíméletes feldolgozás hideg töltéssel REAL NATURE nedves eledelek A REAL NATURE teljes értékű eledelt különösen kíméletesen, hideg töltéssel dolgozzák fel, nem tartalmaz állati fehérjelisztet és csontlisztet, és nem tartalmaz mesterséges adalékanyagokat és tartósítószereket. Őszinte nyilatkozat: Csak azt tartalmazza, ami fel van tüntetve! A REAL NATURE a természet legjavát nyújtja. Lelkiismeretesen válogattunk ki minden összetevőt, hogy azok megfeleljenek a legmagasabb minőségi követelményeknek. Az alkalmazott gyártási eljárás során különösen kímélő módon zajlik az elkészítés. Ennek köszönhetően az összetevők megőrzik természetes tápértékük nagy részét, ami természetközeli táplálkozást tesz lehetővé kutyája számára. Minden REAL NATURE terméket kiváló minőségű állati fehérjék, a legjobb szénhidrátok és gondosan válogatott növényi összetevők kombinációja alkot. A valódi természet páratlan ízélménye. Az előnyök áttekintése: 100%-ban természetes összetevők a legkiválóbb minőségben mesterséges tartósítószerek és aromák nélkül, ezért különösen könnyen emészthető Megőrzi a természetes tápértékeket állati fehérjeliszt és csontliszt nélkül Teljes értékű eledel kutyák számára. Bővebb információk a következő címen kérhetők: webshop@fressnapf.hu A REAL NATURE a legkiválóbb minőségű összetevőket tartalmazza, kifejezetten az Ön kutyája igényeire szabva. Analitikai összetevők: 10,5% fehérje, 7,5% zsírtartalom, 1,7% nyershamu, 0,3% nyersrost,  0,3% kalcium, 0,2% foszfor Összetétel: 52% pulyka (hús, máj, szív) 24,5% ivóvíz 10% borjúhús 6% csirkezúza 3% rizs 2% mangó 2%  ásványi anyag 0,5% lenmagolaj Adalékanyag/kg: Táplálkozásfiziológiai adalékanyagok: 200 NE D3-vitamin, 0,5 mg jód (kálium-jodid), 3 mg mangán (mangán(II)-szulfát, monohidrát), 15 mg cink (cink-szulfát, monohidrát) Táplálási javaslat: A kutya súlya kg-ban Napi adagolás g-ban 2 kg 120 g 5 kg 250 g 7 kg 330 g 10 kg 410 g A megadott adatok irányadó értékek. A tényleges tápanyagigény a fajtától, az életkortól és az aktivitástól függ. Jutalomfalatok hozzáadása esetén ennek megfelelően csökkentse a táp mennyiségét. Felbontás után hűtőszekrényben tárolja. Szobahőmérsékleten tálalja. Hűvös és száraz helyen tárolja Nyomokban tartalmazhat egyéb összetevőket. Tovább olvasok"}
{"breadcrumb": "Főoldal/Kutya/Eledelek/Nedves eledelek/Real Nature Classic kutya konzerv adult pulyka&borjú 6x400g", "product_name": "Real Nature Classic kutya konzerv adult pulyka&borjú 6x400gReal Nature Classic kutya konzerv adult pulyka&borjú 6x400g", "brand": "Real Nature201g – 400gFelnőttszárnyaspástétomkonzervgabonamentes", "regular_price": "5 094", "selling_price": "4 794", "price_per_unit": "999 Ft", "product_url": "https://webshop.fressnapf.hu/termekek/real-nature-classic-kutya-konzerv-adult-pulykaborju-400g/", "product_description": "A legkiválóbb minőségű természetes összetevők – a felhasznált alapanyagokban Megőrzi a természetes tápértékeket Optimális táplálkozás kutyája számára Nedves eledel A kiváló minőségű teljes értékű táplálék egy, két vagy legfeljebb három különböző állati fehérjeforrást, kiváló minőségű növényi összetevőket, például burgonyát vagy teljes kiőrlésű tésztát és értékes olajokat tartalmaz, amelynek esszenciális Omega-6 zsírsavai hozzájárulnak a szőrzet és bunda egészségének megőrzéséhez. Kíméletes elkészítés A REAL NATURE nedves eledel hideg töltési eljárással készül. Ez azt jelenti, hogy az összetevőket hidegen töltik a dobozba, ezután egyszer felmelegítik. Ennek az egyedülálló hőkezelési eljárásnak köszönhetően jelentős mértékben megmarad a feltüntetett összetevők tápanyagtartalma. A természet legfinomabb összetevői A kiváló minőségű teljes értékű táplálék egy, két vagy legfeljebb három különböző állati fehérjeforrást, kiváló minőségű növényi összetevőket, például burgonyát vagy teljes kiőrlésű tésztát és értékes olajokat tartalmaz, amelynek esszenciális Omega-6 zsírsavai hozzájárulnak a szőrzet és bunda egészségének megőrzéséhez. A REAL NATURE teljes értékű eledelt különösen kíméletesen, hideg töltéssel dolgozzák fel, nem tartalmaz állati fehérjelisztet és csontlisztet, és nem tartalmaz mesterséges adalékanyagokat és tartósítószereket. Őszinte nyilatkozat Csak azt tartalmazza, ami fel van tüntetve! A REAL NATURE a természet legjavát nyújtja. Lelkiismeretesen válogattunk ki minden összetevőt, hogy azok megfeleljenek a legmagasabb minőségi követelményeknek. Az előnyök áttekintése: 100%-ban természetes 1 : A legjobb minőségű összetevők adalékanyagok, például cukor, színezék, aromák vagy tartósítószerek nélkül. Megőrzi a természetes tápértékeket állati fehérjeliszt és csontliszt nélkül Teljes értékű eledel felnőtt kutyák számára. Bővebb információk a következő címen kérhetők: webshop@fressnapf.hu 1 a felhasznált alapanyagokban A REAL NATURE speciálisan kutyája igényeihez igazodik, és figyelembe veszi a különleges, életkornak megfelelő táplálkozási igényeket. Analitikai összetevők: 10,5% fehérje, 7,5% zsírtartalom, 1,7% nyershamu, 0,3% nyersrost, 0,3% kalcium, 0,2% foszfor Összetétel: 52% pulyka (hús, máj, szív) 24,5% ivóvíz 10% borjúhús 6% csirkezúza 3% rizs 2% mangó 2% ásványi anyag 0,5% lenmagolaj Adalékanyag/kg: Táplálkozásfiziológiai adalékanyagok: 200 NE D3-vitamin, 0,5 mg jód (kálium-jodid), 3 mg mangán (mangán(II)-szulfát, monohidrát), 15 mg cink (cink-szulfát, monohidrát) Táplálási javaslat: A kutya súlya kg-ban Napi adagolás g-ban 2 kg 120 g 5 kg 250 g 7,5 kg 330 g 10 kg 410 g 15 kg 560 g 20 kg 690 g A megadott adatok irányadó értékek. A tényleges tápanyagigény a fajtától, az életkortól és az aktivitástól függ. Jutalomfalatok hozzáadása esetén ennek megfelelően csökkentse a táp mennyiségét. Felbontás után hűtőszekrényben tárolja. Szobahőmérsékleten tálalja. Hűvös és száraz helyen tárolja Nyomokban tartalmazhat egyéb összetevőket. Tovább olvasok"}
{"breadcrumb": "Főoldal/Kutya/Eledelek/Nedves eledelek/REAL NATURE Classic kutya konzerv adult pulyka&borjú 6x800g", "product_name": "REAL NATURE Classic kutya konzerv adult pulyka&borjú 6x800gREAL NATURE Classic kutya konzerv adult pulyka&borjú 6x800g", "brand": "Real NaturekonzervFelnőttszárnyas601g – 800gnagytestű 26kg-tól", "regular_price": "9 594", "selling_price": "8 994", "price_per_unit": "1 499 Ft", "product_url": "https://webshop.fressnapf.hu/termekek/real-nature-classic-kutya-konzerv-adult-pulykaborju-6x800g/", "product_description": "A legkiválóbb minőségű természetes összetevők – a felhasznált alapanyagokban Megőrzi a természetes tápértékeket Optimális táplálkozás kutyája számára Nedves eledel A kiváló minőségű teljes értékű táplálék egy, két vagy legfeljebb három különböző állati fehérjeforrást, kiváló minőségű növényi összetevőket, például burgonyát vagy teljes kiőrlésű tésztát és értékes olajokat tartalmaz, amelynek esszenciális Omega-6 zsírsavai hozzájárulnak a szőrzet és bunda egészségének megőrzéséhez. Kíméletes elkészítés A REAL NATURE nedves eledel hideg töltési eljárással készül. Ez azt jelenti, hogy az összetevőket hidegen töltik a dobozba, ezután egyszer felmelegítik. Ennek az egyedülálló hőkezelési eljárásnak köszönhetően jelentős mértékben megmarad a feltüntetett összetevők tápanyagtartalma. A természet legfinomabb összetevői A kiváló minőségű teljes értékű táplálék egy, két vagy legfeljebb három különböző állati fehérjeforrást, kiváló minőségű növényi összetevőket, például burgonyát vagy teljes kiőrlésű tésztát és értékes olajokat tartalmaz, amelynek esszenciális Omega-6 zsírsavai hozzájárulnak a szőrzet és bunda egészségének megőrzéséhez. A REAL NATURE teljes értékű eledelt különösen kíméletesen, hideg töltéssel dolgozzák fel, nem tartalmaz állati fehérjelisztet és csontlisztet, és nem tartalmaz mesterséges adalékanyagokat és tartósítószereket. Őszinte nyilatkozat Csak azt tartalmazza, ami fel van tüntetve! A REAL NATURE a természet legjavát nyújtja. Lelkiismeretesen válogattunk ki minden összetevőt, hogy azok megfeleljenek a legmagasabb minőségi követelményeknek. Az előnyök áttekintése: 100%-ban természetes 1 : A legjobb minőségű összetevők adalékanyagok, például cukor, színezék, aromák vagy tartósítószerek nélkül. Megőrzi a természetes tápértékeket állati fehérjeliszt és csontliszt nélkül Teljes értékű eledel felnőtt kutyák számára. Bővebb információk a következő címen kérhetők: webshop@fressnapf.hu 1 a felhasznált alapanyagokban A REAL NATURE speciálisan kutyája igényeihez igazodik, és figyelembe veszi a különleges, életkornak megfelelő táplálkozási igényeket. Analitikai összetevők: 10,5% fehérje, 7,5% zsírtartalom, 1,7% nyershamu, 0,3% nyersrost, 0,3% kalcium, 0,2% foszfor Összetétel: 52% pulyka (hús, máj, szív) 24,5% ivóvíz 10% borjúhús 6% csirkezúza 3% rizs 2% mangó 2% ásványi anyag 0,5% lenmagolaj Adalékanyag/kg: Táplálkozásfiziológiai adalékanyagok: 200 NE D3-vitamin, 0,5 mg jód (kálium-jodid), 3 mg mangán (mangán(II)-szulfát, monohidrát), 15 mg cink (cink-szulfát, monohidrát) Táplálási javaslat: A kutya súlya kg-ban Napi adagolás g-ban 2 kg 120 g 5 kg 250 g 7,5 kg 330 g 10 kg 410 g 15 kg 560 g 20 kg 690 g A megadott adatok irányadó értékek. A tényleges tápanyagigény a fajtától, az életkortól és az aktivitástól függ. Jutalomfalatok hozzáadása esetén ennek megfelelően csökkentse a táp mennyiségét. Felbontás után hűtőszekrényben tárolja. Szobahőmérsékleten tálalja. Hűvös és száraz helyen tárolja Nyomokban tartalmazhat egyéb összetevőket. Tovább olvasok"}
{"breadcrumb": "Főoldal/Kutya/Eledelek/Nedves eledelek/Real Nature Classic kutya konzerv adult vad&szárnyas 6x200g", "product_name": "Real Nature Classic kutya konzerv adult vad&szárnyas 6x200gReal Nature Classic kutya konzerv adult vad&szárnyas 6x200g", "brand": "Real Nature101g – 200gFelnőttvegyespástétomkonzerv", "regular_price": "5 094", "selling_price": "4 794", "price_per_unit": "699 Ft", "product_url": "https://webshop.fressnapf.hu/termekek/real-nature-classic-kutya-konzerv-adult-vadszarnyas-200g/", "product_description": "A REAL NATURE ADULT Szarvas és Csirke Pulykával, Teljes kiőrlésű tésztával és Lenolajjal hidegen töltött teljes értékű eledel kifejlett kutyák számára, 9-25 hónapos kortól  6-8 éves korig (fajtától és termettől függően). TERMÉSZETES ÖSSZETEVŐK Az eledelek receptúrái természetes összetevőket tartalmaznak, kiegészítve táplálkozásélettani szempontból értékes vitaminokkal és ásványi anyagokkal – hozzáadott mesterséges tartósítószerek, színezékek és ízfokozók nélkül. KÍMÉLŐ GYÁRTÁS A természetes tápanyagok megóvása a kímélő gyártási eljárásoknak köszönhető (hidegen sajtolási eljárás/hideg töltés). KIEGYENSÚLYOZOTT ÖSSZETÉTEL Kiváló minőségű állati fehérjéket és értékes szénhidrátokat tartalmaz – a kutya életkorához és termetéhez igazítva. Összetétel: 34% szarvas (húsból, májból), 26% csirke (szívből, húsból, májból, gyomorból, nyakból), 25,5% ivóvíz, 8% pulykaszív, 5% teljes kiőrlésű tészta, 1% ásványi anyag, 0,5% lenmagolaj. Analitikai összetevők: Fehérje 12%, zsírtartalom 6%, nyershamu 1,5%, nyersrost 0,4%, kalcium 0,2%, foszfor 0,15%, nedvességtartalom 74% Adalékanyagok kg-onként: D3-vitamin 200 NE, E-vitamin 20 mg, réz (réz(II)-szulfát, pentahidrát) 1,5 mg, jód (kalcium-jodát, vízmentes) 0,75 mg, mangán (mangán(II)-szulfát, monohidrát) 1,4 mg, cink (cink-szulfát, monohidrát) 25 mg Tovább olvasok"}
{"breadcrumb": "Főoldal/Kutya/Eledelek/Nedves eledelek/REAL NATURE Classic kutya konzerv adult vad&szárnyas 6x400g", "product_name": "REAL NATURE Classic kutya konzerv adult vad&szárnyas 6x400gREAL NATURE Classic kutya konzerv adult vad&szárnyas 6x400g", "brand": "201g – 400gReal NatureFelnőttvadgabonamenteskonzervközepes testű 11-25kg", "regular_price": "5 094", "selling_price": "4 794", "price_per_unit": "999 Ft", "product_url": "https://webshop.fressnapf.hu/termekek/6xreal-nature-kutyakonzerv-vadszarnyas-400g/", "product_description": "A legkiválóbb minőségű természetes összetevők – a felhasznált alapanyagokban Megőrzi a természetes tápértékeket Optimális táplálkozás kutyája számára Nedves eledel A kiváló minőségű teljes értékű táplálék egy, két vagy legfeljebb három különböző állati fehérjeforrást, kiváló minőségű növényi összetevőket, például burgonyát vagy teljes kiőrlésű tésztát és értékes olajokat tartalmaz, amelynek esszenciális Omega-6 zsírsavai hozzájárulnak a szőrzet és bunda egészségének megőrzéséhez. Kíméletes elkészítés A REAL NATURE nedves eledel hideg töltési eljárással készül. Ez azt jelenti, hogy az összetevőket hidegen töltik a dobozba, ezután egyszer felmelegítik. Ennek az egyedülálló hőkezelési eljárásnak köszönhetően jelentős mértékben megmarad a feltüntetett összetevők tápanyagtartalma. A természet legfinomabb összetevői A kiváló minőségű teljes értékű táplálék egy, két vagy legfeljebb három különböző állati fehérjeforrást, kiváló minőségű növényi összetevőket, például burgonyát vagy teljes kiőrlésű tésztát és értékes olajokat tartalmaz, amelynek esszenciális Omega-6 zsírsavai hozzájárulnak a szőrzet és bunda egészségének megőrzéséhez. A REAL NATURE teljes értékű eledelt különösen kíméletesen, hideg töltéssel dolgozzák fel, nem tartalmaz állati fehérjelisztet és csontlisztet, és nem tartalmaz mesterséges adalékanyagokat és tartósítószereket. Őszinte nyilatkozat Csak azt tartalmazza, ami fel van tüntetve! A REAL NATURE a természet legjavát nyújtja. Lelkiismeretesen válogattunk ki minden összetevőt, hogy azok megfeleljenek a legmagasabb minőségi követelményeknek. Az előnyök áttekintése: 100%-ban természetes 1 : A legjobb minőségű összetevők adalékanyagok, például cukor, színezék, aromák vagy tartósítószerek nélkül. Megőrzi a természetes tápértékeket állati fehérjeliszt és csontliszt nélkül Teljes értékű eledel felnőtt kutyák számára. Bővebb információk a következő címen kérhetők: webshop@fressnapf.hu 1 a felhasznált alapanyagokban A REAL NATURE speciálisan kutyája igényeihez igazodik, és figyelembe veszi a különleges, életkornak megfelelő táplálkozási igényeket. Analitikai összetevők: 12% fehérje, 6% zsírtartalom, 1,5% nyershamu, 0,4% nyersrost, 0,2% kalcium, 0,15% foszfor. Összetétel: 34% szarvas (hús, máj), 26% csirke (szív, hús, máj, zúza, nyak), 25,5% ivóvíz, 8% pulykaszív, 5% teljes kiőrlésű tészta, 1% ásványi anyag, 0,5% lenmagolaj. Adalékanyag/kg: 200 NE D3-vitamin, 20 mg E-vitamin, 1,5 mg réz (réz(II)-szulfát, pentahidrát), 0,75 mg jód (kalcium-jodát, vízmentes), 1,4 mg mangán (mangán(II)-szulfát, monohidrát), 25 mg cink (cink-szulfát, monohidrát). Táplálási javaslat: A kutya súlya kg-ban Napi adagolás g-ban 2 kg 120 g 5 kg 250 g 7,5 kg 330 g 10 kg 410 g 15 kg 560 g 20 kg 690 g Tovább olvasok"}
{"breadcrumb": "Főoldal/Kutya/Eledelek/Nedves eledelek/REAL NATURE Classic kutya konzerv adult vad&szárnyas 6x800g", "product_name": "REAL NATURE Classic kutya konzerv adult vad&szárnyas 6x800gREAL NATURE Classic kutya konzerv adult vad&szárnyas 6x800g", "brand": "601g – 800gReal NatureFelnőttvadgabonamenteskonzervnagytestű 26kg-tól", "regular_price": "9 594", "selling_price": "8 994", "price_per_unit": "1 499 Ft", "product_url": "https://webshop.fressnapf.hu/termekek/6xreal-nature-kutyakonzerv-vadszarnyas-800g/", "product_description": "Kíméletes elkészítés Állati fehérjeliszt és csontliszt nélkül „Őszinte nyilatkozat” valamennyi összetevőhöz Minden életkornak sajátos tápanyag igényei vannak, különösen a kutyák esetében. A REAL NATURE a természet legjavát nyújtja. Lelkiismeretesen válogattunk ki minden összetevőt, hogy azok megfeleljenek a legmagasabb minőségi követelményeknek. Ez a valódi természet páratlan ízélménye. Az előnyök áttekintése: Fajtánként maximum három állati fehérjeforrás Kiváló minőségű növényi alapanyagok, pl. burgonya vagy teljes kiőrlésű tésztafélék Értékes olajok esszenciális omega-6 zsírsavakkal 100%-ban* természetes összetevők állati fehérjeliszt és csontliszt nélkül „Őszinte nyilatkozat” valamennyi összetevőhöz Másrészt a természetes összetevőket hidegen töltik és csak egyszer melegítik fel, így sok tápanyag megmarad. A természet legfinomabb összetevői. Ezenkívül minden REAL NATURE eledelhez tartozik egy őszinte nyilatkozat: Csak azt tartalmazza, ami fel van tüntetve! * a felhasznált alapanyagokban A REAL NATURE Adult nedves eledelben a kíméletes elkészítésnek köszönhetően különösen sok tápanyag megmarad. Analitikai összetevők: 12% fehérje, 6% zsírtartalom, 1,5% nyershamu, 0,4% nyersrost, 0,2% kalcium, 0,15% foszfor. Összetétel: 34% szarvas (hús, máj), 26% csirke (szív, hús, máj, zúza, nyak), 25,5% ivóvíz, 8% pulykaszív, 5% teljes kiőrlésű tészta, 1% ásványi anyag, 0,5% lenmagolaj. Adalékanyag/kg: 200 NE D3-vitamin, 20 mg E-vitamin, 1,5 mg réz (réz(II)-szulfát, pentahidrát), 0,75 mg jód (kalcium-jodát, vízmentes), 1,4 mg mangán (mangán(II)-szulfát, monohidrát), 25 mg cink (cink-szulfát, monohidrát). Táplálási javaslat: A kutya súlya kg-ban Napi adagolás g-ban 10 kg 410 g 15 kg 560 g 20 kg 590 g 25 kg 820 g 30 kg 940 g 35 kg 1060 g 40 kg 1170 g 45 kg 1280 g 50 kg 1380 g 60 kg 1580 g 70 kg 1780 g 80 kg 1960 g Tovább olvasok"}
{"breadcrumb": "Főoldal/Kutya/Eledelek/Nedves eledelek/Real Nature Classic kutya konzerv junior borjú&baromfi 6x200g", "product_name": "Real Nature Classic kutya konzerv junior borjú&baromfi 6x200gReal Nature Classic kutya konzerv junior borjú&baromfi 6x200g", "brand": "Real Nature101g – 200gKölyökvegyespástétomkonzerv", "regular_price": "5 094", "selling_price": "4 794", "price_per_unit": "699 Ft", "product_url": "https://webshop.fressnapf.hu/termekek/real-nature-classic-kutya-konzerv-junior-borjubaromfi-200g/", "product_description": "A REAL NATURE JUNIOR Borjú és Csirke Kacsával, Burgonyával és Kenderolajjal hidegen töltött teljes értékű eledel, amely speciálisan a kölykök és a fiatal kutyák számára készült, elválasztástól kb. 8-24 hónapos korig (fajtától és termettől függően). SAJÁTOSSÁGOK A fejlődő szervezet igényeihez alakított kalcium- és foszforellátás, a csontok és fogak növekedésének támogatására. Megnövelt vitamintartalom, az ellenállóképesség növelése érdekében. A kissé megnövelt zsírtartalom (7%) értékes energiaforrás, a nagyobb szükséglet kielégítésére. TERMÉSZETES ÖSSZETEVŐK Az eledelek receptúrái természetes összetevőket tartalmaznak, kiegészítve táplálkozásélettani szempontból értékes vitaminokkal és ásványi anyagokkal – hozzáadott mesterséges tartósítószerek, színezékek és ízfokozók nélkül. KÍMÉLŐ GYÁRTÁS A természetes tápanyagok megóvása a kímélő gyártási eljárásoknak köszönhető (hidegen sajtolási eljárás/hideg töltés). KIEGYENSÚLYOZOTT ÖSSZETÉTEL Kiváló minőségű állati fehérjéket és értékes szénhidrátokat tartalmaz – a kutya életkorához és termetéhez igazítva. Összetétel: 32% borjú (szív, tüdő, pacal), 28% csirke (szív, hús, máj, zúza, nyak), 25,5% ivóvíz, 5% burgonya, 8% kacsaszív, 1% ásványi anyagok, 0,5% kenderolaj. Nyomokban egyéb összetevőket is tartalmazhat. Analitikai összetevők: Fehérje 12,5%, zsírtartalom 7%, nyershamu 1,8%, nyersrost 0,5%, kalcium 0,31%, foszfor 0,26%, nedvességtartalom 74,5%. Adalékanyagok kg-onként: D3-vitamin 200 NE, E-vitamin 20 mg, jód (kalcium-jodát, vízmentes) 0,75 mg, mangán (mangán(II)-szulfát, monohidrát) 1,4 mg, cink (cink-szulfát, monohidrát) 25 mg. Tovább olvasok"}
{"breadcrumb": "Főoldal/Kutya/Eledelek/Nedves eledelek/REAL NATURE Classic kutya konzerv junior borjú&baromfi 6x400g", "product_name": "REAL NATURE Classic kutya konzerv junior borjú&baromfi 6x400gREAL NATURE Classic kutya konzerv junior borjú&baromfi 6x400g", "brand": "201g – 400gReal NatureKölyökmarha&borjúgabonamenteskonzervközepes testű 11-25kg", "regular_price": "8 994", "selling_price": "8 394", "price_per_unit": "999 Ft", "product_url": "https://webshop.fressnapf.hu/termekek/real-nature-classic-kutya-konzerv-junior-borjubaromfi-6x400g/", "product_description": "Tápanyagkímélő hideg töltés Színezékek, aromák és tartósítószerek nélkül Állati fehérjeliszt és csontliszt nélkül A kiváló minőségű teljes értékű táplálék egy, két vagy legfeljebb három különböző állati fehérjeforrást, kiváló minőségű növényi összetevőket, például burgonyát vagy teljes kiőrlésű tésztát és értékes olajokat tartalmaz, amelynek esszenciális Omega-6 zsírsavai hozzájárulnak a szőrzet és bunda egészségének megőrzéséhez. Különleges jellemzők: A kalcium és a foszfor megfelelő aránya, a megnövelt vitamintartalom és a megfelelő nyerszsírtartalom hozzájárul az egészséges fejlődéshez. A REAL NATURE kölyökkutyák és fiatal kutyák, továbbá vemhes és szoptató kutyák számára kialakított eledel. Kíméletes elkészítés A REAL NATURE nedves eledel hideg töltési eljárással készül. Ez azt jelenti, hogy az összetevőket hidegen töltik a dobozba, ezután egyszer felmelegítik. Ennek az egyedülálló hőkezelési eljárásnak köszönhetően jelentős mértékben megmarad a feltüntetett összetevők tápanyagtartalma. A természet legfinomabb összetevői A kiváló minőségű teljes értékű táplálék egy, két vagy legfeljebb három különböző állati fehérjeforrást, kiváló minőségű növényi összetevőket, például burgonyát vagy teljes kiőrlésű tésztát és értékes olajokat tartalmaz, amelynek esszenciális Omega-6 zsírsavai hozzájárulnak a szőrzet és bunda egészségének megőrzéséhez. Az előnyök áttekintése: 100%-ban természetes 1 : mesterséges tartósítószerek és aromák nélkül, ezért különösen könnyen emészthető állati fehérjeliszt és csontliszt nélkül Őszinte nyilatkozat: „Csak azt tartalmazza, ami fel van tüntetve!” 1 a felhasznált alapanyagokban A REAL NATURE Junior a legkiválóbb minőségű összetevőket tartalmazza, kifejezetten az Ön kutyájának igényeire szabva. Analitikai összetevők: 12,5% fehérje, 7% zsírtartalom, 1,8% nyershamu, 0,5% nyersrost, 0,31% kalcium, 0,26% foszfor. Összetétel: 32% borjú (szív, tüdő, gyomor), 28% csirke (szív, hús, máj, zúza, nyak), 25,5% ivóvíz, 8% kacsaszív, 5% burgonya, 1% ásványi anyag, 0,5% kenderolaj. Adalékanyag/kg: 200 NE D3-vitamin, 20 mg E-vitamin, 0,75 mg jód (kalcium-jodát, vízmentes), 1,4 mg mangán (mangán(II)-szulfát, monohidrát), 25 mg cink (cink-szulfát, monohidrát). Táplálási javaslat: Végleges súly A kutya életkora  hónapokban 2 3-5 6-8 9-10 11-12 2 kg 160 g 175-190 g 190 g 185 g Adult 5 kg 320 g 355-380 g 380 g 365 g Adult 7 kg 385 g 440-490 g 490 g 470 g Adult 10 kg 485 g 565-635 g 640 g 615 g Adult 15 kg 635 g 755-860 g 870 g 860 g 830 g 20 kg 765 g 935-1065 g 1080 g 1070 g 1030 g A megadott adatok irányadó értékek. A tényleges táplálékszükséglet kutyája életkorától, méretétől és aktivitásától függ. Felbontás után hűvös helyen tárolja. Szobahőmérsékleten tálalja. Mindig gondoskodjon kutyája számára friss ivóvízről. Ügyeljen arra, hogy jutalomfalatok hozzáadása esetén csökkentse a megadott tápmennyiséget. Tovább olvasok"}
{"breadcrumb": "Főoldal/Kutya/Eledelek/Nedves eledelek/REAL NATURE Classic kutya konzerv junior borjú&baromfi 6x800g", "product_name": "REAL NATURE Classic kutya konzerv junior borjú&baromfi 6x800gREAL NATURE Classic kutya konzerv junior borjú&baromfi 6x800g", "brand": "601g – 800gReal NatureKölyökmarha&borjúgabonamenteskonzervnagytestű 26kg-tól", "regular_price": "9 594", "selling_price": "8 994", "price_per_unit": "1 499 Ft", "product_url": "https://webshop.fressnapf.hu/termekek/real-nature-classic-kutya-konzerv-junior-borjubaromfi-6x800g/", "product_description": "Állati fehérjeliszt és csontliszt nélkül Megőrzi a természetes tápértékeket Optimális táplálkozás kutyája számára A kiváló minőségű teljes értékű táplálék egy, két vagy legfeljebb három különböző állati fehérjeforrást, kiváló minőségű növényi összetevőket, például burgonyát vagy teljes kiőrlésű tésztát és értékes olajokat tartalmaz, amelynek esszenciális Omega-6 zsírsavai hozzájárulnak a szőrzet és bunda egészségének megőrzéséhez. Különleges jellemzők: A kalcium és a foszfor megfelelő aránya, a megnövelt vitamintartalom és a megfelelő nyerszsírtartalom hozzájárul az egészséges fejlődéshez. A REAL NATURE kölyökkutyák és fiatal kutyák, továbbá vemhes és szoptató kutyák számára kialakított eledel. Kíméletes elkészítés A REAL NATURE nedves eledel hideg töltési eljárással készül. Ez azt jelenti, hogy az összetevőket hidegen töltik a dobozba, ezután egyszer felmelegítik. Ennek az egyedülálló hőkezelési eljárásnak köszönhetően jelentős mértékben megmarad a feltüntetett összetevők tápanyagtartalma. A természet legfinomabb összetevői A kiváló minőségű teljes értékű táplálék egy, két vagy legfeljebb három különböző állati fehérjeforrást, kiváló minőségű növényi összetevőket, például burgonyát vagy teljes kiőrlésű tésztát és értékes olajokat tartalmaz, amelynek esszenciális Omega-6 zsírsavai hozzájárulnak a szőrzet és bunda egészségének megőrzéséhez. Az előnyök áttekintése: 100%-ban természetes 1 : mesterséges tartósítószerek és aromák nélkül, ezért különösen könnyen emészthető állati fehérjeliszt és csontliszt nélkül Őszinte nyilatkozat: „Csak azt tartalmazza, ami fel van tüntetve!” 1 a felhasznált alapanyagokban A REAL NATURE Junior a legkiválóbb minőségű összetevőket tartalmazza, kifejezetten az Ön kutyájának igényeire szabva. Analitikai összetevők: 12,5% fehérje, 7% zsírtartalom, 1,8% nyershamu, 0,5% nyersrost, 0,31% kalcium, 0,26% foszfor. Összetétel: 32% borjú (szív, tüdő, gyomor), 28% csirke (szív, hús, máj, zúza, nyak), 25,5% ivóvíz, 8% kacsaszív, 5% burgonya, 1% ásványi anyag, 0,5% kenderolaj. Adalékanyag/kg: 200 NE D3-vitamin, 20 mg E-vitamin, 0,75 mg jód (kalcium-jodát, vízmentes), 1,4 mg mangán (mangán(II)-szulfát, monohidrát), 25 mg cink (cink-szulfát, monohidrát). Táplálási javaslat: Végleges súly A kutya életkora  hónapokban 2 3-5 6-7 8-12 13-18 19-24 10 kg 485 g 565-635 g 640 g 635-605 g Adult Adult 15 kg 635 g 755-860 g 870 g 875-820 g Adult Adult 20 kg 765 g 935-1065 g 1080 g 1085-1020 g Adult Adult 25 kg 895 g 1110-1260 g 1280 g 1280-1205 g Adult Adult 30 kg 950 g 1175-1410 g 1440 g 1465 g 1430 g Adult 35 kg 1000 g 1285-1580 g 1615 g 1645 g 1600 g Adult 40 kg 1045 g 1400-1750 g 1785 g 1820 g 1770 g Adult 45 kg 1090 g 1510-1910 g 1945 g 1985 g 1980 g 1920 g 50 kg 1120 g 1610-2070 g 2100 g 2145 g 2145 g 2080 g 60 kg 1200 g 1800-2370 g 2410 g 2460 g 2460 g 2385 g 70 kg 1275 g 2005-2660 g 2705 g 2760 g 2760 g 2675 g A megadott adatok irányadó értékek. A tényleges táplálékszükséglet kutyája életkorától, méretétől és aktivitásától függ. Felbontás után hűvös helyen tárolja. Szobahőmérsékleten tálalja. Mindig gondoskodjon kutyája számára friss ivóvízről. Ügyeljen arra, hogy jutalomfalatok hozzáadása esetén csökkentse a megadott tápmennyiséget. Tovább olvasok"}
{"breadcrumb": "Főoldal/Kutya/Eledelek/Nedves eledelek/REAL NATURE Classic kutya konzerv junior vadnyúl&pulyka 6x200g", "product_name": "REAL NATURE Classic kutya konzerv junior vadnyúl&pulyka 6x200gREAL NATURE Classic kutya konzerv junior vadnyúl&pulyka 6x200g", "brand": "Real Nature101g – 200gKölyöknyúlpástétomkonzervkistestű 10kg-ig", "regular_price": "8 994", "selling_price": "8 394", "price_per_unit": "699 Ft", "product_url": "https://webshop.fressnapf.hu/termekek/real-nature-classic-kutya-konzerv-junior-vadnyulpulyka-200g/", "product_description": "A legkiválóbb minőségű természetes összetevők Megőrzi a természetes tápértékeket Kiegyensúlyozott receptúra értékes olajjal A kiváló minőségű teljes értékű táplálék egy, két vagy legfeljebb három különböző állati fehérjeforrást, kiváló minőségű növényi összetevőket, például burgonyát vagy teljes kiőrlésű tésztát és értékes olajokat tartalmaz, amelynek esszenciális Omega-6 zsírsavai hozzájárulnak a szőrzet és bunda egészségének megőrzéséhez. Különleges jellemzők: A kalcium és a foszfor megfelelő aránya, a megnövelt vitamintartalom és a megfelelő nyerszsírtartalom hozzájárul az egészséges fejlődéshez. A REAL NATURE kölyökkutyák és fiatal kutyák, továbbá vemhes és szoptató kutyák számára kialakított eledel. Kíméletes elkészítés A REAL NATURE nedves eledel hideg töltési eljárással készül. Ez azt jelenti, hogy az összetevőket hidegen töltik a dobozba, ezután egyszer felmelegítik. Ennek az egyedülálló hőkezelési eljárásnak köszönhetően jelentős mértékben megmarad a feltüntetett összetevők tápanyagtartalma. A természet legfinomabb összetevői A kiváló minőségű teljes értékű táplálék egy, két vagy legfeljebb három különböző állati fehérjeforrást, kiváló minőségű növényi összetevőket, például burgonyát vagy teljes kiőrlésű tésztát és értékes olajokat tartalmaz, amelynek esszenciális Omega-6 zsírsavai hozzájárulnak a szőrzet és bunda egészségének megőrzéséhez. Az előnyök áttekintése: 100%-ban természetes 1 : mesterséges tartósítószerek és aromák nélkül, ezért különösen könnyen emészthető állati fehérjeliszt és csontliszt nélkül Őszinte nyilatkozat: „Csak azt tartalmazza, ami fel van tüntetve!” 1 a felhasznált alapanyagokban A REAL NATURE Junior a legkiválóbb minőségű összetevőket tartalmazza, kifejezetten az Ön kutyájának igényeire szabva. Analitikai összetevők: 12,1% fehérje, 7% zsírtartalom, 1,9% nyershamu, 0,5% nyersrost, 0,32% kalcium, 0,25% foszfor. Összetétel: 34% nyúl (szív, máj), 34% pulyka (szív, hús, máj, nyak), 25,5% ivóvíz, 5% teljes kiőrlésű tészta, 1% ásványi anyag, 0,5% ligetszépe olaj. Adalékanyag/kg: 200 NE D3-vitamin, 20 mg E-vitamin, 1,5 mg réz (réz(II)-szulfát, pentahidrát), 0,75 mg jód (kalcium-jodát, vízmentes), 1,4 mg mangán (mangán(II)-szulfát, monohidrát), 25 mg cink (cink-szulfát, monohidrát). Táplálási javaslat: Végleges súly A kutya életkora  hónapokban 2 3-5 6-8 9-10 11-12 2 kg 160 g 175-190 g 190 g 185 g Adult 5 kg 320 g 355-380 g 380 g 365 g Adult 7 kg 385 g 440-490 g 490 g 470 g Adult 10 kg 485 g 565-635 g 640 g 615 g Adult A megadott adatok irányadó értékek. A tényleges táplálékszükséglet kutyája életkorától, méretétől és aktivitásától függ. Felbontás után hűvös helyen tárolja. Szobahőmérsékleten tálalja. Mindig gondoskodjon kutyája számára friss ivóvízről. Ügyeljen arra, hogy jutalomfalatok hozzáadása esetén csökkentse a megadott tápmennyiséget. Tovább olvasok"}
{"breadcrumb": "Főoldal/Kutya/Eledelek/Nedves eledelek/REAL NATURE Classic kutya konzerv junior vadnyúl&pulyka 6x400g", "product_name": "REAL NATURE Classic kutya konzerv junior vadnyúl&pulyka 6x400gREAL NATURE Classic kutya konzerv junior vadnyúl&pulyka 6x400g", "brand": "201g – 400gReal NatureKölyökvadgabonamenteskonzervközepes testű 11-25kg", "regular_price": "8 994", "selling_price": "8 394", "price_per_unit": "999 Ft", "product_url": "https://webshop.fressnapf.hu/termekek/6xreal-nature-junior-vadnyulhusos-kutyakonzerv-400g/", "product_description": "Tápanyagkímélő hideg töltés Színezékek, aromák és tartósítószerek nélkül Állati fehérjeliszt és csontliszt nélkül A kiváló minőségű teljes értékű táplálék egy, két vagy legfeljebb három különböző állati fehérjeforrást, kiváló minőségű növényi összetevőket, például burgonyát vagy teljes kiőrlésű tésztát és értékes olajokat tartalmaz, amelynek esszenciális Omega-6 zsírsavai hozzájárulnak a szőrzet és bunda egészségének megőrzéséhez. Különleges jellemzők: A kalcium és a foszfor megfelelő aránya, a megnövelt vitamintartalom és a megfelelő nyerszsírtartalom hozzájárul az egészséges fejlődéshez. A REAL NATURE kölyökkutyák és fiatal kutyák, továbbá vemhes és szoptató kutyák számára kialakított eledel. Kíméletes elkészítés A REAL NATURE nedves eledel hideg töltési eljárással készül. Ez azt jelenti, hogy az összetevőket hidegen töltik a dobozba, ezután egyszer felmelegítik. Ennek az egyedülálló hőkezelési eljárásnak köszönhetően jelentős mértékben megmarad a feltüntetett összetevők tápanyagtartalma. A természet legfinomabb összetevői A kiváló minőségű teljes értékű táplálék egy, két vagy legfeljebb három különböző állati fehérjeforrást, kiváló minőségű növényi összetevőket, például burgonyát vagy teljes kiőrlésű tésztát és értékes olajokat tartalmaz, amelynek esszenciális Omega-6 zsírsavai hozzájárulnak a szőrzet és bunda egészségének megőrzéséhez. Az előnyök áttekintése: 100%-ban természetes 1 : mesterséges tartósítószerek és aromák nélkül, ezért különösen könnyen emészthető állati fehérjeliszt és csontliszt nélkül Őszinte nyilatkozat: „Csak azt tartalmazza, ami fel van tüntetve!” 1 a felhasznált alapanyagokban A REAL NATURE Junior a legkiválóbb minőségű összetevőket tartalmazza, kifejezetten az Ön kutyájának igényeire szabva. Analitikai összetevők: 12,1% fehérje, 7% zsírtartalom, 1,9% nyershamu, 0,5% nyersrost, 0,32% kalcium, 0,25% foszfor. Összetétel: 34% nyúl (szív, máj), 34% pulyka (szív, hús, máj, nyak), 25,5% ivóvíz, 5% teljes kiőrlésű tészta, 1% ásványi anyag, 0,5% ligetszépe olaj. Adalékanyag/kg: 200 NE D3-vitamin, 20 mg E-vitamin, 1,5 mg réz (réz(II)-szulfát, pentahidrát), 0,75 mg jód (kalcium-jodát, vízmentes), 1,4 mg mangán (mangán(II)-szulfát, monohidrát), 25 mg cink (cink-szulfát, monohidrát). Táplálási javaslat: Végleges súly A kutya életkora  hónapokban 2 3-5 6-8 9-10 11-12 2 kg 160 g 175-190 g 190 g 185 g Adult 5 kg 320 g 355-380 g 380 g 365 g Adult 7 kg 385 g 440-490 g 490 g 470 g Adult 10 kg 485 g 565-635 g 640 g 615 g Adult 15 kg 635 g 755-860 g 870 g 860 g 830 g 20 kg 765 g 935-1065 g 1080 g 1070 g 1030 g A megadott adatok irányadó értékek. A tényleges táplálékszükséglet kutyája életkorától, méretétől és aktivitásától függ. Felbontás után hűvös helyen tárolja. Szobahőmérsékleten tálalja. Mindig gondoskodjon kutyája számára friss ivóvízről. Ügyeljen arra, hogy jutalomfalatok hozzáadása esetén csökkentse a megadott tápmennyiséget. Tovább olvasok"}
{"breadcrumb": "Főoldal/Kutya/Eledelek/Nedves eledelek/REAL NATURE Classic kutya konzerv junior vadnyúl&pulyka 6x800g", "product_name": "REAL NATURE Classic kutya konzerv junior vadnyúl&pulyka 6x800gREAL NATURE Classic kutya konzerv junior vadnyúl&pulyka 6x800g", "brand": "601g – 800gReal NatureKölyökvadgabonamenteskonzervnagytestű 26kg-tól", "regular_price": "9 594", "selling_price": "8 994", "price_per_unit": "1 499 Ft", "product_url": "https://webshop.fressnapf.hu/termekek/6xreal-nature-junior-vadnyulhusos-kutyakonzerv-800g/", "product_description": "Állati fehérjeliszt és csontliszt nélkül Megőrzi a természetes tápértékeket Optimális táplálkozás kutyája számára A kiváló minőségű teljes értékű táplálék egy, két vagy legfeljebb három különböző állati fehérjeforrást, kiváló minőségű növényi összetevőket, például burgonyát vagy teljes kiőrlésű tésztát és értékes olajokat tartalmaz, amelynek esszenciális Omega-6 zsírsavai hozzájárulnak a szőrzet és bunda egészségének megőrzéséhez. Különleges jellemzők: A kalcium és a foszfor megfelelő aránya, a megnövelt vitamintartalom és a megfelelő nyerszsírtartalom hozzájárul az egészséges fejlődéshez. A REAL NATURE kölyökkutyák és fiatal kutyák, továbbá vemhes és szoptató kutyák számára kialakított eledel. Kíméletes elkészítés A REAL NATURE nedves eledel hideg töltési eljárással készül. Ez azt jelenti, hogy az összetevőket hidegen töltik a dobozba, ezután egyszer felmelegítik. Ennek az egyedülálló hőkezelési eljárásnak köszönhetően jelentős mértékben megmarad a feltüntetett összetevők tápanyagtartalma. A természet legfinomabb összetevői A kiváló minőségű teljes értékű táplálék egy, két vagy legfeljebb három különböző állati fehérjeforrást, kiváló minőségű növényi összetevőket, például burgonyát vagy teljes kiőrlésű tésztát és értékes olajokat tartalmaz, amelynek esszenciális Omega-6 zsírsavai hozzájárulnak a szőrzet és bunda egészségének megőrzéséhez. Az előnyök áttekintése: 100%-ban természetes 1 : mesterséges tartósítószerek és aromák nélkül, ezért különösen könnyen emészthető állati fehérjeliszt és csontliszt nélkül Őszinte nyilatkozat: „Csak azt tartalmazza, ami fel van tüntetve!” 1 a felhasznált alapanyagokban A REAL NATURE Junior a legkiválóbb minőségű összetevőket tartalmazza, kifejezetten az Ön kutyájának igényeire szabva. Analitikai összetevők: 12,1% fehérje, 7% zsírtartalom, 1,9% nyershamu, 0,5% nyersrost, 0,32% kalcium, 0,25% foszfor. Összetétel: 34% nyúl (szív, máj), 34% pulyka (szív, hús, máj, nyak), 25,5% ivóvíz, 5% teljes kiőrlésű tészta, 1% ásványi anyag, 0,5% ligetszépe olaj. Adalékanyag/kg: 200 NE D3-vitamin, 20 mg E-vitamin, 1,5 mg réz (réz(II)-szulfát, pentahidrát), 0,75 mg jód (kalcium-jodát, vízmentes), 1,4 mg mangán (mangán(II)-szulfát, monohidrát), 25 mg cink (cink-szulfát, monohidrát). Táplálási javaslat: Végleges súly A kutya életkora  hónapokban 2 3-5 6-7 8-12 13-18 19-24 10 kg 485 g 565-635 g 640 g 635-605 g Adult Adult 15 kg 635 g 755-860 g 870 g 875-820 g Adult Adult 20 kg 765 g 935-1065 g 1080 g 1085-1020 g Adult Adult 25 kg 895 g 1110-1260 g 1280 g 1280-1205 g Adult Adult 30 kg 950 g 1175-1410 g 1440 g 1465 g 1430 g Adult 35 kg 1000 g 1285-1580 g 1615 g 1645 g 1600 g Adult 40 kg 1045 g 1400-1750 g 1785 g 1820 g 1770 g Adult 45 kg 1090 g 1510-1910 g 1945 g 1985 g 1980 g 1920 g 50 kg 1120 g 1610-2070 g 2100 g 2145 g 2145 g 2080 g 60 kg 1200 g 1800-2370 g 2410 g 2460 g 2460 g 2385 g 70 kg 1275 g 2005-2660 g 2705 g 2760 g 2760 g 2675 g A megadott adatok irányadó értékek. A tényleges táplálékszükséglet kutyája életkorától, méretétől és aktivitásától függ. Felbontás után hűvös helyen tárolja. Szobahőmérsékleten tálalja. Mindig gondoskodjon kutyája számára friss ivóvízről. Ügyeljen arra, hogy jutalomfalatok hozzáadása esetén csökkentse a megadott tápmennyiséget. Tovább olvasok"}
{"breadcrumb": "Főoldal/Kutya/Eledelek/Nedves eledelek/REAL NATURE Classic kutya konzerv light csirke&pulyka 6x800g", "product_name": "REAL NATURE Classic kutya konzerv light csirke&pulyka 6x800gREAL NATURE Classic kutya konzerv light csirke&pulyka 6x800g", "brand": "601g – 800gReal NatureFelnőttszárnyashízásra hajlamos&gabonamenteskonzervnagytestű 26kg-tól", "regular_price": "9 594", "selling_price": "8 994", "price_per_unit": "1 499 Ft", "product_url": "https://webshop.fressnapf.hu/termekek/6xreal-nature-kutyakonzerv-light-szarnyas-cukkini-800g/", "product_description": "Tápanyagkímélő hideg töltés Kiegyensúlyozott receptúrák értékes olajokkal Állati fehérjeliszt és csontliszt nélkül REAL NATURE nedves eledelek REAL NATURE eledel hízásra hajlamos felnőtt kutyák számára. A termékre csökkentett kalóriatartalom, csökkentett zsírtartalom és megnövelt nyersrosttartalom jellemző. Nedves eledel A kiváló minőségű teljes értékű táplálék egy, két vagy legfeljebb három különböző állati fehérjeforrást, kiváló minőségű növényi összetevőket, például burgonyát vagy teljes kiőrlésű tésztát és értékes olajokat tartalmaz, amelynek esszenciális Omega-6 zsírsavai hozzájárulnak a szőrzet és bunda egészségének megőrzéséhez. Kíméletes elkészítés A REAL NATURE nedves eledel hideg töltési eljárással készül. Ez azt jelenti, hogy az összetevőket hidegen töltik a dobozba, ezután egyszer felmelegítik. Ennek az egyedülálló hőkezelési eljárásnak köszönhetően jelentős mértékben megmarad a feltüntetett összetevők tápanyagtartalma. A természet legfinomabb összetevői A kiváló minőségű teljes értékű táplálék egy, két vagy legfeljebb három különböző állati fehérjeforrást, kiváló minőségű növényi összetevőket, például burgonyát vagy teljes kiőrlésű tésztát és értékes olajokat tartalmaz, amelynek esszenciális Omega-6 zsírsavai hozzájárulnak a szőrzet és bunda egészségének megőrzéséhez. Őszinte nyilatkozat: Csak azt tartalmazza, ami fel van tüntetve! Az előnyök áttekintése: kifejezetten a túlsúlyra hajlamos felnőtt kutyák igényeihez igazítva tápanyagkímélő hideg töltés 100%-ban természetes 1 : állati fehérjeliszt és csontliszt nélkül Teljes értékű eledel kutyák számára. Bővebb információk a következő címen kérhetők: webshop@fressnapf.hu 1 a felhasznált alapanyagokban Ez a kiváló minőségű teljes értékű táplálék kifejezetten a túlsúlyos kutyák igényeihez igazodik. Analitikai összetevők: 8,5% fehérje, 5% zsírtartalom, 2,3% nyershamu, 1,1% nyersrost, 0,23% kalcium, 0,18% foszfor. Összetétel: 55% csirke (szív, hús, máj, zúza, nyak), 26% ivóvíz, 8% pulykaszív, 6% cukkini, 4% búzakorpa, 1% ásványi anyag. Adalékanyag/kg: 200 NE D3-vitamin, 20 mg E-vitamin, 1 mg réz (réz(II)-szulfát, pentahidrát), 0,75 mg jód (kalcium-jodát, vízmentes), 1,4 mg mangán (mangán(II)-szulfát, monohidrát), 25 mg cink (cink-szulfát, monohidrát). Táplálási javaslat: A kutya súlya Súlymegtartás Napi adagolás Súlycsökkentés Napi adagolás 10 kg 440 g 330 g 15 kg 600 g 450 g 20 kg 740 g 555 g 25 kg 875 g 655 g 30 kg 1005 g 755 g 35 kg 1125 g 845 g 40 kg 1245 g 935 g 45 kg 1360 g 1020 g 50 kg 1475 g 1105 g 60 kg 1690 g 1265 g 70 kg 1895 g 1420 g 80 kg 2095 g 1570 g Felbontás után hűvös helyen tárolja. Szobahőmérsékleten tálalja. Tovább olvasok"}
{"breadcrumb": "Főoldal/Kutya/Eledelek/Nedves eledelek/REAL NATURE Classic kutya konzerv light marha&borjú 6x200g", "product_name": "REAL NATURE Classic kutya konzerv light marha&borjú 6x200gREAL NATURE Classic kutya konzerv light marha&borjú 6x200g", "brand": "Real Nature101g – 200gFelnőttmarha&borjúpástétomgabonamenteskonzerv", "regular_price": "8 994", "selling_price": "8 394", "price_per_unit": "699 Ft", "product_url": "https://webshop.fressnapf.hu/termekek/real-nature-classic-kutya-konzerv-light-marhaborju-200g/", "product_description": "100%-ban természetes összetevők a legkiválóbb minőségben Kiegyensúlyozott receptúrák értékes olajokkal Csökkentett kalóriatartalom REAL NATURE nedves eledelek REAL NATURE eledel hízásra hajlamos felnőtt kutyák számára. A termékre csökkentett kalóriatartalom, csökkentett zsírtartalom és megnövelt nyersrosttartalom jellemző. Nedves eledel A kiváló minőségű teljes értékű táplálék egy, két vagy legfeljebb három különböző állati fehérjeforrást, kiváló minőségű növényi összetevőket, például burgonyát vagy teljes kiőrlésű tésztát és értékes olajokat tartalmaz, amelynek esszenciális Omega-6 zsírsavai hozzájárulnak a szőrzet és bunda egészségének megőrzéséhez. Kíméletes elkészítés A REAL NATURE nedves eledel hideg töltési eljárással készül. Ez azt jelenti, hogy az összetevőket hidegen töltik a dobozba, ezután egyszer felmelegítik. Ennek az egyedülálló hőkezelési eljárásnak köszönhetően jelentős mértékben megmarad a feltüntetett összetevők tápanyagtartalma. A természet legfinomabb összetevői A kiváló minőségű teljes értékű táplálék egy, két vagy legfeljebb három különböző állati fehérjeforrást, kiváló minőségű növényi összetevőket, például burgonyát vagy teljes kiőrlésű tésztát és értékes olajokat tartalmaz, amelynek esszenciális Omega-6 zsírsavai hozzájárulnak a szőrzet és bunda egészségének megőrzéséhez. Az előnyök áttekintése: 100%-ban természetes 1 : Őszinte nyilatkozat: Csak azt tartalmazza, ami fel van tüntetve! csökkentett kalóriatartalom, csökkentett zsírtartalom és megnövelt nyersrosttartalom különösen kíméletes feldolgozás (hideg töltés) a minőség, az íz és a tápanyagok maximális megőrzése érdekében kiegyensúlyozott receptúra értékes olajjal nem tartalmaz mesterséges adalékanyagot és tartósítószert Teljes értékű eledel kutyák számára. Bővebb információk a következő címen kérhetők: webshop@fressnapf.hu 1 a felhasznált alapanyagokban Ez a kiváló minőségű teljes értékű eledel kifejezetten a túlsúlyos kutyák számára készült. Analitikai összetevők: 8,8% fehérje, 4,7% zsírtartalom, 1,9% nyershamu, 1% nyersrost, 0,2% kalcium, 0,16% foszfor. Összetétel: 34% marhahús (szív, hús, máj, tüdő, gyomor), 28% borjú (szív, tüdő, gyomor), 27% ivóvíz, 6% cékla, 4% árpakorpa, 1% ásványi anyag. Adalékanyag/kg: 200 NE D3-vitamin, 20 mg E-vitamin, 0,75 mg jód (kalcium-jodát, vízmentes), 1,4 mg mangán (mangán(II)-szulfát, monohidrát), 25 mg cink (cink-szulfát, monohidrát). Táplálási javaslat: A kutya súlya Súlymegtartás Súlycsökkentés 2 130 100 5 260 195 7,5 335 265 10 440 330 Felbontás után hűvös helyen tárolja. Szobahőmérsékleten tálalja. Tovább olvasok"}
{"breadcrumb": "Főoldal/Kutya/Eledelek/Nedves eledelek/REAL NATURE Classic kutya konzerv light marha&borjú 6x400g", "product_name": "REAL NATURE Classic kutya konzerv light marha&borjú 6x400gREAL NATURE Classic kutya konzerv light marha&borjú 6x400g", "brand": "201g – 400gReal NatureFelnőttmarha&borjúhízásra hajlamos&gabonamenteskonzervközepes testű 11-25kg", "regular_price": "5 094", "selling_price": "4 794", "price_per_unit": "999 Ft", "product_url": "https://webshop.fressnapf.hu/termekek/6xreal-nature-kutyakonzerv-light-borju-400g/", "product_description": "Tápanyagkímélő hideg töltés Kiegyensúlyozott receptúrák értékes olajokkal Állati fehérjeliszt és csontliszt nélkül A pulyka, cukkini és búzakorpa hozzáadásával csirkéből készült REAL NATURE Light teljes értékű eledel túlsúlyra hajlamos felnőtt kutyák számára, a fajtától és mérettől függően 9, illetve 25 hónapos kortól. A REAL NATURE a legkiválóbb minőségű, 100%-ban természetes összetevőket 1 biztosítja kutyája számára. LIGHT A REAL NATURE Light receptúráit kifejezetten túlsúlyra hajlamos felnőtt kutyák igényeihez igazítottuk. – Csökkentett kalóriatartalom az ideális testsúly könnyebb elérése érdekében – csökkentett zsírtartalom (4,7% illetve 5%) – Magasabb nyersrosttartalom a bélműködés aktiválása és a telítettségérzés érdekében A természet legfinomabb összetevői A kiváló minőségű teljes értékű táplálék egy, két vagy legfeljebb három különböző állati fehérjeforrást, kiváló minőségű növényi összetevőket, például burgonyát vagy teljes kiőrlésű tésztát és értékes olajokat tartalmaz, amelynek esszenciális Omega-6 zsírsavai hozzájárulnak a szőrzet és bunda egészségének megőrzéséhez. Hideg töltés A REAL NATURE nedves eledel hideg töltési eljárással készül. Ez azt jelenti, hogy az összetevőket hidegen töltik a dobozba, ezután egyszer felmelegítik. Ennek az egyedülálló hőkezelési eljárásnak köszönhetően jelentős mértékben megmarad a feltüntetett összetevők tápanyagtartalma. Az előnyök áttekintése: kifejezetten a túlsúlyra hajlamos felnőtt kutyák igényeihez igazítva tápanyagkímélő hideg töltés 100%-ban természetes 1 – színezékek, aromák és tartósítószerek nélkül állati fehérjeliszt és csontliszt nélkül Őszinte nyilatkozat: „Csak azt tartalmazza, ami fel van tüntetve!” Teljes értékű eledel kutyák számára. Bővebb információk a következő címen kérhetők: webshop@fressnapf.hu 1 a felhasznált alapanyagokban A REAL NATURE LIGHT receptúrát kifejezetten a túlsúlyra hajlamos felnőtt kutyák igényeihez igazítottuk. Analitikai összetevők: 8,8% fehérje, 4,7% zsírtartalom, 1,9% nyershamu, 1% nyersrost, 0,2% kalcium, 0,16% foszfor. Összetétel: 34% marhahús (szív, hús, máj, tüdő, gyomor), 28% borjú (szív, tüdő, gyomor), 27% ivóvíz, 6% cékla, 4% árpakorpa, 1% ásványi anyag. Adalékanyag/kg: 200 NE D3-vitamin, 20 mg E-vitamin, 0,75 mg jód (kalcium-jodát, vízmentes), 1,4 mg mangán (mangán(II)-szulfát, monohidrát), 25 mg cink (cink-szulfát, monohidrát). Táplálási javaslat: A kutya súlya Súlymegtartás Súlycsökkentés 2 kg 130 g 100 g 5 kg 260 g 195 g 7,5 kg 335 g 265 g 10 kg 440 g 330 g 15 kg 600 g 450 g 20 kg 740 g 555 g Felbontás után hűvös helyen tárolja. Szobahőmérsékleten tálalja. Tovább olvasok"}
{"breadcrumb": "Főoldal/Kutya/Eledelek/Nedves eledelek/REAL NATURE Classic kutya konzerv light marha&borjú 6x800g", "product_name": "REAL NATURE Classic kutya konzerv light marha&borjú 6x800gREAL NATURE Classic kutya konzerv light marha&borjú 6x800g", "brand": "601g – 800gReal NatureFelnőttmarha&borjúhízásra hajlamos&gabonamenteskonzervnagytestű 26kg-tól", "regular_price": "9 594", "selling_price": "8 994", "price_per_unit": "1 499 Ft", "product_url": "https://webshop.fressnapf.hu/termekek/6xreal-nature-kutyakonzerv-light-borju-800g/", "product_description": "Tápanyagkímélő hideg töltés Kiegyensúlyozott receptúrák értékes olajokkal Állati fehérjeliszt és csontliszt nélkül REAL NATURE nedves eledelek REAL NATURE eledel hízásra hajlamos felnőtt kutyák számára. A termékre csökkentett kalóriatartalom, csökkentett zsírtartalom és megnövelt nyersrosttartalom jellemző. Nedves eledel A kiváló minőségű teljes értékű táplálék egy, két vagy legfeljebb három különböző állati fehérjeforrást, kiváló minőségű növényi összetevőket, például burgonyát vagy teljes kiőrlésű tésztát és értékes olajokat tartalmaz, amelynek esszenciális Omega-6 zsírsavai hozzájárulnak a szőrzet és bunda egészségének megőrzéséhez. Kíméletes elkészítés A REAL NATURE nedves eledel hideg töltési eljárással készül. Ez azt jelenti, hogy az összetevőket hidegen töltik a dobozba, ezután egyszer felmelegítik. Ennek az egyedülálló hőkezelési eljárásnak köszönhetően jelentős mértékben megmarad a feltüntetett összetevők tápanyagtartalma. A természet legfinomabb összetevői A kiváló minőségű teljes értékű táplálék egy, két vagy legfeljebb három különböző állati fehérjeforrást, kiváló minőségű növényi összetevőket, például burgonyát vagy teljes kiőrlésű tésztát és értékes olajokat tartalmaz, amelynek esszenciális Omega-6 zsírsavai hozzájárulnak a szőrzet és bunda egészségének megőrzéséhez. Őszinte nyilatkozat: Csak azt tartalmazza, ami fel van tüntetve! Az előnyök áttekintése: kifejezetten a túlsúlyra hajlamos felnőtt kutyák igényeihez igazítva tápanyagkímélő hideg töltés 100%-ban természetes 1 : Állati fehérjeliszt és csontliszt nélkül Teljes értékű eledel kutyák számára. Bővebb információk a következő címen kérhetők: webshop@fressnapf.hu 1 a felhasznált alapanyagokban Ez a kiváló minőségű teljes értékű táplálék kifejezetten a túlsúlyos kutyák igényeihez igazodik. Analitikai összetevők: 8,8% fehérje, 4,7% zsírtartalom, 1,9% nyershamu, 1% nyersrost, 0,2% kalcium, 0,16% foszfor. Összetétel: 34% marhahús (szív, hús, máj, tüdő, gyomor), 28% borjú (szív, tüdő, gyomor), 27% ivóvíz, 6% cékla, 4% árpakorpa, 1% ásványi anyag. Adalékanyag/kg: 200 NE D3-vitamin, 20 mg E-vitamin, 0,75 mg jód (kalcium-jodát, vízmentes), 1,4 mg mangán (mangán(II)-szulfát, monohidrát), 25 mg cink (cink-szulfát, monohidrát). Táplálási javaslat: A kutya súlya Súlymegtartás Napi adagolás Súlycsökkentés Napi adagolás 10 kg 440 g 330 g 15 kg 600 g 450 g 20 kg 740 g 555 g 25 kg 875 g 655 g 30 kg 1005 g 755 g 35 kg 1125 g 845 g 40 kg 1245 g 935 g 45 kg 1360 g 1020 g 50 kg 1475 g 1105 g 60 kg 1690 g 1265 g 70 kg 1895 g 1420 g 80 kg 2095 g 1570 g Felbontás után hűvös helyen tárolja. Szobahőmérsékleten tálalja. Tovább olvasok"}
{"breadcrumb": "Főoldal/Kutya/Eledelek/Nedves eledelek/REAL NATURE Classic kutya konzerv senior bárány&borjú 6x200g", "product_name": "REAL NATURE Classic kutya konzerv senior bárány&borjú 6x200gREAL NATURE Classic kutya konzerv senior bárány&borjú 6x200g", "brand": "Real Nature101g – 200gIdősvegyespástétomgabonamenteskonzerv", "regular_price": "5 094", "selling_price": "4 794", "price_per_unit": "699 Ft", "product_url": "https://webshop.fressnapf.hu/termekek/real-nature-classic-kutya-konzerv-senior-baranyborju-200g/", "product_description": "A legkiválóbb minőségű természetes összetevők Magas vitamintartalom, alacsony zsírtartalom Színezékek, aromák és tartósítószerek nélkül REAL NATURE nedves eledelek A REAL NATURE Senior Dog a fajtától és a mérettől függően 6 illetve 8 évnél idősebb felnőtt kutyák számára készült. A valódi természet páratlan ízélménye. Nedves eledel A kiváló minőségű teljes értékű táplálék egy, két vagy legfeljebb három különböző állati fehérjeforrást, kiváló minőségű növényi összetevőket, például burgonyát vagy teljes kiőrlésű tésztát és értékes olajokat tartalmaz, amelynek esszenciális Omega-6 zsírsavai hozzájárulnak a szőrzet és bunda egészségének megőrzéséhez. Különleges jellemzők A REAL NATURE különleges tulajdonságai:  megnövelt vitamintartalom, alacsonyabb zsírtartalom, megnövelt nyersrosttartalom. Kíméletes elkészítés A REAL NATURE nedves eledel hideg töltési eljárással készül. Ez azt jelenti, hogy az összetevőket hidegen töltik a dobozba, ezután egyszer felmelegítik. Ennek az egyedülálló hőkezelési eljárásnak köszönhetően jelentős mértékben megmarad a feltüntetett összetevők tápanyagtartalma. A természet legfinomabb összetevői A kiváló minőségű teljes értékű táplálék egy, két vagy legfeljebb három különböző állati fehérjeforrást, kiváló minőségű növényi összetevőket, például burgonyát vagy teljes kiőrlésű tésztát és értékes olajokat tartalmaz, amelynek esszenciális Omega-6 zsírsavai hozzájárulnak a szőrzet és bunda egészségének megőrzéséhez. Őszinte nyilatkozat: Csak azt tartalmazza, ami fel van tüntetve! Az előnyök áttekintése: 100%-ban természetes összetevők 1 a legkiválóbb minőségben mesterséges tartósítószerek és aromák nélkül, ezért különösen könnyen emészthető Megőrzi a természetes tápértékeket állati fehérjeliszt és csontliszt nélkül Őszinte nyilatkozat: „Csak azt tartalmazza, ami fel van tüntetve!” Teljes értékű eledel kutyák számára. Bővebb információk a következő címen kérhetők: webshop@fressnapf.hu 1 a felhasznált alapanyagokban A REAL NATURE Senior kifejezetten az idősebb kutyák igényeihez igazodik. Analitikai összetevők: 9,7% fehérje, 6,3% zsírtartalom, 1,7% nyershamu, 0,7% nyersrost, 0,22% kalcium, 0,18% foszfor. Összetétel: 43% bárány (szív, hús, máj, tüdő, gyomor), 25% borjú (szív, tüdő, gyomor), 24,4% ivóvíz, 6% zabpehely, 1,1% ásványi anyag, 0,5% lenmagolaj. Adalékanyag/kg: 200 NE D3-vitamin, 20 mg E-vitamin, 0,75 mg jód (kalcium-jodát, vízmentes), 1,4 mg mangán (mangán(II)-szulfát, monohidrát), 25 mg cink (cink-szulfát, monohidrát). Táplálási javaslat: A kutya súlya kg-ban Napi adagolás g-ban 2 kg 110 g 5 kg 220 g 7,5 kg 300 g 10 kg 370 g Tovább olvasok"}
{"breadcrumb": "Főoldal/Kutya/Eledelek/Nedves eledelek/REAL NATURE Classic kutya konzerv senior bárány&borjú 6x400g", "product_name": "REAL NATURE Classic kutya konzerv senior bárány&borjú 6x400gREAL NATURE Classic kutya konzerv senior bárány&borjú 6x400g", "brand": "201g – 400gReal NatureIdősjuh&bárány&kecskegabonamenteskonzervközepes testű 11-25kg", "regular_price": "8 994", "selling_price": "8 394", "price_per_unit": "999 Ft", "product_url": "https://webshop.fressnapf.hu/termekek/6xreal-nature-senior-barany-borju-kutyakonzerv-400g/", "product_description": "A legkiválóbb minőségű természetes összetevők Megőrzi a természetes tápértékeket Magas vitamintartalom, alacsony zsírtartalom A REAL NATURE Senior Dog a fajtától és a mérettől függően 6 illetve 8 évnél idősebb felnőtt kutyák számára készült. A valódi természet páratlan ízélménye. Nedves eledel A kiváló minőségű teljes értékű táplálék egy, két vagy legfeljebb három különböző állati fehérjeforrást, kiváló minőségű növényi összetevőket, például burgonyát vagy teljes kiőrlésű tésztát és értékes olajokat tartalmaz, amelynek esszenciális Omega-6 zsírsavai hozzájárulnak a szőrzet és bunda egészségének megőrzéséhez. Különleges jellemzők A REAL NATURE különleges tulajdonságai:  megnövelt vitamintartalom, alacsonyabb zsírtartalom, megnövelt nyersrosttartalom. Kíméletes elkészítés A REAL NATURE nedves eledel hideg töltési eljárással készül. Ez azt jelenti, hogy az összetevőket hidegen töltik a dobozba, ezután egyszer felmelegítik. Ennek az egyedülálló hőkezelési eljárásnak köszönhetően jelentős mértékben megmarad a feltüntetett összetevők tápanyagtartalma. A természet legfinomabb összetevői A kiváló minőségű teljes értékű táplálék egy, két vagy legfeljebb három különböző állati fehérjeforrást, kiváló minőségű növényi összetevőket, például burgonyát vagy teljes kiőrlésű tésztát és értékes olajokat tartalmaz, amelynek esszenciális Omega-6 zsírsavai hozzájárulnak a szőrzet és bunda egészségének megőrzéséhez. Őszinte nyilatkozat: Csak azt tartalmazza, ami fel van tüntetve! Az előnyök áttekintése: 100%-ban természetes 1 : mesterséges tartósítószerek és aromák nélkül, ezért különösen könnyen emészthető Megőrzi a természetes tápértékeket állati fehérjeliszt és csontliszt nélkül Őszinte nyilatkozat: „Csak azt tartalmazza, ami fel van tüntetve!” megnövelt vitamintartalom, alacsony zsírtartalom Teljes értékű eledel kutyák számára. Bővebb információk a következő címen kérhetők: webshop@fressnapf.hu 1 a felhasznált alapanyagokban A REAL NATURE a legkiválóbb minőségű összetevőket tartalmazza, kifejezetten az idősebb kutyák igényeire szabva. Analitikai összetevők: 9,7% fehérje, 6,3% zsírtartalom, 1,7% nyershamu, 0,7% nyersrost, 0,22% kalcium, 0,18% foszfor. Összetétel: 43% bárány (szív, hús, máj, tüdő, gyomor), 25% borjú (szív, tüdő, gyomor), 24,4% ivóvíz, 6% zabpehely, 1,1% ásványi anyag, 0,5% lenmagolaj. Adalékanyag/kg: 200 NE D3-vitamin, 20 mg E-vitamin, 0,75 mg jód (kalcium-jodát, vízmentes), 1,4 mg mangán (mangán(II)-szulfát, monohidrát), 25 mg cink (cink-szulfát, monohidrát). Táplálási javaslat: A kutya súlya kg-ban Napi adagolás g-ban 2 kg 110 g 5 kg 220 g 7,5 kg 300 g 10 kg 370 g 15 kg 500 g 20 kg 620 g Tovább olvasok"}
{"breadcrumb": "Főoldal/Kutya/Eledelek/Nedves eledelek/REAL NATURE Classic kutya konzerv senior bárány&borjú 6x800g", "product_name": "REAL NATURE Classic kutya konzerv senior bárány&borjú 6x800gREAL NATURE Classic kutya konzerv senior bárány&borjú 6x800g", "brand": "601g – 800gReal NatureIdősjuh&bárány&kecskegabonamenteskonzervnagytestű 26kg-tól", "regular_price": "9 594", "selling_price": "8 994", "price_per_unit": "1 499 Ft", "product_url": "https://webshop.fressnapf.hu/termekek/6xreal-nature-senior-barany-borju-800g-kutyakonzerv/", "product_description": "A legkiválóbb minőségű természetes összetevők Magas vitamintartalom, alacsony zsírtartalom Színezékek, aromák és tartósítószerek nélkül REAL NATURE nedves eledelek A REAL NATURE Senior Dog a fajtától és a mérettől függően 6 illetve 8 évnél idősebb felnőtt kutyák számára készült. A valódi természet páratlan ízélménye. Nedves eledel A kiváló minőségű teljes értékű táplálék egy, két vagy legfeljebb három különböző állati fehérjeforrást, kiváló minőségű növényi összetevőket, például burgonyát vagy teljes kiőrlésű tésztát és értékes olajokat tartalmaz, amelynek esszenciális Omega-6 zsírsavai hozzájárulnak a szőrzet és bunda egészségének megőrzéséhez. Különleges jellemzők A REAL NATURE különleges tulajdonságai: megnövelt vitamintartalom, alacsonyabb zsírtartalom, megnövelt nyersrosttartalom. Kíméletes elkészítés A REAL NATURE nedves eledel hideg töltési eljárással készül. Ez azt jelenti, hogy az összetevőket hidegen töltik a dobozba, ezután egyszer felmelegítik. Ennek az egyedülálló hőkezelési eljárásnak köszönhetően jelentős mértékben megmarad a feltüntetett összetevők tápanyagtartalma. A természet legfinomabb összetevői A kiváló minőségű teljes értékű táplálék egy, két vagy legfeljebb három különböző állati fehérjeforrást, kiváló minőségű növényi összetevőket, például burgonyát vagy teljes kiőrlésű tésztát és értékes olajokat tartalmaz, amelynek esszenciális Omega-6 zsírsavai hozzájárulnak a szőrzet és bunda egészségének megőrzéséhez. Őszinte nyilatkozat: Csak azt tartalmazza, ami fel van tüntetve! Az előnyök áttekintése: 100%-ban természetes 1 : mesterséges tartósítószerek és aromák nélkül, ezért különösen könnyen emészthető Megőrzi a természetes tápértékeket állati fehérjeliszt és csontliszt nélkül Őszinte nyilatkozat: „Csak azt tartalmazza, ami fel van tüntetve!” Teljes értékű eledel kutyák számára. Bővebb információk a következő címen kérhetők: webshop@fressnapf.hu 1 a felhasznált alapanyagokban A REAL NATURE kifejezetten az idősebb kutyák igényeihez igazodik. Analitikai összetevők: 9,7% fehérje, 6,3% zsírtartalom, 1,7% nyershamu, 0,7% nyersrost, 0,22% kalcium, 0,18% foszfor. Összetétel: 43% bárány (szív, hús, máj, tüdő, gyomor), 25% borjú (szív, tüdő, gyomor), 24,4% ivóvíz, 6% zabpehely, 1,1% ásványi anyag, 0,5% lenmagolaj. Adalékanyag/kg: 200 NE D3-vitamin, 20 mg E-vitamin, 0,75 mg jód (kalcium-jodát, vízmentes), 1,4 mg mangán (mangán(II)-szulfát, monohidrát), 25 mg cink (cink-szulfát, monohidrát). Táplálási javaslat: A kutya súlya kg-ban Napi adagolás g-ban 10 kg 370 g 15 kg 500 g 20 kg 620 g 25 kg 730 g 30 kg 840 g 35 kg 940 g 40 kg 1040 g 45 kg 1140 g 50 kg 1230 g 60 kg 1410 g 70 kg 1580 g 80 kg 1750 g Tovább olvasok"}
{"breadcrumb": "Főoldal/Kutya/Eledelek/Nedves eledelek/Real Nature Classic kutya konzerv senior csirke&kacsa 6x200g", "product_name": "Real Nature Classic kutya konzerv senior csirke&kacsa 6x200gReal Nature Classic kutya konzerv senior csirke&kacsa 6x200g", "brand": "Real NaturekonzervIdősszárnyas101g – 200gközepes testű 11-25kg", "regular_price": "8 994", "selling_price": "8 394", "price_per_unit": "699 Ft", "product_url": "https://webshop.fressnapf.hu/termekek/real-nature-classic-kutya-konzerv-senior-csirkekacsa-6x200g/", "product_description": "A legkiválóbb minőségű természetes összetevők Magas vitamintartalom, alacsony zsírtartalom Színezékek, aromák és tartósítószerek nélkül REAL NATURE nedves eledelek A REAL NATURE Senior Dog a fajtától és a mérettől függően 6 illetve 8 évnél idősebb felnőtt kutyák számára készült. A valódi természet páratlan ízélménye. Nedves eledel A kiváló minőségű teljes értékű táplálék egy, két vagy legfeljebb három különböző állati fehérjeforrást, kiváló minőségű növényi összetevőket, például burgonyát vagy teljes kiőrlésű tésztát és értékes olajokat tartalmaz, amelynek esszenciális Omega-6 zsírsavai hozzájárulnak a szőrzet és bunda egészségének megőrzéséhez. Különleges jellemzők A REAL NATURE különleges tulajdonságai:  megnövelt vitamintartalom, alacsonyabb zsírtartalom, megnövelt nyersrosttartalom. Kíméletes elkészítés A REAL NATURE nedves eledel hideg töltési eljárással készül. Ez azt jelenti, hogy az összetevőket hidegen töltik a dobozba, ezután egyszer felmelegítik. Ennek az egyedülálló hőkezelési eljárásnak köszönhetően jelentős mértékben megmarad a feltüntetett összetevők tápanyagtartalma. A természet legfinomabb összetevői A kiváló minőségű teljes értékű táplálék egy, két vagy legfeljebb három különböző állati fehérjeforrást, kiváló minőségű növényi összetevőket, például burgonyát vagy teljes kiőrlésű tésztát és értékes olajokat tartalmaz, amelynek esszenciális Omega-6 zsírsavai hozzájárulnak a szőrzet és bunda egészségének megőrzéséhez. Őszinte nyilatkozat: Csak azt tartalmazza, ami fel van tüntetve! Az előnyök áttekintése: 100%-ban természetes összetevők 1 a legkiválóbb minőségben mesterséges tartósítószerek és aromák nélkül, ezért különösen könnyen emészthető Megőrzi a természetes tápértékeket állati fehérjeliszt és csontliszt nélkül Őszinte nyilatkozat: „Csak azt tartalmazza, ami fel van tüntetve!” Teljes értékű eledel kutyák számára. Bővebb információk a következő címen kérhetők: webshop@fressnapf.hu 1 a felhasznált alapanyagokban A REAL NATURE Senior kifejezetten az idősebb kutyák igényeihez igazodik. Analitikai összetevők: 9,5% fehérje, 7% zsírtartalom, 2,4% nyershamu, 1% nyersrost, 0,2% kalcium, 0,15% foszfor. Összetétel: 34% csirke (szív, hús, máj, zúza, zsír), 34% kacsa (szív, zúza), 24,4 % ivóvíz, 6% őrölt árpa, 1,1% ásványi anyag, 0,5% kenderolaj. Adalékanyag/kg: 200 NE D3-vitamin, 20 mg E-vitamin, 1 mg réz (réz(II)-szulfát, pentahidrát), 0,75 mg jód (kalcium-jodát, vízmentes), 1,4 mg mangán (mangán(II)-szulfát, monohidrát), 25 mg cink (cink-szulfát, monohidrát). Táplálási javaslat: A kutya súlya kg-ban Napi adagolás g-ban 2 kg 110 g 5 kg 220 g 7,5 kg 300 g 10 kg 370 g Tovább olvasok"}
{"breadcrumb": "Főoldal/Kutya/Eledelek/Nedves eledelek/Real Nature Classic kutya konzerv senior csirke&kacsa 6x400g", "product_name": "Real Nature Classic kutya konzerv senior csirke&kacsa 6x400gReal Nature Classic kutya konzerv senior csirke&kacsa 6x400g", "brand": "Real Nature201g – 400gIdősszárnyaspástétomkonzervgabonamentes", "regular_price": "8 994", "selling_price": "8 394", "price_per_unit": "999 Ft", "product_url": "https://webshop.fressnapf.hu/termekek/real-nature-classic-kutya-konzerv-senior-csirkekacsa400g/", "product_description": "A legkiválóbb minőségű természetes összetevők Megőrzi a természetes tápértékeket Magas vitamintartalom, alacsony zsírtartalom A REAL NATURE Senior Dog a fajtától és a mérettől függően 6 illetve 8 évnél idősebb felnőtt kutyák számára készült. A valódi természet páratlan ízélménye. Nedves eledel A kiváló minőségű teljes értékű táplálék egy, két vagy legfeljebb három különböző állati fehérjeforrást, kiváló minőségű növényi összetevőket, például burgonyát vagy teljes kiőrlésű tésztát és értékes olajokat tartalmaz, amelynek esszenciális Omega-6 zsírsavai hozzájárulnak a szőrzet és bunda egészségének megőrzéséhez. Különleges jellemzők A REAL NATURE különleges tulajdonságai:  megnövelt vitamintartalom, alacsonyabb zsírtartalom, megnövelt nyersrosttartalom. Kíméletes elkészítés A REAL NATURE nedves eledel hideg töltési eljárással készül. Ez azt jelenti, hogy az összetevőket hidegen töltik a dobozba, ezután egyszer felmelegítik. Ennek az egyedülálló hőkezelési eljárásnak köszönhetően jelentős mértékben megmarad a feltüntetett összetevők tápanyagtartalma. A természet legfinomabb összetevői A kiváló minőségű teljes értékű táplálék egy, két vagy legfeljebb három különböző állati fehérjeforrást, kiváló minőségű növényi összetevőket, például burgonyát vagy teljes kiőrlésű tésztát és értékes olajokat tartalmaz, amelynek esszenciális Omega-6 zsírsavai hozzájárulnak a szőrzet és bunda egészségének megőrzéséhez. Őszinte nyilatkozat: Csak azt tartalmazza, ami fel van tüntetve! Az előnyök áttekintése: 100%-ban természetes 1 : mesterséges tartósítószerek és aromák nélkül, ezért különösen könnyen emészthető Megőrzi a természetes tápértékeket állati fehérjeliszt és csontliszt nélkül Őszinte nyilatkozat: „Csak azt tartalmazza, ami fel van tüntetve!” megnövelt vitamintartalom, alacsony zsírtartalom Teljes értékű eledel kutyák számára. Bővebb információk a következő címen kérhetők: webshop@fressnapf.hu 1 a felhasznált alapanyagokban A REAL NATURE a legkiválóbb minőségű összetevőket tartalmazza, kifejezetten az idősebb kutyák igényeire szabva. Analitikai összetevők: 9,5% fehérje, 7% zsírtartalom, 2,4% nyershamu, 1% nyersrost, 0,2% kalcium, 0,15% foszfor. Összetétel: 34% csirke (szív, hús, máj, zúza, zsír), 34% kacsa (szív, zúza), 24,4 % ivóvíz, 6% őrölt árpa, 1,1% ásványi anyag, 0,5% kenderolaj. Adalékanyag/kg: 200 NE D3-vitamin, 20 mg E-vitamin, 1 mg réz (réz(II)-szulfát, pentahidrát), 0,75 mg jód (kalcium-jodát, vízmentes), 1,4 mg mangán (mangán(II)-szulfát, monohidrát), 25 mg cink (cink-szulfát, monohidrát). Táplálási javaslat: A kutya súlya kg-ban Napi adagolás g-ban 2 kg 110 g 5 kg 220 g 7,5 kg 300 g 10 kg 370 g 15 kg 500 g 20 kg 620 g Tovább olvasok"}
{"breadcrumb": "Főoldal/Kutya/Eledelek/Nedves eledelek/REAL NATURE Classic kutya konzerv senior csirke&kacsa 6x800g", "product_name": "REAL NATURE Classic kutya konzerv senior csirke&kacsa 6x800gREAL NATURE Classic kutya konzerv senior csirke&kacsa 6x800g", "brand": "601g – 800gReal NatureIdősszárnyasgabonamenteskonzervnagytestű 26kg-tól", "regular_price": "9 594", "selling_price": "8 994", "price_per_unit": "1 499 Ft", "product_url": "https://webshop.fressnapf.hu/termekek/6xreal-natur-senior-barany-csirke-800g-kutyakonzerv/", "product_description": "A legkiválóbb minőségű természetes összetevők Magas vitamintartalom, alacsony zsírtartalom Színezékek, aromák és tartósítószerek nélkül REAL NATURE nedves eledelek A REAL NATURE Senior Dog a fajtától és a mérettől függően 6 illetve 8 évnél idősebb felnőtt kutyák számára készült. A valódi természet páratlan ízélménye. Nedves eledel A kiváló minőségű teljes értékű táplálék egy, két vagy legfeljebb három különböző állati fehérjeforrást, kiváló minőségű növényi összetevőket, például burgonyát vagy teljes kiőrlésű tésztát és értékes olajokat tartalmaz, amelynek esszenciális Omega-6 zsírsavai hozzájárulnak a szőrzet és bunda egészségének megőrzéséhez. Különleges jellemzők A REAL NATURE különleges tulajdonságai: megnövelt vitamintartalom, alacsonyabb zsírtartalom, megnövelt nyersrosttartalom. Kíméletes elkészítés A REAL NATURE nedves eledel hideg töltési eljárással készül. Ez azt jelenti, hogy az összetevőket hidegen töltik a dobozba, ezután egyszer felmelegítik. Ennek az egyedülálló hőkezelési eljárásnak köszönhetően jelentős mértékben megmarad a feltüntetett összetevők tápanyagtartalma. A természet legfinomabb összetevői A kiváló minőségű teljes értékű táplálék egy, két vagy legfeljebb három különböző állati fehérjeforrást, kiváló minőségű növényi összetevőket, például burgonyát vagy teljes kiőrlésű tésztát és értékes olajokat tartalmaz, amelynek esszenciális Omega-6 zsírsavai hozzájárulnak a szőrzet és bunda egészségének megőrzéséhez. Őszinte nyilatkozat: Csak azt tartalmazza, ami fel van tüntetve! Az előnyök áttekintése: 100%-ban természetes 1 : mesterséges tartósítószerek és aromák nélkül, ezért különösen könnyen emészthető Megőrzi a természetes tápértékeket állati fehérjeliszt és csontliszt nélkül Őszinte nyilatkozat: „Csak azt tartalmazza, ami fel van tüntetve!” Teljes értékű eledel kutyák számára. Bővebb információk a következő címen kérhetők: webshop@fressnapf.hu 1 a felhasznált alapanyagokban A REAL NATURE kifejezetten az idősebb kutyák igényeihez igazodik. Analitikai összetevők: 9,5% fehérje, 7% zsírtartalom, 2,4% nyershamu, 1% nyersrost, 0,2% kalcium, 0,15% foszfor. Összetétel: 34% csirke (szív, hús, máj, zúza, zsír), 34% kacsa (szív, zúza), 24,4 % ivóvíz, 6% őrölt árpa, 1,1% ásványi anyag, 0,5% kenderolaj. Adalékanyag/kg: 200 NE D3-vitamin, 20 mg E-vitamin, 1 mg réz (réz(II)-szulfát, pentahidrát), 0,75 mg jód (kalcium-jodát, vízmentes), 1,4 mg mangán (mangán(II)-szulfát, monohidrát), 25 mg cink (cink-szulfát, monohidrát). Táplálási javaslat: A kutya súlya kg-ban Napi adagolás g-ban 10 kg 370 g 15 kg 500 g 20 kg 620 g 25 kg 730 g 30 kg 840 g 35 kg 940 g 40 kg 1040 g 45 kg 1140 g 50 kg 1230 g 60 kg 1410 g 70 kg 1580 g 80 kg 1750 g Tovább olvasok"}
{"breadcrumb": "Főoldal/Kutya/Eledelek/Nedves eledelek/Real Nature Classic kutya tálka adult csirke&bárány&pulykamáj 17x100g", "product_name": "Real Nature Classic kutya tálka adult csirke&bárány&pulykamáj 17x100gReal Nature Classic kutya tálka adult csirke&bárány&pulykamáj 17x100g", "brand": "Real NatureOriginal0g – 100gFelnőttvegyestálkagabonamentes", "regular_price": "8 994", "selling_price": "8 394", "price_per_unit": "499 Ft", "product_url": "https://webshop.fressnapf.hu/termekek/real-nature-classic-kutya-talka-adult-szarvascsirkepulyka-100g/", "product_description": "Adult Csirke Báránnyal, Pulykamájjal és Lazacolajjal. Pástétom. Hozzáadott cukor, szója, mesterséges tartósítószerek, színezékek és aromaanyagok nélkül. Teljes értékű eledel kifejlett kutyák számára. Összetétel: 50% csirke (hús, máj, nyak), 10% bárány (tüdő), 8% pulykamáj, 2,5% metélt, 1,7% ásványi anyagok, 1% lazacolaj. Analitikai összetevők: fehérje 10,5%, zsírtartalom 5,5%, nyershamu 2%, nyersrost 0,3%, kalcium 0,46%, foszfor 0,29%. Nedvesség 77%. Adalékanyagok/kg: tápértékkel rendelkező adalékanyagok: jód (3b202) 0,5mg, mangán (3b504) 3mg, cink (3b606) 15,2mg. Nyomokban egyéb összetevőket is tartalmazhat. Tovább olvasok"}
{"breadcrumb": "Főoldal/Kutya/Eledelek/Nedves eledelek/REAL NATURE Classic kutya tálka adult marha 17x100g", "product_name": "REAL NATURE Classic kutya tálka adult marha 17x100gREAL NATURE Classic kutya tálka adult marha 17x100g", "brand": "Real NatureOriginal0g – 100gFelnőttmarha&borjútálkagabonamentes", "regular_price": "8 994", "selling_price": "8 394", "price_per_unit": "499 Ft", "product_url": "https://webshop.fressnapf.hu/termekek/16xreal-nature-talka-adult-marha-100g/", "product_description": "Adult Marha Burgonyával és Napraforgóolajjal. Pástétom. Hozzáadott cukor, szója, mesterséges tartósítószerek, színezékek és aromaanyagok nélkül. Teljes értékű eledel kifejlett kutyák számára. Összetétel: 68% marha (hús, tüdő, máj), 5% burgonya, 1,7% ásványi anyagok, 1% napraforgóolaj. Analitikai összetevők: fehérje 10,5%, zsírtartalom 5,5%, nyershamu 2%, nyersrost 0,3%, kalcium 0,24%, foszfor 0,16%. Nedvesség 77%. Adalékanyagok/kg: tápértékkel rendelkező adalékanyagok: jód (3b202) 0,5mg, mangán (3b504) 3mg, cink (3b606) 15,2mg. Nyomokban egyéb összetevőket is tartalmazhat. Tovább olvasok"}
{"breadcrumb": "Főoldal/Kutya/Eledelek/Nedves eledelek/Real Nature Classic kutya tálka adult marha&csirke 17x100g", "product_name": "Real Nature Classic kutya tálka adult marha&csirke 17x100gReal Nature Classic kutya tálka adult marha&csirke 17x100g", "brand": "Real NatureOriginal0g – 100gFelnőttszárnyastálkagabonamentes", "regular_price": "8 994", "selling_price": "8 394", "price_per_unit": "499 Ft", "product_url": "https://webshop.fressnapf.hu/termekek/real-nature-classic-kutya-talka-adult-borjuszivcsirke-100g/", "product_description": "Adult Marha és Csirke Napraforgóolajjal. Pástétom. Hozzáadott cukor, szója, mesterséges tartósítószerek, színezékek és aromaanyagok nélkül. Teljes értékű eledel kifejlett kutyák számára. Összetétel: 34% marha (hús, tüdő, máj), 34% csirke (hús, máj, nyak), 5% burgonya, 1,7% ásványi anyagok, 1% napraforgóolaj. Analitikai összetevők: fehérje 10,5%, zsírtartalom 5,5%, nyershamu 2%, nyersrost 0,3%, kalcium 0,24%, foszfor 0,16%. Nedvesség 77%. Adalékanyagok/kg: tápértékkel rendelkező adalékanyagok: jód (3b202) 0,5mg, mangán (3b504) 3mg, cink (3b606) 15,2mg. Tovább olvasok"}
{"breadcrumb": "Főoldal/Kutya/Eledelek/Nedves eledelek/REAL NATURE Classic kutya tasak adult borjúszív&csirke 6x300g", "product_name": "REAL NATURE Classic kutya tasak adult borjúszív&csirke 6x300gREAL NATURE Classic kutya tasak adult borjúszív&csirke 6x300g", "brand": "Real Nature201g – 400gFelnőttmarha&borjútasak", "regular_price": "5 094", "selling_price": "4 794", "price_per_unit": "899 Ft", "product_url": "https://webshop.fressnapf.hu/termekek/real-nature-classic-kutya-tasak-adult-borjuszivcsirke-300g/", "product_description": "Könnyen kezelhető adagolótasak a frissesség megőrzéséhez és a praktikus adagoláshoz, vagy útközbeni használatra Kiváló minőségű állati fehérjék, a legjobb szénhidrátok és gondosan válogatott növényi összetevők. Mesterséges tartósítószerek, színezékek és aromák, valamint cukor hozzáadása nélkül A kiváló minőségű, teljes értékű táplálék egy, két vagy legfeljebb három különböző állati fehérjeforrást, kiváló minőségű növényi összetevőket, például burgonyát vagy teljes kiőrlésű tésztát és értékes olajokat tartalmaz. Csak azt tartalmazza, ami fel van tüntetve! A REAL NATURE a természet legjavát nyújtja. Lelkiismeretesen válogattunk ki minden összetevőt, hogy azok megfeleljenek a legmagasabb minőségi követelményeknek. Az előnyök áttekintése: Hozzáadott cukor, színezék, aromák vagy tartósítószerek nélkül Megőrzi a természetes tápértékeket Állati fehérjeliszt és csontliszt nélkül Könnyen kezelhető adagolótasak a frissesség megőrzéséhez és a praktikus adagoláshoz, vagy útközbeni használatra Kiváló minőségű állati fehérjék, a legjobb szénhidrátok és gondosan válogatott növényi összetevők A REAL NATURE speciálisan kutyája igényeihez igazodik, és figyelembe veszi a különleges, életkornak megfelelő táplálkozási igényeket Analitikai összetevők: 11% fehérje, 6,5% zsírtartalom, 1,9% nyershamu, 0,4% nyersrost, 0,23% kalcium, 0,18% foszfor Összetétel: 34% borjú (26% szív, tüdő), 34% csirke (szív, hús, máj, zúza, nyak), 25,5% ivóvíz, 5% burgonya, 1% ásványi anyag, 0,1% rozmaring, 0,1% borsikafű, 0,1% kakukkfű, 0,1% majoránna, 0,1% babérlevél Adalékanyag/kg: 200 NE D3-vitamin, 0,75mg jód (kalcium, vízmentes), 1,4mg mangán (mangán(II)-szulfát, monohidrát),  25mg cink (cinkszulfát, monohidrát) Táplálási javaslat: A kutya súlya Napi adagolás 2 kg 120 g 5 kg 250 g 7,5 kg 330 g 10 kg 410 g 15 kg 560 g 20 kg 690 g A megadott adatok irányadó értékek. A tényleges tápanyagigény a fajtától, az életkortól és az aktivitástól függ. Jutalomfalatok hozzáadása esetén ennek megfelelően csökkentse a táp mennyiségét. Felbontás után hűtőszekrényben tárolja. Szobahőmérsékleten tálalja. Nyomokban tartalmazhat egyéb összetevőket. Hűvös és száraz helyen tárolja. Tovább olvasok"}
{"breadcrumb": "Főoldal/Kutya/Eledelek/Nedves eledelek/REAL NATURE Classic kutya tasak adult marha&burgonya 6x300g", "product_name": "REAL NATURE Classic kutya tasak adult marha&burgonya 6x300gREAL NATURE Classic kutya tasak adult marha&burgonya 6x300g", "brand": "Real Nature201g – 400gFelnőttmarha&borjúgabonamentestasak", "regular_price": "8 994", "selling_price": "8 394", "price_per_unit": "899 Ft", "product_url": "https://webshop.fressnapf.hu/termekek/real-nature-classic-kutya-tasak-junior-marhaburgonya-300g/", "product_description": "Könnyen kezelhető adagolótasak a frissesség megőrzéséhez és a praktikus adagoláshoz, vagy útközbeni használatra Kiváló minőségű állati fehérjék, a legjobb szénhidrátok és gondosan válogatott növényi összetevők. Mesterséges tartósítószerek, színezékek és aromák, valamint cukor hozzáadása nélkül A kiváló minőségű, teljes értékű táplálék egy, két vagy legfeljebb három különböző állati fehérjeforrást, kiváló minőségű növényi összetevőket, például burgonyát vagy teljes kiőrlésű tésztát és értékes olajokat tartalmaz. Csak azt tartalmazza, ami fel van tüntetve! A REAL NATURE a természet legjavát nyújtja. Lelkiismeretesen válogattunk ki minden összetevőt, hogy azok megfeleljenek a legmagasabb minőségi követelményeknek. Az előnyök áttekintése: Hozzáadott cukor, színezék, aromák vagy tartósítószerek nélkül Megőrzi a természetes tápértékeket Állati fehérjeliszt és csontliszt nélkül Könnyen kezelhető adagolótasak a frissesség megőrzéséhez és a praktikus adagoláshoz, vagy útközbeni használatra Kiváló minőségű állati fehérjék, a legjobb szénhidrátok és gondosan válogatott növényi összetevők A REAL NATURE speciálisan kutyája igényeihez igazodik, és figyelembe veszi a különleges, életkornak megfelelő táplálkozási igényeket Analitikai összetevők: 11,5% fehérje, 7,2% zsírtartalom,  1,7% nyershamu, 0,5% nyersrost, 0,2% kalcium, 0,17% foszfor Összetétel: 68% marha (szív, hús, máj, tüdő, gyomor), 25,5% ivóvíz, 5% burgonya, 1% ásványi anyag, 0,5% feketekömény olaj Adalékanyag/kg: 200 NE  D3-vitamin, 0,75 mg jód (kalcium-jodát, vízmentes), 1,4 mg mangán (mangán(II)-szulfát, monohidrát), 25 mg cink (cink-szulfát, monohidrát) Táplálási javaslat: A kutya súlya Napi adagolás 2 kg 120 g 5 kg 250 g 7,5 kg 330 g 10 kg 410 g 15 kg 560 g 20 kg 690 g A megadott adatok irányadó értékek. A tényleges tápanyagigény a fajtától, az életkortól és az aktivitástól függ. Jutalomfalatok hozzáadása esetén ennek megfelelően csökkentse a táp mennyiségét. Felbontás után hűtőszekrényben tárolja. Szobahőmérsékleten tálalja. Nyomokban tartalmazhat egyéb összetevőket. Hűvös és száraz helyen tárolja. Tovább olvasok"}
{"breadcrumb": "Főoldal/Kutya/Eledelek/Nedves eledelek/REAL NATURE Classic kutya tasak adult szarvas&csirke 6x300g", "product_name": "REAL NATURE Classic kutya tasak adult szarvas&csirke 6x300gREAL NATURE Classic kutya tasak adult szarvas&csirke 6x300g", "brand": "Real Nature201g – 400gFelnőttvegyesgabonamentestasak", "regular_price": "8 994", "selling_price": "8 394", "price_per_unit": "899 Ft", "product_url": "https://webshop.fressnapf.hu/termekek/real-nature-classic-kutya-tasak-adult-szarvascsirke-300g/", "product_description": "Könnyen kezelhető adagolótasak a frissesség megőrzéséhez és a praktikus adagoláshoz, vagy útközbeni használatra Kiváló minőségű állati fehérjék, a legjobb szénhidrátok és gondosan válogatott növényi összetevők. Mesterséges tartósítószerek, színezékek és aromák, valamint cukor hozzáadása nélkül A kiváló minőségű, teljes értékű táplálék egy, két vagy legfeljebb három különböző állati fehérjeforrást, kiváló minőségű növényi összetevőket, például burgonyát vagy teljes kiőrlésű tésztát és értékes olajokat tartalmaz. Csak azt tartalmazza, ami fel van tüntetve! A REAL NATURE a természet legjavát nyújtja. Lelkiismeretesen válogattunk ki minden összetevőt, hogy azok megfeleljenek a legmagasabb minőségi követelményeknek. Az előnyök áttekintése: Hozzáadott cukor, színezék, aromák vagy tartósítószerek nélkül Megőrzi a természetes tápértékeket Állati fehérjeliszt és csontliszt nélkül Könnyen kezelhető adagolótasak a frissesség megőrzéséhez és a praktikus adagoláshoz, vagy útközbeni használatra Kiváló minőségű állati fehérjék, a legjobb szénhidrátok és gondosan válogatott növényi összetevők A REAL NATURE speciálisan kutyája igényeihez igazodik, és figyelembe veszi a különleges, életkornak megfelelő táplálkozási igényeket Analitikai összetevők: 12% fehérje, 6% zsírtartalom, 1,5% nyershamu, 0,4% nyersrost, 0,2 % kalcium, 0,15% foszfor Összetétel: 34% szarvas (hús, máj), 26% csirke (szív, hús, máj, zúza, nyak), 25,5% ivóvíz, 5% teljes kiőrlésű tészta, 1% ásványi anyag, 0,5% lenmagolaj Adalékanyag/kg: 200 NE D3-vitamin, 1,5 mg réz (réz(II)-szulfát, pentahidrát), 0,75mg jód (kalcium-jodát, vízmentes), 1,4 mg mangán (mangán(II)-szulfát, monohidrát), 25 mg cink (cink-szulfát, monohidrát) Táplálási javaslat: A kutya súlya Napi adagolás 2 kg 120 g 5 kg 250 g 7,5 kg 330 g 10 kg 410 g 15 kg 560 g 20 kg 690 g A megadott adatok irányadó értékek. A tényleges tápanyagigény a fajtától, az életkortól és az aktivitástól függ. Jutalomfalatok hozzáadása esetén ennek megfelelően csökkentse a táp mennyiségét. Felbontás után hűtőszekrényben tárolja. Szobahőmérsékleten tálalja. Nyomokban tartalmazhat egyéb összetevőket. Hűvös és száraz helyen tárolja. Tovább olvasok"}
{"breadcrumb": "Főoldal/Kutya/Eledelek/Nedves eledelek/REAL NATURE Classic kutya tasak junior borjú&csirke 6x300g", "product_name": "REAL NATURE Classic kutya tasak junior borjú&csirke 6x300gREAL NATURE Classic kutya tasak junior borjú&csirke 6x300g", "brand": "Real Nature201g – 400gKölyökmarha&borjútasak", "regular_price": "8 994", "selling_price": "8 394", "price_per_unit": "899 Ft", "product_url": "https://webshop.fressnapf.hu/termekek/real-nature-classic-kutya-tasak-junior-borjucsirke-300g/", "product_description": "Könnyen kezelhető adagolótasak a frissesség megőrzéséhez és a praktikus adagoláshoz, vagy útközbeni használatra Állati fehérjeliszt és csontliszt nélkül Mesterséges tartósítószerek, színezékek és aromák, valamint cukor hozzáadása nélkül A kiváló minőségű, teljes értékű táplálék egy, két vagy legfeljebb három különböző állati fehérjeforrást, kiváló minőségű növényi összetevőket, például burgonyát vagy teljes kiőrlésű tésztát és értékes olajokat tartalmaz. A kalcium és a foszfor megfelelő aránya, a megnövelt vitamintartalom és a megfelelő nyerszsírtartalom hozzájárul az egészséges fejlődéshez. A REAL NATURE kölyökkutyák és fiatal kutyák, továbbá vemhes és szoptató kutyák számára kialakított eledel. Az előnyök áttekintése: Megőrzi a természetes tápértékeket Állati fehérjeliszt és csontliszt nélkül Hozzáadott cukor, színezék, aromák vagy tartósítószerek nélkül Könnyen kezelhető adagolótasak a frissesség megőrzéséhez és a praktikus adagoláshoz, vagy útközbeni használatra A REAL NATURE Junior a legkiválóbb minőségű összetevőket tartalmazza, kifejezetten az Ön kutyájának igényeire szabva. Analitikai összetevők: 12,5% fehérje, 7% zsírtartalom, 1,8% nyershamu, 0,5% nyersrost, 0,31% kalcium, 0,26% foszfor. Összetétel: 32% borjú (tüdő, szív, hús, máj) 28% csirke (hús, szív, zúza, máj) 25,5% ivóvíz,  8% kacsaszív 5% burgonya 1% ásványi anyag 0,5% kenderolaj Adalékanyag/kg: 200 NE D3-vitamin, 0,75 mg jód (kalcium-jodát, vízmentes), 1,4 mg mangán (mangán(II)-sulfat, monohidrát), 25mg cink (cink-szulfát, monohidrát) Táplálási javaslat: A kutya életkora hónapokban A kutya végleges súlya 2 3-5 6-8 9-10 11-12 2 kg 160 g 175-190 g 190 g 185 g Adult 5 kg 320 g 355-380 g 380 g 365 g Adult 7 kg 385 g 440-490 g 490 g 470 g Adult 10 kg 485 g 565-635 g 640 g 615 g Adult 15 kg 635 g 755-860 g 870 g 860 g 830 g 20 kg 765 g 935-1065 g 1080 g 1070 g 1030 g A megadott adatok irányadó értékek. A tényleges tápanyagigény a fajtától, az életkortól és az aktivitástól függ. Jutalomfalatok hozzáadása esetén ennek megfelelően csökkentse a táp mennyiségét. Felbontás után hűtőszekrényben tárolja. Szobahőmérsékleten tálalja. Nyomokban tartalmazhat egyéb összetevőket. Tovább olvasok"}
{"breadcrumb": "Főoldal/Kutya/Eledelek/Nedves eledelek/Real Nature Classic macska tálka senior csirke&kacsa 17x100g", "product_name": "Real Nature Classic macska tálka senior csirke&kacsa 17x100gReal Nature Classic macska tálka senior csirke&kacsa 17x100g", "brand": "Real NatureClassic0g – 100gIdőspástétomtálka", "regular_price": "8 994", "selling_price": "8 394", "price_per_unit": "499 Ft", "product_url": "https://webshop.fressnapf.hu/termekek/real-nature-classic-macska-talka-senior-csirkekacsa-17x100g/", "product_description": "Senior Csirke Kacsával és Repceolajjal. Pástétom. Hozzáadott cukor, szója, mesterséges tartósítószerek, színezékek és aromaanyagok nélkül. Teljes értékű eledel idősebb kutyák számára. Összetétel: 54% csirke (hús, máj, nyak), 14% kacsaszív, 5% burgonya, 1,7% ásványi anyagok, 0,5% repceolaj. Analitikai összetevők: fehérje 10,5%, zsírtartalom 5%, nyershamu 2%, nyersrost 0,3%, kalcium 0,46%, foszfor 0,29%. Nedvesség 77%. Adalékanyagok/kg: tápértékkel rendelkező adalékanyagok: jód (3b202) 0,5mg, mangán (3b504) 3mg, cink (3b606) 15,2mg. Nyomokban egyéb összetevőket is tartalmazhat. Tovább olvasok"}
{"breadcrumb": "Főoldal/Kutya/Eledelek/Száraz eledelek/Real Nature Country Alpine kutya szárazeledel adult marha&pulyka 1kg", "product_name": "Real Nature Country Alpine kutya szárazeledel adult marha&pulyka 1kgReal Nature Country Alpine kutya szárazeledel adult marha&pulyka 1kg", "brand": "Real NatureCountry801g – 1kgFelnőttmarha&borjúgabonamentesközepes testű 11-25kg", "regular_price": "3 799", "selling_price": "3 299", "price_per_unit": "1 kg=3299 Ft", "product_url": "https://webshop.fressnapf.hu/termekek/real-nature-country-alpine-kutya-szarazeledel-adult-marhapulyka-1kg/", "product_description": "Gabonamentes receptúra, táplálékra érzékeny kutyák számára is alkalmas Nagy arányban tartalmaz friss marhahúst Válogatott összetevők az alpesi régióból REAL NATURE Country Selection Alpine A „REAL NATURE COUNTRY SELECTION” kulináris utazásra viszi kutyáját Európa legszebb régióiba – olyan összetevőkkel, amelyeket a természet helyben kínál. Közvetlenül a régióból származó válogatott állati és növényi alapanyagok. A REAL NATURE COUNTRY SELECTION „Alpine” gabonamentes receptúrája pulykát és friss marhahúst tartalmaz. Az alpesi régióból származó kiváló minőségű marhahús fehérje, az osztrák sütőtök és az ementáli sajt kombinációjából az alpesi konyhát idéző kiegyensúlyozott és ízletes, teljes értékű kutyaeledel született. A REAL NATURE COUNTRY SELECTION természetes összetevőket kínál, amelyeket táplálkozásfiziológiailag hasznos és értékes vitaminok és ásványi anyagok egészítenek ki – garantáltan mesterséges tartósítószerek, színezékek és aromák hozzáadása nélkül. Tudatosan ügyelünk az olyan receptúrákra, amelyek kizárólag válogatott alapanyagokból készülnek, felesleges adalékanyagok nélkül. Ezért a REAL NATURE COUNTRY SELECTION a táplálékra érzékeny kutyák számára is megfelelő.” Az alpesi régióból származó olyan válogatott alapanyagokkal, mint például a marhahúsfehérje, az ementáli sajt és a sütőtök Magas frisshús-tartalom Kiegyensúlyozott állati fehérje tartalom Gabonamentes receptúra, táplálékra érzékeny kutyák számára is alkalmas táplálkozásfiziológiailag értékes ásványi anyagokkal és vitaminokkal kiegészítve garantáltan mesterséges tartósítószerek, színezékek és aromák hozzáadása nélkül Analitikai összetevők 24,5% fehérje, 13,5% zsírtartalom, 7% nyershamu, 4% nyersrost, 1,40% kalcium, 0,90% foszfor. Összetétel Összetétel: pulykafehérje (18%), burgonya (17%), burgonyapehely (17%), friss marhahús (14 %), alpesi marhahúsfehérje (8,4%)*, baromfizsír (8,3%), szárított, cukortalanított répaszeletek, (5,7%), burgonyakeményítő (5%), napraforgóolaj (1%), baromfimáj-hidrolizátum (1%), almatörköly (1%), monokalcium-foszfát (0,5%), osztrák tökliszt (0,5%)*, tojáspor (0,4%), élesztő (0,4%), nátrium-klorid (0,3%), sajtpor (többek között 30% svájci ementáli; 0,2%)*, lenmag (0,2%), petrezselyem, rozmaring, csalánfű, yucca schidigera, alpesi enciángyökér (0,015%)*, kamilla, zsálya, kakukkfű, koriander, gyermekláncfű, édesgyökér, medvehagyma, zsázsa Adalékanyag/kg Táplálkozásfiziológiai adalékanyagok/kg: 12000 NE A-vitamin, 1200 NE D3-vitamin, 10 mg réz (réz(II)-szulfát, pentahidrát), 60 mg vas (vas(II)-szulfát, monohidrát), 1 mg jód (kálium-jodid), 22 mg mangán (mangán(II)-oxid), 0,2 mg szelén (nátrium-szelenit), 100 mg cink (cink-szulfát, monohidrát). Táplálási javaslat Átlagos igény 5 kg 75 g 10 kg 120 g 20 kg 205 g 30 kg 275 g 40 kg 340 g 50 kg 400 g 60 kg 460 g 70 kg 515 g 80 kg 570 g A megadott adatok irányadó értékek. A tényleges tápanyagigény a fajtától, az életkortól és az aktivitástól függ. Ügyeljen arra, hogy jutalomfalatok hozzáadása esetén csökkentse a megadott tápmennyiséget. Mindig álljon rendelkezésre friss ivóvíz. Tovább olvasok"}
{"breadcrumb": "Főoldal/Kutya/Eledelek/Száraz eledelek/REAL NATURE Country Alpine kutya szárazeledel adult pulyka&marha 12kg", "product_name": "REAL NATURE Country Alpine kutya szárazeledel adult pulyka&marha 12kgREAL NATURE Country Alpine kutya szárazeledel adult pulyka&marha 12kg", "brand": "Real NatureCountry10,1 – 12kgFelnőttszárnyasgabonamentes", "regular_price": "9 999", "selling_price": "8 999", "price_per_unit": "1 kg=2083 Ft", "product_url": "https://webshop.fressnapf.hu/termekek/real-nature-country-alpine-adult-pulykamarha-12kg/", "product_description": "REAL NATURE COUNTRY SELECTION Alpine – Adult: Pulykával & Alpesi Marhával – Ementáli Sajttal és Tökkel. Természetes összetevőkből, vitaminokkal és ásványi anyagokkal dúsítva, hozzáadott tartósítószerek, színezékek és ízfokozók nélkül. Teljes értékű takarmány bármilyen fajtájú és termetű kifejlett kutyák számára, 11-24 hónapos kortól (a kutya termetétől függően). Összetétel: pulykahús-fehérje (18%), burgonya (17%), burgonyapehely (17%), friss marhahús (14%), marhahús-fehérje az alpesi régióból (8,4%)*, baromfizsír (8,3%), szárított és cukormentesített répaszeletek (5,7%), burgonyakeményítő (5%), napraforgóolaj (1%), baromfimáj-hidrolizátum (1%), almatörköly (1%), monokalcium-foszfát (0,5%), osztrák tökliszt (0,5%)*, tojáspor (0,4%), élesztő (0,4%), nátrium-klorid (0,3%), sajtpor (többek között 30% svájci ementáli; 0,2%*), lenmag (0,2%), petrezselyem, rozmaring, csalán, Yucca Schidigera, alpesi enciángyökér (0,015%)*, kamilla, zsálya, kakukkfű, koriander, gyermekláncfű, édesgyökér, medvehagyma, zsázsa. Nyomokban egyéb összetevőket is tartalmazhat. Tovább olvasok"}
{"breadcrumb": "Főoldal/Kutya/Eledelek/Száraz eledelek/REAL NATURE Country Alpine kutya szárazeledel junior pulyka&marha 12kg", "product_name": "REAL NATURE Country Alpine kutya szárazeledel junior pulyka&marha 12kgREAL NATURE Country Alpine kutya szárazeledel junior pulyka&marha 12kg", "brand": "Real NatureCountry10,1 – 12kgKölyökszárnyasgabonamentes", "regular_price": "3 799", "selling_price": "3 299", "price_per_unit": "1 kg=2083 Ft", "product_url": "https://webshop.fressnapf.hu/termekek/real-nature-country-alpine-junior-pulykamarha-12kg/", "product_description": "REAL NATURE COUNTRY SELECTION Alpine – Junior: Pulykával & Alpesi Marhával – Ementáli Sajttal és Tökkel. Természetes összetevőkből, vitaminokkal és ásványi anyagokkal dúsítva, hozzáadott tartósítószerek, színezékek és ízfokozók nélkül. Teljes értékű eledel bármilyen fajtájú és termetű kölyök- és fiatal kutya számára, az elválasztástól kb. 24 hónapos életkorig (a kutya termetétől függően). Összetétel: pulykahús-fehérje (19,5%), burgonya (16,5%), burgonyapehely (14,5%), friss marhahús (14%), marhahús-fehérje az alpesi régióból (8,4%), baromfizsír (8,3%), szárított és cukormentesített répaszeletek (5,7%), burgonyakeményítő (5,5%), napraforgóolaj (2%), baromfimáj-hidrolizátum (1%), almatörköly (1%), monokalcium-foszfát (0,5%), osztrák tökliszt (0,5%)*, tojáspor (0,4%), élesztő (0,4%), nátrium-klorid (0,3%), sajtpor (többek között 30 % svájci ementáli; 0,2%*), lenmag (0,2%), petrezselyem, rozmaring, csalán, Yucca Schidigera, alpesi enciángyökér (0,015%)*, kamilla, zsálya, kakukkfű, koriander, gyermekláncfű, édesgyökér, medvehagyma, zsázsa. Nyomokban egyéb összetevőket is tartalmazhat. Tovább olvasok"}
{"breadcrumb": "Főoldal/Kutya/Eledelek/Száraz eledelek/REAL NATURE Country Alpine kutya szárazeledel junior pulyka&marha 1kg", "product_name": "REAL NATURE Country Alpine kutya szárazeledel junior pulyka&marha 1kgREAL NATURE Country Alpine kutya szárazeledel junior pulyka&marha 1kg", "brand": "Real NatureCountry801g – 1kgKölyökszárnyasgabonamentes", "regular_price": "3 799", "selling_price": "3 299", "price_per_unit": "1 kg=3299 Ft", "product_url": "https://webshop.fressnapf.hu/termekek/real-nature-country-alpine-junior-pulykamarha-1kg/", "product_description": "REAL NATURE COUNTRY SELECTION Alpine – Junior: Pulykával & Alpesi Marhával – Ementáli Sajttal és Tökkel. Természetes összetevőkből, vitaminokkal és ásványi anyagokkal dúsítva, hozzáadott tartósítószerek, színezékek és ízfokozók nélkül. Teljes értékű takarmány bármilyen fajtájú és termetű kölyök- és fiatal kutya számára, az elválasztástól kb. 24 hónapos életkorig (a kutya termetétől függően). Összetétel: pulykahús-fehérje (19,5%), burgonya (16,5%), burgonyapehely (14,5%), friss marhahús (14%), marhahús-fehérje az alpesi régióból (8,4%), baromfizsír (8,3%), szárított és cukormentesített répaszeletek (5,7%), burgonyakeményítő (5,5%), napraforgóolaj (2%), baromfimáj-hidrolizátum (1%), almatörköly (1%), monokalcium-foszfát (0,5%), osztrák tökliszt (0,5%)*, tojáspor (0,4%), élesztő (0,4%), nátrium-klorid (0,3%), sajtpor (többek között 30 % svájci ementáli; 0,2%*), lenmag (0,2%), petrezselyem, rozmaring, csalán, Yucca Schidigera, alpesi enciángyökér (0,015%)*, kamilla, zsálya, kakukkfű, koriander, gyermekláncfű, édesgyökér, medvehagyma, zsázsa. Nyomokban egyéb összetevőket is tartalmazhat. Tovább olvasok"}
{"breadcrumb": "Főoldal/Kutya/Eledelek/Száraz eledelek/Real Nature Country Irish Green kutya szárazeledel adult bárány&kacsa 12kg", "product_name": "Real Nature Country Irish Green kutya szárazeledel adult bárány&kacsa 12kgReal Nature Country Irish Green kutya szárazeledel adult bárány&kacsa 12kg", "brand": "Real NatureCountry10,1 – 12kgFelnőttjuh&bárány&kecskeközepes testű 11-25kg", "regular_price": "9 999", "selling_price": "8 999", "price_per_unit": "1 kg=2083 Ft", "product_url": "https://webshop.fressnapf.hu/termekek/real-nature-country-irish-green-kutya-szarazeledel-adult-baranykacsa-12kg/", "product_description": "Gabonamentes receptúra Friss bárányhússal Nem tartalmaz cukrot, mesterséges tartósítószereket, színezékeket és aromákat A REAL NATURE Country Selection kulináris utazásra viszi kutyáját Európa legszebb régióiba. A természetben fellelhető összetevőkből. Közvetlenül a régióból származó válogatott állati és növényi alapanyagok. A REAL NATURE COUNTRY SELECTION „Irish Green” gabonamentes receptúrája friss ír bárányt és kacsát tartalmaz minőségi állati fehérjeforrásként, továbbá céklát és borsmentát, illetve Írország zord partjairól származó ír algát. A REAL NATURE COUNTRY SELECTION természetes összetevőket kínál, amelyeket táplálkozásfiziológiailag hasznos és értékes vitaminok és ásványi anyagok egészítenek ki – garantáltan cukor, mesterséges tartósítószerek, színezékek és aromák hozzáadása nélkül. Tudatosan ügyelünk az olyan receptúrákra, amelyek kizárólag válogatott alapanyagokból készülnek, felesleges adalékanyagok nélkül. Ezért a REAL NATURE COUNTRY SELECTION a táplálékra érzékeny kutyák számára is alkalmas. Az előnyök áttekintése: Gabonamentes receptúra Friss bárányhússal Nem tartalmaz cukrot, mesterséges tartósítószereket, színezékeket és aromákat Táplálékra érzékeny kutyák számára is alkalmas. Analitikai összetevők 22% fehérje, 11% zsírtartalom, 6,5% nyershamu, 3,5% nyersrost, 1,3% kalcium, 0,9% foszfor. Összetétel friss írországi bárányhús (22%), írországi kacsafehérje (17%), burgonya (16%), burgonyapehely (16%), baromfizsír (8%), cékla (7%), írországi bárányfehérje (5%), almapüré (4%), hidrolizált baromfifehérje (2%), monokalcium-foszfát (0,5%), tojás (0,4%), élesztők (0,4%), nátrium-klorid (0,3%), írországi szárított alga (Ascophyllum nodosum, 0,2%), lenmag (0,2%), sárgarépa (0,2%), mannán-oligoszacharidok (0,015%), frukto-oligoszacharidok (0,01%), borsmenta (0,005%), petrezselyem (0,005%), rozmaring (0,005%), Yucca schidigera (0,005%), csalán (0,005%), kamilla (0,005%), zsálya (0,005%), kakukkfű (0,005%), koriander (0,005%), gyermekláncfű (0,005%), édesgyökér (0,005%), majoránna (0,005%), zsázsa (0,005%). Adalékanyag/kg 15000 NE A-vitamin, 1200 NE D3-vitamin, 3 mg B1-vitamin, 4 mg B2-vitamin, 75 mg vas (vas(II)-aminosav-kelát-monohidrát), 35 mg mangán (aminosav-mangánkelát, hidrát), 0,65 mg jód (kálium-jodid), 0,15 mg szelén (CNCM I-3060 saccharomyces cerevisiae-ból származó szelénélesztő, inaktivált), 85 mg cink (aminosav-cinkkelát, hidrát), 15 mg réz (réz(II)-aminosav-kelát-hidrát). Nyomokban tartalmazhat egyéb összetevőket. Táplálási javaslat A kutya súlya kg-ban Napi tápmennyiség 5 kg 80 g 10 kg 135 g 20 kg 230 g 30 kg 315 g 40 kg 390 g 50 kg 460 g 60 kg 525 g 70 kg 590 g 80 kg 650 g A megadott adatok irányadó értékek. A tényleges tápanyagigény a fajtától, az életkortól és az aktivitástól függ. Jutalomfalatok hozzáadása esetén ennek megfelelően csökkentse a táp mennyiségét. Mindig álljon rendelkezésre friss ivóvíz. Tovább olvasok"}
{"breadcrumb": "Főoldal/Kutya/Eledelek/Száraz eledelek/REAL NATURE Country Mediterran kutya szárazeledel adult bivaly&marha 12kg", "product_name": "REAL NATURE Country Mediterran kutya szárazeledel adult bivaly&marha 12kgREAL NATURE Country Mediterran kutya szárazeledel adult bivaly&marha 12kg", "brand": "Real NatureCountry10,1 – 12kgFelnőttegzotikusgabonamentes", "regular_price": "9 999", "selling_price": "8 999", "price_per_unit": "1 kg=2083 Ft", "product_url": "https://webshop.fressnapf.hu/termekek/real-nature-country-mediterran-adult-bivalymarha-12kg/", "product_description": "A Földközi-tenger aromája: A MEDITERRAN ADULT Olasz bivallyal & Marhával készült teljes értékű takarmány teljes értékű takarmány bármilyen fajtájú és termetű kifejlett kutya számára 11–24 hónapos kortól (a kutya termetétől függően). – Európa különleges régióiból származó válogatott összetevőkkel – Magas frisshús-tartalommal – Friss olaszországi bivalyhússal – Olasz mozzarellával, gesztenyével és hidegen préselt olasz olívaolajjal – Gabonaféléktől mentes receptúrák – Természetes összetevők, táplálkozás-élettani szempontból hasznos értékes vitaminokkal és ásványi anyagokkal kiegészítve; hozzáadott mesterséges tartósítószerek, színezékek és ízfokozók nélkül Tovább olvasok"}
{"breadcrumb": "Főoldal/Kutya/Eledelek/Száraz eledelek/REAL NATURE Country Mediterran kutya szárazeledel adult bivaly&marha 4kg", "product_name": "REAL NATURE Country Mediterran kutya szárazeledel adult bivaly&marha 4kgREAL NATURE Country Mediterran kutya szárazeledel adult bivaly&marha 4kg", "brand": "Real NatureCountry1,1kg – 4kgFelnőttegzotikusgabonamentes", "regular_price": "11 499", "selling_price": "9 999", "price_per_unit": "1 kg=2500 Ft", "product_url": "https://webshop.fressnapf.hu/termekek/real-nature-country-mediterran-adult-bivalymarha-4kg/", "product_description": "A Földközi-tenger aromája: A MEDITERRAN ADULT Olasz bivallyal & Marhával készült teljes értékű takarmány teljes értékű takarmány bármilyen fajtájú és termetű kifejlett kutya számára 11–24 hónapos kortól (a kutya termetétől függően). – Európa különleges régióiból származó válogatott összetevőkkel – Magas frisshús-tartalommal – Friss olaszországi bivalyhússal – Olasz mozzarellával, gesztenyével és hidegen préselt olasz olívaolajjal – Gabonaféléktől mentes receptúrák – Természetes összetevők, táplálkozás-élettani szempontból hasznos értékes vitaminokkal és ásványi anyagokkal kiegészítve; hozzáadott mesterséges tartósítószerek, színezékek és ízfokozók nélkül Tovább olvasok"}
{"breadcrumb": "Főoldal/Kutya/Eledelek/Száraz eledelek/Real Nature Country Mediterran kutya szárazeledel adult bölény&marha 1kg", "product_name": "Real Nature Country Mediterran kutya szárazeledel adult bölény&marha 1kgReal Nature Country Mediterran kutya szárazeledel adult bölény&marha 1kg", "brand": "Real NatureCountry801g – 1kgFelnőttegzotikusgabonamentesközepes testű 11-25kg", "regular_price": "9 999", "selling_price": "8 999", "price_per_unit": "1 kg=3299 Ft", "product_url": "https://webshop.fressnapf.hu/termekek/real-nature-country-mediterran-kutya-szarazeledel-adult-bolenymarha-1kg/", "product_description": "Gabonamentes receptúra, táplálékra érzékeny kutyák számára is alkalmas Magas frisshús-tartalom Olaszországból származó válogatott összetevőkkel A REAL NATURE Country Selection kulináris utazásra viszi kutyáját Európa legszebb régióiba – olyan összetevőkkel, amelyeket a természet helyben kínál. Közvetlenül a régióból származó válogatott állati és növényi alapanyagok. REAL NATURE Country Selection Mediterran – Adult: A MEDITERRAN gabonamentes receptúra friss olasz bivalyhúst, valamint olasz mozzarellát, gesztenyét és hidegen sajtolt, olasz olívaolajat tartalmaz. A REAL NATURE Country Selection természetes összetevőket* kínál, amelyeket táplálkozásfiziológiailag hasznos és értékes vitaminok és ásványi anyagok egészítenek ki – garantáltan mesterséges tartósítószerek, színezékek és aromák hozzáadása nélkül. Ezért a REAL NATURE Country Selection a táplálékra érzékeny kutyák számára is alkalmas. Az alacsony energiatartalomnak köszönhetően a receptúra ideális ivartalanított kutyák számára.” Az előnyök áttekintése: Olaszországból származó válogatott alapanyagokból, mint a friss bivalyhús, mozzarella, gesztenye Magas frisshús-tartalom Kiegyensúlyozott állati fehérje tartalom Gabonamentes receptúra, táplálékra érzékeny kutyák számára is alkalmas táplálkozásfiziológiailag értékes ásványi anyagokkal és vitaminokkal kiegészítve garantáltan mesterséges tartósítószerek, színezékek és aromák hozzáadása nélkül *a válogatott alapanyagokban Analitikai összetevők 24% fehérje, 8% zsírtartalom, 6,5% nyershamu, 3% nyersrost, 1,2% kalcium, 0,9% foszfor. Energiatartalom (ME) 14,26 MJ/kg Összetétel friss olasz bivalyhús (16%), burgonya (16%), burgonyapehely (15%), marhatepertő (15%), baromfizsír (7%), cékla (6,5%), marhafehérje (6%), burgonyaliszt (6%), vaddisznófehérje (4%), hidrolizált baromfifehérje (2%), monokalcium-foszfát (1%), paradicsomtörköly (1%), lenmag (1%), kalcium-karbonát (0,6%), olasz olívaolaj (0,5%), napraforgóolaj (0,5%), olasz gesztenyeliszt (0,5%), nátrium-klorid (0,4%), szőlőtörköly (0,1%), édeskömény (0,05%), olasz mozzarella sajtpor (0,05%), mannán-oligoszacharidok (0,015%), frukto-oligoszacharidok (0,01%), majoránna (0,005%), rozmaring (0,005%), bazsalikom (0,005%), kagylóliszt (0,005%), Yucca schidigera (0,005%), gyermekláncfű (0,005%), borsikafű (0,005%), gyömbér (0,005%), zsálya (0,005%), nyírfalevél (0,005%), édesgyökér (0,005%), kamilla (0,005%), kakukkfű (0,005%) Adalékanyag/kg 15000 NE A-vitamin, 1200 NE D3-vitamin, 3 mg B1-vitamin, 4 mg B2-vitamin, 75 mg vas (vas(II)-aminosav-kelát-monohidrát), 35 mg mangán (aminosav-mangánkelát, hidrát), 0,65 mg jód (kálium-jodid), 0,15 mg szelén (CNCM I-3060 saccharomyces cerevisiae-ból származó szelénélesztő, inaktivált), 85 mg cink (aminosav-cinkkelát, hidrát), 15 mg réz (réz(II)-aminosav-kelát-hidrát). Nyomokban tartalmazhat egyéb összetevőket. Táplálási javaslat A kutya súlya Gramm/nap 5 kg 85 g 10 kg 140 g 20 kg 235 g 30 kg 320 g 40 kg 400 g 50 kg 470 g 60 kg 540 g 70 kg 605 g 80 kg 670 g A megadott adatok irányadó értékek. A tényleges tápanyagigény a fajtától, a kortól és az aktivitástól függ. Mindig álljon rendelkezésre friss ivóvíz. Bővebb információk a következő címen kérhetők: webshop@fressnapf.hu Tovább olvasok"}
{"breadcrumb": "Főoldal/Kutya/Eledelek/Száraz eledelek/REAL NATURE Country Scandinavia kutya szárazeledel adult lazac&rénszarva 12kg", "product_name": "REAL NATURE Country Scandinavia kutya szárazeledel adult lazac&rénszarva 12kgREAL NATURE Country Scandinavia kutya szárazeledel adult lazac&rénszarva 12kg", "brand": "Real NatureCountry10,1 – 12kgFelnőtthal&tenger gyümölcseigabonamentes", "regular_price": "3 699", "selling_price": "3 299", "price_per_unit": "1 kg=2083 Ft", "product_url": "https://webshop.fressnapf.hu/termekek/real-nature-country-scand-adult-lazacrenszarvas-12kg/", "product_description": "REAL NATURE COUNTRY SELECTION Scandinavia – Adult: Skandináv Lazaccal & Rénszarvassal – Vörös Áfonyával és finn Köménnyel. Természetes összetevőkből, vitaminokkal és ásványi anyagokkal dúsítva, hozzáadott tartósítószerek, színezékek és ízfokozók nélkül. Teljes értékű takarmány bármilyen fajtájú és termetű kifejlett kutyák számára, 11-24 hónapos kortól (a kutya termetétől függően). Összetétel: lazacliszt (19,8%), skandináv lazac, friss (16%)*, burgonyapehely (15%), burgonya (14,5%), burgonyakeményítő (11%), baromfizsír (6%), szárított, cukormentesített répaszeletek (5,5%), skandináv rénszarvas-fehérje (4%)*, baromfimáj hidrolizátum (1%), almatörköly (1%), napraforgóolaj (1%), monokalcium-foszfát (0,5%), tojáspor (0,4%), élesztő (0,4%), nátrium-klorid (0,3%), vörös áfonya (0,2%), tengeri alga-liszt (Ascophyllum Nodosum; 0,2%), lenmag (0,2%), finn köménymag (0,05%)*, petrezselyem, rozmaring, csalán, kamilla, zsálya, kakukkfű, koriander, gyermekláncfű, édesgyökér, medvehagyma, zsázsa, béta 1,3/1,6 glükán (0,006%). Nyomokban egyéb összetevőket is tartalmazhat. Tovább olvasok"}
{"breadcrumb": "Főoldal/Kutya/Eledelek/Száraz eledelek/REAL NATURE Country Scandinavia kutya szárazeledel mini adult lazac&rénszarva 1kg", "product_name": "REAL NATURE Country Scandinavia kutya szárazeledel mini adult lazac&rénszarva 1kgREAL NATURE Country Scandinavia kutya szárazeledel mini adult lazac&rénszarva 1kg", "brand": "Real NatureCountry801g – 1kgFelnőtthal&tenger gyümölcseigabonamenteskistestű 10kg-ig", "regular_price": "3 499", "selling_price": "2 999", "price_per_unit": "1 kg=3299 Ft", "product_url": "https://webshop.fressnapf.hu/termekek/real-nature-country-scand-mini-adult-lazacrenszarvas-1kg/", "product_description": "REAL NATURE COUNTRY SELECTION Scandinavia – Adult MINI: Skandináv Lazaccal & Rénszarvassal – Vörös Áfonyával és finn Köménnyel. Természetes összetevőkből, vitaminokkal és ásványi anyagokkal dúsítva, hozzáadott tartósítószerek, színezékek és ízfokozók nélkül. Teljes értékű takarmány felnőtt, kis termetű kifejlett kutyák számára, 11 hónapos kortól (1-10kg). Összetétel: lazacliszt (22%), skandináv lazac, friss (16%)*, burgonyapehely (14%), burgonya (13%), burgonyakeményítő (10,5%), baromfizsír (7%), szárított, cukormentesített répaszeletek (5,5%), skandináv rénszarvas-fehérje (4%)*, burgonyafehérje (1,8%), baromfimáj hidrolizátum (1%), almatörköly (1%), napraforgóolaj (1%), monokalcium-foszfát (0,5%), tojáspor (0,4%), élesztő (0,4%), nátrium-klorid (0,3%), vörös áfonya (0,2%), tengeri alga-liszt (Ascophyllum Nodosum; 0,2%), lenmag (0,2%), finn köménymag (0,05%)*, petrezselyem, rozmaring, csalán, kamilla, zsálya, kakukkfű, koriander, gyermekláncfű, édesgyökér, medvehagyma, zsázsa, béta 1,3/1,6 glükán (0,006%). Nyomokban egyéb összetevőket is tartalmazhat. Tovább olvasok"}
{"breadcrumb": "Főoldal/Kutya/Eledelek/Jutalomfalatok&rágcsák/Real Nature Original Deli Bites kutya jutalomfalat csirke 150g", "product_name": "Real Nature Original Deli Bites kutya jutalomfalat csirke 150gReal Nature Original Deli Bites kutya jutalomfalat csirke 150g", "brand": "Real Nature101g – 200gFelnőtt", "regular_price": "1399", "selling_price": "", "price_per_unit": "1 kg=9327 Ft", "product_url": "https://webshop.fressnapf.hu/termekek/real-nature-original-deli-bites-kutya-jutalomfalat-csirke-150g/", "product_description": "Csirkemell édesburgonyával, lenmaggal és kókuszolajjal. A Real Nature Original Deli Bites a válogatott természetes összetevőket a kiváló minőségű csirkemellel, valamint az ízletes szuperélelmiszereket, mint az édesburgonya, a lenmag és a kókuszolaj különleges jutalomfalatban ötvözik kutyája számára. Mivel hozzáadott gabona nélkül, mindössze egy kiválasztott állati eredetű fehérjeforrás felhasználásával készül, tökéletesen alkalmas az érzékeny emésztésű kutyák számára is. Természetesen cukor, mesterséges tartósítószerek, színezékek és aromaanyagok nélkül. Kiegészítő takarmány növendék kutyáknak 6 hónapos kortól, valamint kifejlett kutyáknak. Összetétel: csirkemellfilé 80%, édesburgonya 7%, burgonyakeményítő 6%, lenmag 2%, borsófehérje 2%, glicerin 2%, kókuszolaj 1%. Analitikai összetevők(%): fehérje 30, zsírtartalom 4, nyers hamu 3, nyersrost 2, nedvesség 22. Nyomokban egyéb összetevőket is tartalmazhat. Tovább olvasok"}
{"breadcrumb": "Főoldal/Kutya/Eledelek/Jutalomfalatok&rágcsák/Real Nature Original Deli Bites kutya jutalomfalat kacsa 150g", "product_name": "Real Nature Original Deli Bites kutya jutalomfalat kacsa 150gReal Nature Original Deli Bites kutya jutalomfalat kacsa 150g", "brand": "Real Nature101g – 200gFelnőtt", "regular_price": "1399", "selling_price": "", "price_per_unit": "1 kg=9327 Ft", "product_url": "https://webshop.fressnapf.hu/termekek/real-nature-original-deli-bites-kutya-jutalomfalat-kacsa-150g/", "product_description": "Kacsamell céklával, csicseriborsóval és kókuszolajjal. A Real Nature Original Deli Bites a válogatott természetes összetevőket a kiváló minőségű kacsamellel, valamint az ízletes szuperélelmiszereket, mint az cékla, a csicsriborsó és a kókuszolaj különleges jutalomfalatban ötvözik kutyája számára. Mivel hozzáadott gabona nélkül, mindössze egy kiválasztott állati eredetű fehérjeforrás felhasználásával készül, tökéletesen alkalmas az érzékeny emésztésű kutyák számára is. Természetesen cukor, mesterséges tartósítószerek, színezékek és aromaanyagok nélkül. Kiegészítő takarmány növendék kutyáknak 6 hónapos kortól, valamint kifejlett kutyáknak. Összetétel: kacsamellfilé 84%, burgonyakeményítő 5%, cékla 4%, csicseriborsó 2%, borsófehérje 2%, glicerin 2%, kókuszolaj 1%. Analitikai összetevők(%): fehérje 52, zsírtartalom 6, nyers hamu 3, nyersrost 3, nedvesség 22. Nyomokban egyéb összetevőket is tartalmazhat. Tovább olvasok"}
{"breadcrumb": "Főoldal/Kutya/Eledelek/Jutalomfalatok&rágcsák/Real Nature Original Deli Bites kutya jutalomfalat lazac 150g", "product_name": "Real Nature Original Deli Bites kutya jutalomfalat lazac 150gReal Nature Original Deli Bites kutya jutalomfalat lazac 150g", "brand": "Real Nature101g – 200gFelnőtt", "regular_price": "1399", "selling_price": "", "price_per_unit": "1 kg=9327 Ft", "product_url": "https://webshop.fressnapf.hu/termekek/real-nature-original-deli-bites-kutya-jutalomfalat-lazac-150g/", "product_description": "Lazacfilé goji bogyóval, matcha teával és kókuszolajjal. A Real Nature Original Deli Bites a válogatott természetes összetevőket a kiváló minőségű lazacfilével, valamint az ízletes szuperélelmiszereket, mint a goji bogyó, matcha tea és a kókuszolaj különleges jutalomfalatban ötvözik kutyája számára. Mivel hozzáadott gabona nélkül, mindössze egy kiválasztott állati eredetű fehérjeforrás felhasználásával készül, tökéletesen alkalmas az érzékeny emésztésű kutyák számára is. Természetesen cukor, mesterséges tartósítószerek, színezékek és aromaanyagok nélkül. Kiegészítő takarmány növendék kutyáknak 6 hónapos kortól, valamint kifejlett kutyáknak. Összetétel: lazacfilé 83%, burgonyakeményítő 9%, goji bogyó 2%, borsófehérje 2%, glicerin 2%, matcha tea por 1 %, kókuszolaj 1%. Analitikai összetevők(%): fehérje 58, zsírtartalom 6, nyers hamu 3, nyersrost 2, nedvesség 22. Nyomokban egyéb összetevőket is tartalmazhat. Tovább olvasok"}
{"breadcrumb": "Főoldal/Kutya/Eledelek/Jutalomfalatok&rágcsák/Real Nature Original Superfood kutya jutalomfalat kacsa&kivi 100g", "product_name": "Real Nature Original Superfood kutya jutalomfalat kacsa&kivi 100gReal Nature Original Superfood kutya jutalomfalat kacsa&kivi 100g", "brand": "Real NatureOriginal101g – 200gFelnőttszárnyasrágócsíkokpor", "regular_price": "1499", "selling_price": "", "price_per_unit": "1 kg=11992 Ft", "product_url": "https://webshop.fressnapf.hu/termekek/real-nature-original-superfood-kutya-jutalomfalat-kacsakivi-100g/", "product_description": "Kacsával, kivivel és tökmaggal. A REAL NATURE Original GranoBars az ízletes kacsamellet válogatott, müzlire emlékezteto összetevokkel, például zabbal, magvakkal és gyümölcsökkel kombinálja, különleges jutalomfalatot alkotva kutyája számára. Ráadásul praktikus rúdformátumban kaphatók, így séta közben is könnyen magunkkal vihetjük. Természetesen cukor, mesterséges tartósítószerek, színezékek és aromaanyagok nélkül. Kutyák számára. Rendkívül gyümölcsös. Búzamentes receptúra. Kiegészítő eledel kutyák számára kb. 4 hónapos kortól. Összetétel: kivi 15,6%, tökmag 13,65%, zab 11,7%, kacsahús 10,8%, csirkehús 10%, tápiókakeményítő, rizs, kukorica, borsó, glicerin, tonhal 2,3%, sörélesztő 2,3%, szárított répaszelet 1,4%, csirkemáj 1,4%, Yucca 0,05%. Analitikai összetevők: fehérje 30%, zsírtartalom 10%, nyershamu 4,5%, nyersrost 1%. Tovább olvasok"}
{"breadcrumb": "Főoldal/Kutya/Eledelek/Jutalomfalatok&rágcsák/Real Nature Original Superfood kutya jutalomfalat marha&sárgarépa 100g", "product_name": "Real Nature Original Superfood kutya jutalomfalat marha&sárgarépa 100gReal Nature Original Superfood kutya jutalomfalat marha&sárgarépa 100g", "brand": "Real NatureOriginal101g – 200gFelnőttmarha&borjúrágócsíkokpelletízületvédelem", "regular_price": "1499", "selling_price": "", "price_per_unit": "1 kg=11992 Ft", "product_url": "https://webshop.fressnapf.hu/termekek/real-nature-original-superfood-kutya-jutalomfalat-marhasargarepa-100g/", "product_description": "Marhahússal, cseresznyével és sárgarépával. A REAL NATURE Original GranoBars az ízletes marhahúst válogatott, müzlire emlékeztető összetevőkkel, például zabbal, magvakkal és gyümölcsökkel kombinálja, különleges jutalomfalatot alkotva kutyája számára. Ráadásul praktikus rúdformátumban kaphatók, így séta közben is könnyen magunkkal vihetjük. Természetesen cukor, mesterséges tartósítószerek, színezékek és aromaanyagok nélkül. Kutyák számára. Rendkívül gyümölcsös. Búzamentes receptúra. Kiegészítő eledel kutyák számára kb. 4 hónapos kortól. Összetétel: sárgarépa 21,1%, zab 14,32%, cseresznye 10,92%, marhahús 10,2%, csirkehús 9,4%, tápiókakeményítő, rizs, kukorica, borsó, glicerin, tonhal 2,2%, sörélesztő 2,2%, csirkemáj 1,3%, szárított répaszelet 1,2%, tőzegáfonya 0,9%, Yucca 0,04%. Analitikai összetevők: fehérje 25%, zsírtartalom 5,5%, nyershamu 4%, nyersrost 1%. Tovább olvasok"}
{"breadcrumb": "Főoldal/Kutya/Eledelek/Száraz eledelek/Real Nature Original száraz kutyaeledel adult marha&kacsa 12kg", "product_name": "Real Nature Original száraz kutyaeledel adult marha&kacsa 12kgReal Nature Original száraz kutyaeledel adult marha&kacsa 12kg", "brand": "Real Nature10,1 – 12kgFelnőttvegyeskímélő étrend", "regular_price": "9 999", "selling_price": "8 999", "price_per_unit": "1 kg=2417 Ft", "product_url": "https://webshop.fressnapf.hu/termekek/real-nature-original-szaraz-kutyaeledel-adult-marhakacsa-12kg/", "product_description": "Real Nature Original Adult marha, kacsával, amaránttal és jótékony hatású gyógynövényekkel. Teljes értékű takarmány kifejlett kutyáknak 11-24 hónapos kortól (a kutya termetétől függően). Hidegen sajtolt. Természetes ** a kiválasztott nyersanyagokban. A Real Nature „Original” egyet jelent háziállata minél természetesebb táplálkozásával. A kiváló minőségű, természetes alapanyagokat lelkiismeretesen válogatjuk össze, majd kíméletes gyártási folyamatok során gondosan dolgozzuk fel, hogy megőrizzük a magas természetes tápértéket. A különleges „Original” receptúra kiegyensúlyozott, és kiváló minőségű marha- kacsafehérjéket tartalmaz. A válogatott növényi összetevők, mint például az amaránt és a jótékony hatású gyógynövények, komplex szénhidrátokat és élelmi rostokat tartalmaznak. Az alapanyagokat alacsony hőmérsékleten, hidegsajtolási eljárással dolgozzuk fel, amely megkíméli a létfontosságú anyagokat, megőrzi ma kiváló minőségű összetevők magas tápértéket, egyúttal szavatolja a könnyű emészthetőséget. A lenmag- és napraforgóolaj értékes omega-3 és omega-6 zsírsavakat tartalmaznak, amelyek segíthetnek megőrizni a bőr és a szőrzet egészségét. A Real Nature „Original” hozzáadott cukor, mesterséges tartósítószerek, színezékek, aromaanyagok nélkül készül, valamint génmódosított alapanyagokat sem tartalmaz. Összetétel: marhafehérje (30%), teljes kiőrlésű rizs (24%), burgonya (16%), kacsafehérje (10%), répapép, cukormentes (3,5%), burgonyakeményítő (3,5%), amarant (3%), marhahús faggyú (2,6%), alma (1%), baromfi májhidrolizátum (1%), lenmagolaj (1%), porított cellulóz (1%), sárgarépapehely (0,5%), cikóriapép (0,5%), napraforgóolaj (0, 5%), nátrium-klorid (0,25%), petrezselyem (0,2%), kamilla (0,15%), zsálya (0,15%), köménymag (0,05%), yucca schidigera (0,02%). Nyomokban egyéb összetevőket is tartalmazhat. Analitikai összetevők: fehérje 25%, zsírtartalom 8%, nyershamu 7,9%, nyersrost 4%, kalcium 0,9%, foszfor 0,7% Adalékanyagok / kg: tápértékkel rendelkező adalékanyagok: A-vitamin 11250 NE, D3-vitamin 1125 NE, E-vitamin 75mg, C-vitamin 15mg, taurin 500mg, réz (réz (II) -szulfát-pentahidrát) 10mg, vas (vas (II) -szulfát-monohidrát) 57mg, jód (kálium-jodid) ) 1mg, mangán (mangán (II) -oxid) 21mg, szelén (nátrium-szelenit) 0,35mg, cink (cink-szulfát, monohidrát) 10mg. Tovább olvasok"}
{"breadcrumb": "Főoldal/Kutya/Eledelek/Jutalomfalatok&rágcsák/Real Nature Snack Roll kutya jutalomfalat bárány&marha&szárnyas 80g", "product_name": "Real Nature Snack Roll kutya jutalomfalat bárány&marha&szárnyas 80gReal Nature Snack Roll kutya jutalomfalat bárány&marha&szárnyas 80g", "brand": "Real NatureFelnőttvegyespuha falatok", "regular_price": "549", "selling_price": "499", "price_per_unit": "1 kg=6238 Ft", "product_url": "https://webshop.fressnapf.hu/termekek/real-nature-snack-roll-kutya-jutalomfalat-baranymarhaszarnyas-80g/", "product_description": "Kiegészítő takarmány növendék és kifejlett kutyák számára. Szeletelhető csemegekolbász, bárány, marha, baromfival. Csupa természetes összetevőből álló jutalomfalat. Gabonamentes receptúra. Hozzáadott cukor, mesterséges tartósítószer, színezékek és aromaanyagok nélkül. Összetétel: 38 % bárány (tüdő, pacal, máj), 26 % marha (szív, vese), 11 % baromfihús. Nyomokban egyéb összetevőket is tartalmazhat. Analitikai összetevők: fehérje 12,1 %, zsírtartalom 8,6%, nyershamu 2,1%, nyersrost 0,6%, nedvességtartalom 75 %, kalcium 0,3%, foszfor 0,15%. Etetési javaslat: csemegeként, a fő eledel kiegészítésére. A fő eledel mennyisége, szükség szerint csökkenthető. Felbontás után hűtőszekrényben tartandó. Tovább olvasok"}
{"breadcrumb": "Főoldal/Kutya/Eledelek/Jutalomfalatok&rágcsák/Real Nature Snack Roll kutya jutalomfalat lazac&szárnyas&marha 80g", "product_name": "Real Nature Snack Roll kutya jutalomfalat lazac&szárnyas&marha 80gReal Nature Snack Roll kutya jutalomfalat lazac&szárnyas&marha 80g", "brand": "Real NatureFelnőttvegyespuha falatok", "regular_price": "549", "selling_price": "499", "price_per_unit": "1 kg=6238 Ft", "product_url": "https://webshop.fressnapf.hu/termekek/real-nature-snack-roll-kutya-jutalomfalat-lazacszarnyasmarha-80g/", "product_description": "Snack Roll – Szeletelhető csemegekolbász. Lazac baromfival és marhával. Kiegészítő eledel növendék kutyáknak 6 hónapos kortól, valamint kifejlett kutyáknak. Csupa természetes összetevőből álló jutalomfalat. Gabonamentes receptúra. Hozzáadott cukor, mesterséges tartósítószer, színezék és aromaanyag nélkül. Összetétel: 30% lazac, 24% baromfi (zúza, hús), 22% marha (máj, tüdő). Nyomokban egyéb összetevőket is tartalmazhat. Analitikai összetevők: fehérje 12,5%, zsírtartalom 9%, nyershamu 2,3%, nyersrost 0,7%, nedvesség 74%, kalcium 0,32%, foszfor 0,21%. Etetési javaslat: csemegeként, a fő eledel kiegészítésére. A fő eledel mennyisége szükség szerint csökkenthető. Nem alkalmas önálló eledelként. Tovább olvasok"}
{"breadcrumb": "Főoldal/Kutya/Eledelek/Jutalomfalatok&rágcsák/Real Nature Snack Roll kutya jutalomfalat marha 80g", "product_name": "Real Nature Snack Roll kutya jutalomfalat marha 80gReal Nature Snack Roll kutya jutalomfalat marha 80g", "brand": "Real NatureFelnőttmarha&borjúpuha falatok", "regular_price": "549", "selling_price": "499", "price_per_unit": "1 kg=6238 Ft", "product_url": "https://webshop.fressnapf.hu/termekek/real-nature-snack-roll-kutya-jutalomfalat-marha-80g/", "product_description": "Snack Roll – Szeletelhető csemegekolbász. Marha. Kiegészítő eledel növendék kutyáknak 6 hónapos kortól, valamint kifejlett kutyáknak. Csupa természetes összetevőből álló jutalomfalat. Gabonamentes receptúra. Hozzáadott cukor, mesterséges tartósítószer, színezék és aromaanyag nélkül. Összetétel: 75% marha (25% máj, tüdő, hús, vese, tőgy). Nyomokban egyéb összetevőket is tartalmazhat. Analitikai összetevők: fehérje 12,1%, zsírtartalom 8,8%, nyershamu 2%, nyersrost 0,5%, nedvesség 75%, kalcium 0,3%, foszfor 0,16%. Etetési javaslat: csemegeként, a fő eledel kiegészítésére. A fő eledel mennyisége szükség szerint csökkenthető. Nem alkalmas önálló eledelként. Tovább olvasok"}
{"breadcrumb": "Főoldal/Kutya/Eledelek/Jutalomfalatok&rágcsák/Real Nature Wilderness Black Stone kutya jutalomfalat kenguru&tök 225g", "product_name": "Real Nature Wilderness Black Stone kutya jutalomfalat kenguru&tök 225gReal Nature Wilderness Black Stone kutya jutalomfalat kenguru&tök 225g", "brand": "Real NatureWilderness201g – 400gFelnőttegzotikustréning falatok", "regular_price": "1699", "selling_price": "", "price_per_unit": "1 kg=7551 Ft", "product_url": "https://webshop.fressnapf.hu/termekek/real-nature-wilderness-crunchysnack-kutya-jutalomfalat-kengurutok-225g/", "product_description": "Válogatott állati fehérjeforrásokkal, hozzáadott gabonafélék nélkül – ideális ételintolerancia esetén. Illatos zöldfűszerekkel ízesítve. Különösen ropogósra elkészítve. Összetétel: Kengurumagliszt (46%), sütőtök (18%), kenguru fehérje (14%), édesburgonya (12%), csirkezsír (4%), borsófehérje (2%), lenmag (1%), spenót (1%), repceolaj (1%), sárgarépa (0,67%), pitypang (0,05%), csalán (0,05%), körömvirág (0,05%), borsmenta (0,05%), csicsóka (0,025%), kakukkfű (0,025%), petrezselyem (0,025%), csicsóka (0,015%), áfonya (0,015%), édeskömény (0,015%), ujjhínár (0,01%). Analitikai összetevők: Fehérje 22%, zsírtartalom 9%, nyershamu 6,5%, nyersrost 2%. Tovább olvasok"}
{"breadcrumb": "Főoldal/Kutya/Eledelek/Jutalomfalatok&rágcsák/REAL NATURE Wilderness FD snack kutya jutalomfalat kacsamell filé 100g", "product_name": "REAL NATURE Wilderness FD snack kutya jutalomfalat kacsamell filé 100gREAL NATURE Wilderness FD snack kutya jutalomfalat kacsamell filé 100g", "brand": "Real NatureWilderness0g – 100gFelnőttszárnyasszárított&természetes", "regular_price": "1899", "selling_price": "", "price_per_unit": "1 kg=18990 Ft", "product_url": "https://webshop.fressnapf.hu/termekek/real-nature-wilderness-snack-kacsamell-file-100g/", "product_description": "A REAL NATURE WILDERNESS FREEZE DRIED SNACKS Kacsamellfilé fagyasztva szárított ínyencfalat. A gyártósor állati eredetű nyersanyagai élelmiszer-minőségűek*. A REAL NATURE WILDERNESS ehhez kizárólag kiváló minőségű, emberi fogyasztásra engedélyezett húst használ. – A húsmennyiség 100%-a kacsamellfilé – Gabonaféléktől mentes receptúra – Tápanyagkímélő módon, fagyasztva szárított – Mesterséges étvágygerjesztő anyagok vagy ízfokozók nélkül – Hozzáadott mesterséges tartósítószerek, színezékek és ízesítők nélkül *A felhasznált nyersanyagokban. Tovább olvasok"}
{"breadcrumb": "Főoldal/Kutya/Eledelek/Jutalomfalatok&rágcsák/REAL NATURE Wilderness Fish Snack Fresh Hunt kutya jutalomfalat lazac 70g", "product_name": "REAL NATURE Wilderness Fish Snack Fresh Hunt kutya jutalomfalat lazac 70gREAL NATURE Wilderness Fish Snack Fresh Hunt kutya jutalomfalat lazac 70g", "brand": "Real NatureWilderness0g – 100gFelnőtthal&tenger gyümölcseiszárított&természetes", "regular_price": "1699", "selling_price": "", "price_per_unit": "1 kg=24271 Ft", "product_url": "https://webshop.fressnapf.hu/termekek/real-nature-wilderness-fresh-hunt-kutyasnack-70g/", "product_description": "Vadlazac-csíkok 100% levegőn szárított alaszkai vadlazac. Az esszenciális omega 3 zsírsavak erősítik a bőrt és a szőrzetet. Mesterséges színezékek és ízfokozók nélkül. Ízletes csíkok finom jutalomként. Kiegészítő eledel kifejlett kutyák számára. Összetétel: 100% szárított vadlazac. Analitikai összetevők: fehérje 64%, zsírtartalom 9,4%, nyershamu 3,4%, nyersrost 0,1%, nedvesség 18%, omega-3 zsírsavak 4,9%. Adalékanyagok: technológiai adalékanyagok: antioxidánsok. Etetési javaslat: csemegeként, a fő eledel kiegészítésére. Javaslatunk 5-10 Real Nature WILDERNESS vadlazaccsík naponta a közepes termetű (11-25kg) kutyának. A fő eledel mennyisége szükség szerint csökkenthető. Nem alkalmas önálló eledelként. Etetés közben ajánlatos a felügyelet! Tovább olvasok"}
{"breadcrumb": "Főoldal/Kutya/Eledelek/Jutalomfalatok&rágcsák/REAL NATURE Wilderness Fish Snack Fresh Water kutya jutalomfalat lazac 70g", "product_name": "REAL NATURE Wilderness Fish Snack Fresh Water kutya jutalomfalat lazac 70gREAL NATURE Wilderness Fish Snack Fresh Water kutya jutalomfalat lazac 70g", "brand": "Real NatureWilderness0g – 100gFelnőtthal&tenger gyümölcseiszárított&természetes", "regular_price": "1699", "selling_price": "", "price_per_unit": "1 kg=24271 Ft", "product_url": "https://webshop.fressnapf.hu/termekek/real-nature-wilderness-fresh-water-kutyasnack-70g/", "product_description": "Vadlazac falatok 100% levegőn szárított alaszkai vadlazac. Az esszenciális omega 3 zsírsavak erősítik a bőrt és a szőrzetet. Mesterséges színezékek és ízfokozók nélkül. Kicsi falatok – praktikus útra és edzéshez. Kiegészítő eledel kifejlett kutyák számára. Összetétel: 100% szárított vadlazac. Analitikai összetevők: fehérje 64%, zsírtartalom 9,4%, nyershamu 3,4%, nyersrost 0,1%, nedvesség 18%, omega-3 zsírsavak 4,9%. Adalékanyagok: technológiai adalékanyagok: antioxidánsok. Etetési javaslat: csemegeként, a fő eledel kiegészítésére. Javaslatunk 20-30 Real Nature WILDERNESS vadlazac-darab naponta a közepes termetű (11-25kg) kutyának. A fő eledel mennyisége szükség szerint csökkenthető. Nem alkalmas önálló eledelként. Etetés közben ajánlatos a felügyelet! Tovább olvasok"}
{"breadcrumb": "Főoldal/Kutya/Eledelek/Jutalomfalatok&rágcsák/Real Nature Wilderness Freeze Dried snack kutya jutalomfalat csirkemell filé 100g", "product_name": "Real Nature Wilderness Freeze Dried snack kutya jutalomfalat csirkemell filé 100gReal Nature Wilderness Freeze Dried snack kutya jutalomfalat csirkemell filé 100g", "brand": "Real NatureWilderness snack0g – 100gFelnőttszárnyasszárított&természetesgabonamentes", "regular_price": "1899", "selling_price": "", "price_per_unit": "1 kg=18990 Ft", "product_url": "https://webshop.fressnapf.hu/termekek/real-nature-wilderness-freeze-dried-snack-kutya-jutalomfalat-csirkemell-file-100g/", "product_description": "Csirkemellfilé • Tápanyagkímélő módon, fagyasztva szárított ropik • A húsmennyiség 100%-a csirkemellfilé • Mesterséges étvágygerjesztő anyagok vagy ízfokozók használata nélkül • Hozzáadott mesterséges tartósítószerek, színezékek és ízesítők nélkül Kiegészítő eledel kifejlett kutyák számára, 11-24 hónapos kortól (a kutya termetétől függően). Összetétel: csirkemellfilé 96,49%, glicerin 3%, burgonyakeményítő 0,51%. Analitikai összetevők: fehérje 82%, zsírtartalom 3%, nyershamu 4%, nyersrost 1,7%. Etetési javaslat: csemegeként, a fő eledel kiegészítésére. A fő eledel mennyisége szükség szerint csökkenthető. Nem alkalmas önálló eledelként. Etetés közben ajánlatos a felügyelet. Mindig adjon friss ivóvizet. Tovább olvasok"}
{"breadcrumb": "Főoldal/Kutya/Eledelek/Nedves eledelek/REAL NATURE Wilderness konzerv junior lóhús 6x400g", "product_name": "REAL NATURE Wilderness konzerv junior lóhús 6x400gREAL NATURE Wilderness konzerv junior lóhús 6x400g", "brand": "Real NatureWilderness201g – 400gKölyöklókonzervközepes testű 11-25kg", "regular_price": "9 594", "selling_price": "8 994", "price_per_unit": "1 499 Ft", "product_url": "https://webshop.fressnapf.hu/termekek/real-nature-wilderness-konzerv-junior-lohus-400g/", "product_description": "Optimálisan a kis „farkasok” szükségleteihez igazítva: PURE HORSE JUNIOR Ló teljes értékű eledel bármilyen fajtájú és termetű kölyökkutya és fiatal kutya számára, az elválasztástól kb. 24 hónapos korig (a kutya termetétől függően). A farkas táplálkozásának mintájára Rendkívül nagy hústartalommal – egyetlenegy állati fehérjeforrást tartalmaz Gyümölcsöt, zöldfűszereket, értékes összetevőket tartalmaz Gabonaféléktől mentes receptúra Természetes összetevők, táplálkozásélettani szempontból hasznos értékes vitaminokkal és ásványi anyagokkal kiegészítve; hozzáadott mesterséges tartósítószerek, színezékek és ízesítők nélkül Analitikai összetevők: Fehérje 9,5%, zsírtartalom 3,5%, nyershamu 1,8%, nyersrost 0,3%, kalcium 0,29%, foszfor 0,19%, nedvességtartalom 78% Összetétel: 70% ló (szív, tüdő, máj), 25% lóleves, 2% paszternák, 1,2% mángold, 1% ásványi anyag, 0,3% lazacolaj, 0,2% gyermekláncfű, 0,1% cickafark, 0,1% csalán, 0,1% galagonyalevél. Adalékanyagok kg-onként: 2000 NE∙U∙IU∙IU∙NE A-vitamin ,A 200 NE∙U∙IU∙IU∙IU∙NE D3-vitamin, 30mg E-vitamin,1mg réz (réz(II)szulfát, pentahidrát), 0,75mg jód (kalcium-jodát, vízmentes), 20mg cink (cink-oxid). Tovább olvasok"}
{"breadcrumb": "Főoldal/Kutya/Eledelek/Jutalomfalatok&rágcsák/Real Nature Wilderness kutya jutalomfalat agancs L 120-160g 1db", "product_name": "Real Nature Wilderness kutya jutalomfalat agancs L 120-160g 1dbReal Nature Wilderness kutya jutalomfalat agancs L 120-160g 1db", "brand": "Real NatureWilderness101g – 200gFelnőttvadrágóbot&agancs", "regular_price": "6999", "selling_price": "", "price_per_unit": "1 db=6999 Ft", "product_url": "https://webshop.fressnapf.hu/termekek/real-nature-wilderness-kutya-jutalomfalat-agancs-l-120-160g-1db/", "product_description": "100% tiszta levedlett gímszarvasagancs sok értékes ásványi anyaggal és tápanyaggal Segíti a fogak tisztítását Az EU-ból származó, természetes, levedlett rőtvadagancsok ideális rágcsálnivaló jutalomfalatok a kutya játékösztönének kielégítésére. A kutyáknak természetes késztetésük van a rágásra és a mozgásra. Ahhoz hogy kedvence megfelelően tölthesse a napját, sok változatosságot kell biztosítania számára. A REAL NATURE WILDERNESS Gímszarvasagancs Jutalomfalat ideális kutyája számára. Az EU-ból származó, természetes, levedlett rőtvadagancsok hosszan tartó rágási élményt nyújtanak, támogatják a foghigiéniát, ráadásul ásványi anyagokat és tápanyagokat is tartalmaznak. A gímszarvas-agancs különböző méretekben kapható: S méret Tömeg: 50–80 g Max. 12 kg súlyú kutyák számára M méret Tömeg: 80–120 g Max. 25 kg súlyú kutyák számára L méret Tömeg: 120–160 g Max. 35 kg súlyú kutyák számára Rágcsálnivaló jutalomfalat kutyák számára. Bővebb információk a következő címen kérhetők: webshop@fressnapf.hu Analitikai összetevők 37,87% fehérje, 0,23% zsírtartalom, 52,2% nyershamu, 0,56% nyersrost, 20,3% kalcium, 10,7% foszfor, 0,5% nátrium, 0,44% magnézium, 0,04% kálium, 0,007% vas. Összetétel 100% gímszarvasagancs. Adalékanyag/kg – Táplálási javaslat A megadott adatok a természetes termékeknél megszokott mértékben változhatnak. Javasolt a rágcsálás közben felügyelni az állatot. Hűvös és száraz helyen tárolja. Tovább olvasok"}
{"breadcrumb": "Főoldal/Kutya/Eledelek/Jutalomfalatok&rágcsák/Real Nature Wilderness kutya jutalomfalat agancs S 50-80g 1db", "product_name": "Real Nature Wilderness kutya jutalomfalat agancs S 50-80g 1dbReal Nature Wilderness kutya jutalomfalat agancs S 50-80g 1db", "brand": "Real NatureWilderness0g – 100gFelnőttvadrágóbot&agancs", "regular_price": "3699", "selling_price": "", "price_per_unit": "1 db=3699 Ft", "product_url": "https://webshop.fressnapf.hu/termekek/real-nature-wilderness-kutya-jutalomfalat-agancs-s-50-80g-1db/", "product_description": "100% tiszta levedlett gímszarvasagancs sok értékes ásványi anyaggal és tápanyaggal Segíti a fogak tisztítását Az EU-ból származó, természetes, levedlett rőtvadagancsok ideális rágcsálnivaló jutalomfalatok a kutya játékösztönének kielégítésére. A kutyáknak természetes késztetésük van a rágásra és a mozgásra. Ahhoz hogy kedvence megfelelően tölthesse a napját, sok változatosságot kell biztosítania számára. A REAL NATURE WILDERNESS Gímszarvasagancs Jutalomfalat ideális kutyája számára. Az EU-ból származó, természetes, levedlett rőtvadagancsok hosszan tartó rágási élményt nyújtanak, támogatják a foghigiéniát, ráadásul ásványi anyagokat és tápanyagokat is tartalmaznak. A gímszarvas-agancs különböző méretekben kapható: S méret Tömeg: 50–80 g Max. 12 kg súlyú kutyák számára M méret Tömeg: 80–120 g Max. 25 kg súlyú kutyák számára L méret Tömeg: 120–160 g Max. 35 kg súlyú kutyák számára Rágcsálnivaló jutalomfalat kutyák számára. Bővebb információk a következő címen kérhetők: webshop@fressnapf.hu Analitikai összetevők 37,87% fehérje, 0,23% zsírtartalom, 52,2% nyershamu, 0,56% nyersrost, 20,3% kalcium, 10,7% foszfor, 0,5% nátrium, 0,44% magnézium, 0,04% kálium, 0,007% vas. Összetétel 100% gímszarvasagancs. Adalékanyag/kg – Táplálási javaslat A megadott adatok a természetes termékeknél megszokott mértékben változhatnak. Javasolt a rágcsálás közben felügyelni az állatot. Hűvös és száraz helyen tárolja. Tovább olvasok"}
{"breadcrumb": "Főoldal/Kutya/Eledelek/Jutalomfalatok&rágcsák/Real Nature Wilderness kutya jutalomfalat báránytüdő 40g", "product_name": "Real Nature Wilderness kutya jutalomfalat báránytüdő 40gReal Nature Wilderness kutya jutalomfalat báránytüdő 40g", "brand": "Real NatureWilderness0g – 100gFelnőttjuh&bárány&kecskeszárított&természetes", "regular_price": "1699", "selling_price": "", "price_per_unit": "1 KG=42475 Ft", "product_url": "https://webshop.fressnapf.hu/termekek/real-nature-wilderness-kutya-jutalomfalat-baranytudo-40g/", "product_description": "100% báránytüdő Természetes Kíméletes fagyasztva szárítással készült A REAL NATURE WILDERNESS Báránytüdő jutalomfalatokként vagy kiegészítő eledelként adható, nem tartalmaz mesterséges tartósítószereket, színezékeket és aromákat. A báránytüdő tápanyagokat kímélő fagyasztva szárítással előállított jutalomfalat, amely 100% báránytüdőből kézül. Nem tartalmaz mesterséges étvágygerjesztő anyagokat vagy ízfokozókat. Analitikai összetevők 77,6% fehérje, 9,3% zsírtartalom, 7,6% nyershamu, 1,35% nyersrost. Összetétel 100% báránytüdő Adalékanyag/kg Táplálási javaslat Jutalomfalat a fő eledel kiegészítéseként. Szükség szerint csökkenteni kell a fő eledel mennyiségét. Ne használja önálló eledelként. Javasolt a fogyasztás közben felügyelni az állatot. Mindig álljon rendelkezésre friss ivóvíz. Nyomokban tartalmazhat egyéb összetevőket. Hűvös és száraz helyen tárolja. A tasakban található „oxigénabszorber” a termék frissen tartására szolgál, és fogyasztásra nem alkalmas. Tovább olvasok"}
{"breadcrumb": "Főoldal/Kutya/Eledelek/Jutalomfalatok&rágcsák/Real Nature Wilderness kutya jutalomfalat csirkeszív 40g", "product_name": "Real Nature Wilderness kutya jutalomfalat csirkeszív 40gReal Nature Wilderness kutya jutalomfalat csirkeszív 40g", "brand": "Real NatureWilderness0g – 100gFelnőttszárnyasszárított&természetes", "regular_price": "1699", "selling_price": "", "price_per_unit": "1 KG=42475 Ft", "product_url": "https://webshop.fressnapf.hu/termekek/real-nature-wilderness-kutya-jutalomfalat-csirkesziv-40g/", "product_description": "100% csirkeszív Természetes Kíméletes fagyasztva szárítással készült A REAL NATURE WILDERNESS csirkeszíveket mesterséges tartósítószerektől, színezékektől és aromáktól mentes jutalomfalatként és kiegészítő eledelként kínálhatja kedvencének. A tápanyagokat kímélő módon fagyasztva szárítással készült csirkeszívek fehérjében gazdag jutalomfalatok kedvence számára. Analitikai összetevők 77,4% fehérje, 12,1% zsírtartalom, 7,9% nyershamu, 0,5% nyersrost. Összetétel 100% csirkeszív Adalékanyag/kg Táplálási javaslat Jutalomfalat a fő eledel kiegészítéseként. Szükség szerint csökkenteni kell a fő eledel mennyiségét. Ne használja önálló eledelként. Javasolt a fogyasztás közben felügyelni az állatot. Mindig álljon rendelkezésre friss ivóvíz. Nyomokban tartalmazhat egyéb összetevőket. Hűvös és száraz helyen tárolja. A tasakban található „oxigénabszorber” a termék frissen tartására szolgál, és fogyasztásra nem alkalmas. Tovább olvasok"}
{"breadcrumb": "Főoldal/Kutya/Eledelek/Jutalomfalatok&rágcsák/Real Nature Wilderness kutya jutalomfalat Deep Sea lazac 70g", "product_name": "Real Nature Wilderness kutya jutalomfalat Deep Sea lazac 70gReal Nature Wilderness kutya jutalomfalat Deep Sea lazac 70g", "brand": "Real NatureWilderness0g – 100gFelnőtthal&tenger gyümölcseiszárított&természetes", "regular_price": "2199", "selling_price": "", "price_per_unit": "1 kg=31414 Ft", "product_url": "https://webshop.fressnapf.hu/termekek/real-nature-wilderness-kutya-jutalomfalat-deep-sea-lazac-70g/", "product_description": "100% alaszkai vadlazac a Csendes-óceán északkeleti részéről Kíméletesen levegőn szárított, töltött Nem tartalmaz mesterséges színezékeket és aromákat A REAL NATURE WILDERNESS Fish Snack egy MSC-tanúsítvánnyal rendelkező, levegőn szárított alaszkai vadlazac. 100% levegőn szárított alaszkai vadlazac, amely a Csendes-óceán északkeleti részéről származik és mindössze 4,9% zsírt tartalmaz MSC tanúsítvánnyal: tanúsítottan fenntartható halászatból kíméletesen levegőn szárított, töltött a nélkülözhetetlen omega-3-zsírsavak egészségesebbé teszik a bőrt és a szőrzetet nem tartalmaz mesterséges színezékeket és aromákat természetes rágási élvezet, amely segíti a fogak tisztítását Kiegészítő eledel kifejlett kutyák számára Bővebb információk a következő címen kérhetők: webshop@fressnapf.hu Analitikai összetevők 72,7% fehérje, 4,9% zsírtartalom, 2,3% nyershamu, 0,1% nyersrost, 18% nedvességtartalom, 1,6% omega-3-zsírsavak. Összetétel 100% szárított vadlazac. Adalékanyag/kg Technológiai adalékanyagok: Antioxidánsok. Táplálási javaslat Jutalomfalat a fő eledel kiegészítéseként. Naponta 1 REAL NATURE Wilderness Vadlazaccsontot javaslunk közepes termetű (11-25 kg) kutyák esetén. Szükség szerint csökkenteni kell a fő eledel mennyiségét. Ne használja önálló eledelként. Javasolt a fogyasztás közben felügyelni az állatot! Mindig álljon rendelkezésre friss ivóvíz. Hűvös és száraz helyen tárolja. A tasakban található „oxigénabszorber” a termék frissen tartására szolgál, fogyasztásra nem alkalmas. Tovább olvasok"}
{"breadcrumb": "Főoldal/Kutya/Eledelek/Jutalomfalatok&rágcsák/Real Nature Wilderness kutya jutalomfalat Glacier Bay lazac 70g", "product_name": "Real Nature Wilderness kutya jutalomfalat Glacier Bay lazac 70gReal Nature Wilderness kutya jutalomfalat Glacier Bay lazac 70g", "brand": "Real NatureWilderness0g – 100gFelnőtthal&tenger gyümölcseiszárított&természetes", "regular_price": "2199", "selling_price": "", "price_per_unit": "1 kg=31414 Ft", "product_url": "https://webshop.fressnapf.hu/termekek/real-nature-wilderness-kutya-jutalomfalat-glacier-bay-lazac-70g/", "product_description": "100% alaszkai vadlazac a Csendes-óceán északkeleti részéről Kíméletesen levegőn szárított, töltött Nem tartalmaz mesterséges színezékeket és aromákat A REAL NATURE WILDERNESS Fish Snack egy MSC-tanúsítvánnyal rendelkező, levegőn szárított alaszkai vadlazac. 100% levegőn szárított alaszkai vadlazac, amely a Csendes-óceán északkeleti részéről származik és mindössze 4,9% zsírt tartalmaz MSC tanúsítvánnyal: tanúsítottan fenntartható halászatból kíméletesen levegőn szárított, töltött a nélkülözhetetlen omega-3-zsírsavak egészségesebbé teszik a bőrt és a szőrzetet nem tartalmaz mesterséges színezékeket és aromákat természetes rágási élvezet, amely segíti a fogak tisztítását Kiegészítő eledel kifejlett kutyák számára Bővebb információk a következő címen kérhetők: webshop@fressnapf.hu Analitikai összetevők 74,4% fehérje, 3,8% zsírtartalom, 2% nyershamu, 0,1% nyersrost, 18% nedvességtartalom, 0,7% omega-3-zsírsavak. Összetétel 100% szárított vadlazac. Adalékanyag/kg Táplálási javaslat Jutalomfalat a fő eledel kiegészítéseként. Naponta 2-4 REAL NATURE Wilderness Vadlazac-tekercset javaslunk közepes termetű (11-25 kg) kutyák esetén. Szükség szerint csökkenteni kell a fő eledel mennyiségét. Ne használja önálló eledelként. Javasolt a fogyasztás közben felügyelni az állatot! Mindig álljon rendelkezésre friss ivóvíz. Hűvös és száraz helyen tárolja. A tasakban található „oxigénabszorber” a termék frissen tartására szolgál, fogyasztásra nem alkalmas. Tovább olvasok"}
{"breadcrumb": "Főoldal/Kutya/Eledelek/Jutalomfalatok&rágcsák/Real Nature Wilderness kutya jutalomfalat marhamáj 50g", "product_name": "Real Nature Wilderness kutya jutalomfalat marhamáj 50gReal Nature Wilderness kutya jutalomfalat marhamáj 50g", "brand": "Real NatureWilderness0g – 100gFelnőttmarha&borjúszárított&természetes", "regular_price": "1699", "selling_price": "", "price_per_unit": "1 KG=33980 Ft", "product_url": "https://webshop.fressnapf.hu/termekek/real-nature-wilderness-kutya-jutalomfalat-marhamaj-50g/", "product_description": "100% marhamáj Kíméletes fagyasztva szárítással készült Tartósítószerek hozzáadása nélkül A REAL NATURE WILDERNESS marhamáj mesterséges tartósítószerek, színezékek és aromák nélkül készült jutalomfalat vagy kiegészítő eledel . A tápanyagokat kímélő módon fagyasztva szárítással készült marhamájat jutalomfalatként vagy kiegészítő eledelként adhatja kedvencének. Analitikai összetevők 70,1% fehérje, 14,8% zsírtartalom, 6% nyershamu, 0,5% nyersrost. Összetétel 100% marhamáj Adalékanyag/kg Táplálási javaslat Jutalomfalat a fő eledel kiegészítéseként. Szükség szerint csökkenteni kell a fő eledel mennyiségét. Ne használja önálló eledelként. Javasolt a fogyasztás közben felügyelni az állatot. Mindig álljon rendelkezésre friss ivóvíz. Nyomokban tartalmazhat egyéb összetevőket. Hűvös és száraz helyen tárolja. A tasakban található „oxigénabszorber” a termék frissen tartására szolgál, és fogyasztásra nem alkalmas. Tovább olvasok"}
{"breadcrumb": "Főoldal/Kutya/Eledelek/Jutalomfalatok&rágcsák/Real Nature Wilderness kutya jutalomfalat Pure Beef marha 150g", "product_name": "Real Nature Wilderness kutya jutalomfalat Pure Beef marha 150gReal Nature Wilderness kutya jutalomfalat Pure Beef marha 150g", "brand": "Real NatureWilderness101g – 200gFelnőttmarha&borjúszárított&természetes", "regular_price": "1 799", "selling_price": "1 699", "price_per_unit": "1 kg=11327 Ft", "product_url": "https://webshop.fressnapf.hu/termekek/real-nature-wilderness-kutya-jutalomfalat-pure-beef-marha-150g/", "product_description": "Kíméletesen levegőn szárítva Ízletes kockák 100% marha-, pulyka-, csirke- vagy bárányhús A REAL NATURE WILDERNESS Jutalomfalatok természetes, a faj igényeinek megfelelő mindennapi jutalomfalatként szolgálnak. Változatosságot kínálnak kutyájának a kiváló REAL NATURE WILDERNESS minőségben. Levegőn szárított ízletes kockák 100% marha-, pulyka-, csirke- vagy bárányhúsból készült, gabonafélék hozzáadása nélkül – ideális táplálékintolerancia esetén Mesterséges tartósítószerek, színezékek és aromák, valamint emulgeálószer hozzáadása nélkül. Természetes összetevők Kíméletes gyártási eljárás Kiegészítő eledel kifejlett kutyák számára 11-24 hónapos kortól (a kutya méretétől függően), bővebb információk a következő címen kérhetők: webshop@fressnapf.hu Analitikai összetevők 65,5% fehérje, 25,5% zsírtartalom, 4% nyershamu, 2,5% nyersrost Összetétel 100% marha (55% friss izomszövet, friss máj, fehérje) Nyomokban tartalmazhat egyéb összetevőket. Adalékanyag/kg Táplálási javaslat Jutalomfalat a fő eledel kiegészítéseként. Szükség szerint csökkenteni kell a fő eledel mennyiségét. Ne használja önálló eledelként. Javasolt a fogyasztás közben felügyelni az állatot. Mindig álljon rendelkezésre friss ivóvíz. Tovább olvasok"}
{"breadcrumb": "Főoldal/Kutya/Eledelek/Jutalomfalatok&rágcsák/Real Nature Wilderness kutya jutalomfalat Pure Beef marha&oregánó 150g", "product_name": "Real Nature Wilderness kutya jutalomfalat Pure Beef marha&oregánó 150gReal Nature Wilderness kutya jutalomfalat Pure Beef marha&oregánó 150g", "brand": "Real NatureWildernessFelnőttmarha&borjúpuha falatok", "regular_price": "1799", "selling_price": "", "price_per_unit": "1 kg=11993 Ft", "product_url": "https://webshop.fressnapf.hu/termekek/real-nature-wilderness-kutya-jutalomfalat-pure-beef-marhaoregano-150g/", "product_description": "Puha és lédús falatok Hozzáadott gabona nélkül 100% csirke, nyúl, ló vagy marha a hústartalomban Puha és lédús falatok friss csirkével, nyúllal, ló- vagy marhahússal egyedüli fehérjeforrásként. Az előnyök áttekintése: hozzáadott gabona nélkül természetes érzékeny kutyák számára is ideális mesterséges étvágygerjesztő anyagok vagy ízfokozók felhasználása nélkül mesterséges tartósítószerek, színezékek és aromák, valamint emulgeálószer hozzáadása nélkül. Kiegészítő eledel 6 hónapnál idősebb fiatal kutyák, illetve kifejlett kutyák számára. Bővebb információk a következő címen kérhetők: webshop@fressnapf.hu Analitikai összetevők 26% fehérje, 26% zsírtartalom, 5% nyershamu, 2,2% nyersrost Összetétel 91% marhahús, 5% növényi glicerin, 4% szurokfű. Adalékanyag/kg Táplálási javaslat Jutalomfalat a fő eledel kiegészítéseként. Szükség szerint csökkenteni kell a fő eledel mennyiségét. Ne használja önálló eledelként. Tovább olvasok"}
{"breadcrumb": "Főoldal/Kutya/Eledelek/Jutalomfalatok&rágcsák/Real Nature Wilderness kutya jutalomfalat Pure Horse lóhús 150g", "product_name": "Real Nature Wilderness kutya jutalomfalat Pure Horse lóhús 150gReal Nature Wilderness kutya jutalomfalat Pure Horse lóhús 150g", "brand": "Real NatureWilderness101g – 200gFelnőttlópuha falatok", "regular_price": "1799", "selling_price": "", "price_per_unit": "1 kg=11993 Ft", "product_url": "https://webshop.fressnapf.hu/termekek/real-nature-wilderness-kutya-jutalomfalat-pure-horse-lohus-150g/", "product_description": "Puha és lédús falatok Hozzáadott gabona nélkül 100% csirke, nyúl, ló vagy marha a hústartalomban Puha és lédús falatok friss csirkével, nyúllal, ló- vagy marhahússal egyedüli fehérjeforrásként. Az előnyök áttekintése: hozzáadott gabona nélkül természetes érzékeny kutyák számára is ideális mesterséges étvágygerjesztő anyagok vagy ízfokozók felhasználása nélkül mesterséges tartósítószerek, színezékek és aromák, valamint emulgeálószer hozzáadása nélkül. Kiegészítő eledel 6 hónapnál idősebb fiatal kutyák, illetve kifejlett kutyák számára. Bővebb információk a következő címen kérhetők: webshop@fressnapf.hu Analitikai összetevők 26% fehérje, 26% zsírtartalom, 5% nyershamu, 1,3% nyersrost Összetétel 95% lóhús, 5% növényi glicerin Adalékanyag/kg Táplálási javaslat Jutalomfalat a fő eledel kiegészítéseként. Szükség szerint csökkenteni kell a fő eledel mennyiségét. Ne használja önálló eledelként. Tovább olvasok"}
{"breadcrumb": "Főoldal/Kutya/Eledelek/Jutalomfalatok&rágcsák/Real Nature Wilderness kutya jutalomfalat Pure Lamb bárány 150g", "product_name": "Real Nature Wilderness kutya jutalomfalat Pure Lamb bárány 150gReal Nature Wilderness kutya jutalomfalat Pure Lamb bárány 150g", "brand": "Real NatureWilderness101g – 200gFelnőttjuh&bárány&kecskeszárított&természetes", "regular_price": "1 799", "selling_price": "1 699", "price_per_unit": "1 kg=11327 Ft", "product_url": "https://webshop.fressnapf.hu/termekek/real-nature-wilderness-kutya-jutalomfalat-pure-lamb-barany-150g/", "product_description": "Kíméletesen levegőn szárítva Ízletes kockák 100% marha-, pulyka-, csirke- vagy bárányhús A REAL NATURE WILDERNESS Jutalomfalatok természetes, a faj igényeinek megfelelő mindennapi jutalomfalatként szolgálnak. Változatosságot kínálnak kutyájának a kiváló REAL NATURE WILDERNESS minőségben. Levegőn szárított ízletes kockák 100% marha-, pulyka-, csirke- vagy bárányhúsból készült, gabonafélék hozzáadása nélkül – ideális táplálékintolerancia esetén Mesterséges tartósítószerek, színezékek és aromák, valamint emulgeálószer hozzáadása nélkül. Természetes összetevők Kíméletes gyártási eljárás Kiegészítő eledel kifejlett kutyák számára 11-24 hónapos kortól (a kutya méretétől függően), bővebb információk a következő címen kérhetők: webshop@fressnapf.hu Analitikai összetevők 45,0% fehérje, 30,5% zsírtartalom, 16,4% nyershamu, 1,5% nyersrost Összetétel 100% bárányhús (60% friss izomszövet, fehérje) Nyomokban tartalmazhat egyéb összetevőket. Adalékanyag/kg Táplálási javaslat Jutalomfalat a fő eledel kiegészítéseként. Szükség szerint csökkenteni kell a fő eledel mennyiségét. Ne használja önálló eledelként. Javasolt a fogyasztás közben felügyelni az állatot. Mindig álljon rendelkezésre friss ivóvíz. Tovább olvasok"}
{"breadcrumb": "Főoldal/Kutya/Eledelek/Jutalomfalatok&rágcsák/Real Nature Wilderness kutya jutalomfalat Rocky River lazac 70g", "product_name": "Real Nature Wilderness kutya jutalomfalat Rocky River lazac 70gReal Nature Wilderness kutya jutalomfalat Rocky River lazac 70g", "brand": "Real NatureWilderness0g – 100gFelnőtthal&tenger gyümölcseiszárított&természetes", "regular_price": "1699", "selling_price": "", "price_per_unit": "1 kg=24271 Ft", "product_url": "https://webshop.fressnapf.hu/termekek/real-nature-wilderness-kutya-jutalomfalat-rocky-river-lazac-70g/", "product_description": "100% alaszkai vadlazac a Csendes-óceán északkeleti részéről Kíméletesen levegőn szárított, töltött Nem tartalmaz mesterséges színezékeket és aromákat A REAL NATURE WILDERNESS Fish Snack egy MSC-tanúsítvánnyal rendelkező, levegőn szárított alaszkai vadlazac. 100% levegőn szárított alaszkai vadlazac, amely a Csendes-óceán északkeleti részéről származik és mindössze 4,9% zsírt tartalmaz MSC tanúsítvánnyal: tanúsítottan fenntartható halászatból kíméletesen levegőn szárított, töltött a nélkülözhetetlen omega-3-zsírsavak egészségesebbé teszik a bőrt és a szőrzetet nem tartalmaz mesterséges színezékeket és aromákat természetes rágási élvezet, amely segíti a fogak tisztítását Kiegészítő eledel kifejlett kutyák számára Bővebb információk a következő címen kérhetők: webshop@fressnapf.hu Analitikai összetevők 64% fehérje, 9,4% zsírtartalom, 3,4% nyershamu, 0,1% nyersrost, 18% nedvességtartalom, 4,9% omega-3-zsírsavak. Összetétel 100% szárított vadlazac. Adalékanyag/kg Táplálási javaslat Jutalomfalat a fő eledel kiegészítéseként. Naponta 10-25 REAL NATURE Wilderness Vadlazac-kockát javaslunk közepes termetű (11-25 kg) kutyák esetén. Szükség szerint csökkenteni kell a fő eledel mennyiségét. Ne használja önálló eledelként. Javasolt a fogyasztás közben felügyelni az állatot! Mindig álljon rendelkezésre friss ivóvíz. Hűvös és száraz helyen tárolja. A tasakban található „oxigénabszorber” a termék frissen tartására szolgál, fogyasztásra nem alkalmas. Tovább olvasok"}
{"breadcrumb": "Főoldal/Kutya/Eledelek/Jutalomfalatok&rágcsák/Real Nature Wilderness kutya jutalomfalat Wild Alaska lazac 70g", "product_name": "Real Nature Wilderness kutya jutalomfalat Wild Alaska lazac 70gReal Nature Wilderness kutya jutalomfalat Wild Alaska lazac 70g", "brand": "Real NatureWilderness0g – 100gFelnőtthal&tenger gyümölcseiszárított&természetes", "regular_price": "2199", "selling_price": "", "price_per_unit": "1 kg=31414 Ft", "product_url": "https://webshop.fressnapf.hu/termekek/real-nature-wilderness-kutya-jutalomfalat-wild-alaska-lazac-70g/", "product_description": "100% alaszkai vadlazac a Csendes-óceán északkeleti részéről Kíméletesen levegőn szárított, töltött Nem tartalmaz mesterséges színezékeket és aromákat A REAL NATURE WILDERNESS Fish Snack egy MSC-tanúsítvánnyal rendelkező, levegőn szárított alaszkai vadlazac. 100% levegőn szárított alaszkai vadlazac, amely a Csendes-óceán északkeleti részéről származik és mindössze 4,9% zsírt tartalmaz MSC tanúsítvánnyal: tanúsítottan fenntartható halászatból kíméletesen levegőn szárított, töltött a nélkülözhetetlen omega-3-zsírsavak egészségesebbé teszik a bőrt és a szőrzetet nem tartalmaz mesterséges színezékeket és aromákat természetes rágási élvezet, amely segíti a fogak tisztítását Kiegészítő eledel kifejlett kutyák számára Bővebb információk a következő címen kérhetők: webshop@fressnapf.hu Analitikai összetevők 72,4% fehérje, 4,5% zsírtartalom, 1,2% nyershamu, 0,1% nyersrost, 18% nedvességtartalom, 1% omega-3-zsírsavak. Összetétel 100% szárított vadlazac. Adalékanyag/kg Technológiai adalékanyagok: Antioxidánsok. Táplálási javaslat Jutalomfalat a fő eledel kiegészítéseként. Naponta 2-4 REAL NATURE Wilderness Vadlazac-csomót javaslunk közepes termetű (11-25 kg) kutyák esetén. Szükség szerint csökkenteni kell a fő eledel mennyiségét. Ne használja önálló eledelként. Javasolt a fogyasztás közben felügyelni az állatot! Mindig álljon rendelkezésre friss ivóvíz. Hűvös és száraz helyen tárolja. A tasakban található „oxigénabszorber” a termék frissen tartására szolgál, fogyasztásra nem alkalmas. Tovább olvasok"}
{"breadcrumb": "Főoldal/Kutya/Eledelek/Nedves eledelek/Real Nature Wilderness kutya konzerv adult bárány&bivaly 6x800g", "product_name": "Real Nature Wilderness kutya konzerv adult bárány&bivaly 6x800gReal Nature Wilderness kutya konzerv adult bárány&bivaly 6x800g", "brand": "Real NatureWilderness601g – 800gFelnőttvegyespástétomkonzervgabonamentes", "regular_price": "15 594", "selling_price": "14 394", "price_per_unit": "2 399 Ft", "product_url": "https://webshop.fressnapf.hu/termekek/real-nature-wilderness-kutya-konzerv-adult-baranybivaly-6x800g/", "product_description": "MELLOW FIELDS ADULT Bivaly & Bárány teljes értékű eledel bármilyen fajtájú és termetű kifejlett kutya számára 11–24 hónapos kortól (a kutya termetétől függően). -A farkasősök táplálkozásához hasonló étrend. -Magas hústartalom. -Gyümölcs, zöldség és további értékes összetevők. -Gabonaféléktől mentes receptúra. -Természetes összetevők, kiegészítve táplálkozásélettani szempontból értékes vitaminokkal és ásványi anyagokkal – hozzáadott mesterséges tartósítószerek, színezékek és ízfokozók nélkül. Összetétel: 36% bivaly (31% hús és állati származékok, 5% máj), 34% bárány (20% pacal, szív, tüdő, máj, hús), 25% bárányhúslé, 3,2% vörösáfonya, 1% ásványi anyagok, 0,3% lazacolaj, 0,2% gyermekláncfű, 0,1% cickafark, 0,1% csalán. Analitikai összetevők: fehérje 11,8%, zsírtartalom 7,3%, nyershamu 1,6%, nyersrost 0,6%, kalcium 0,24%, foszfor 0,18% Adalékanyagok / kg: Tápértékkel rendelkező adalékanyagok: D3-vitamin 200 NE; E-vitamin 51mg, jód (kalcium-jodát, vízmentes) 0,75mg, mangán (mangán (II) -szulfát, monohidrát) 3mg, cink (cink-szulfát, monohidrát) 15mg. Tovább olvasok"}
{"breadcrumb": "Főoldal/Kutya/Eledelek/Nedves eledelek/Real Nature Wilderness kutya konzerv adult bárány&kecske 6x400g", "product_name": "Real Nature Wilderness kutya konzerv adult bárány&kecske 6x400gReal Nature Wilderness kutya konzerv adult bárány&kecske 6x400g", "brand": "Real NatureWilderness201g – 400gFelnőttjuh&bárány&kecskepástétomgabonamenteskonzerv", "regular_price": "9 594", "selling_price": "8 994", "price_per_unit": "1 499 Ft", "product_url": "https://webshop.fressnapf.hu/termekek/real-nature-wilderness-kutya-konzerv-adult-baranykecske-6x400g/", "product_description": "Adult Kecske Birkával. 95% kecske, birka, kecskehúsleves – 5% gyógynövény és értékes összetevők – 0% hozzáadott gabona. Teljes értékű eledel kifejlett kutyák számára 11–24 hónapos kortól (a kutya termetétől függően). Természetes a kiválasztott nyersanyagokban. Összetétel: 65% kecske (tüdő, szív, máj), 25% kecskehúsleves, 5% birkahús, 2% csipkebogyó, 1,2% édeskömény, 1% ásványi anyagok, 0,3% lazacolaj, 0,2% gyermekláncfű, 0,1% cickafark, 0,1% csalán, 0,1% galagonyalevél. Nyomokban egyéb összetevőket is tartalmazhat. Analitikai összetevők: fehérje 9,5 %, zsírtartalom 6,5 %, nyershamu 1,8 %, nyersrost 0,6 %, kalcium 0,28 %, foszfor 0,21 %, nedvesség 77 % Adalékanyagok/kg: tápértékkel rendelkező adalékanyagok: A-vitamin 2000 NE, D3-vitamin 200 NE, réz (3b405) 1,5 mg, jód (3b202) 0,75 mg, cink (3b603) 20 mg Tovább olvasok"}
{"breadcrumb": "Főoldal/Kutya/Eledelek/Nedves eledelek/Real Nature Wilderness kutya konzerv adult bárány&kecske 6x800g", "product_name": "Real Nature Wilderness kutya konzerv adult bárány&kecske 6x800gReal Nature Wilderness kutya konzerv adult bárány&kecske 6x800g", "brand": "Real NatureWilderness601g – 800gFelnőttvegyespástétomgabonamenteskonzerv", "regular_price": "15 594", "selling_price": "14 394", "price_per_unit": "2 399 Ft", "product_url": "https://webshop.fressnapf.hu/termekek/real-nature-wilderness-kutya-konzerv-adult-baranykecske-6x800g/", "product_description": "Adult Kecske Birkával. 95% kecske, birka, kecskehúsleves – 5% gyógynövény és értékes összetevők – 0% hozzáadott gabona. Teljes értékű eledel kifejlett kutyák számára 11–24 hónapos kortól (a kutya termetétől függően). Természetes a kiválasztott nyersanyagokban. Összetétel: 65% kecske (tüdő, szív, máj), 25% kecskehúsleves, 5% birkahús, 2% csipkebogyó, 1,2% édeskömény, 1% ásványi anyagok, 0,3% lazacolaj, 0,2% gyermekláncfű, 0,1% cickafark, 0,1% csalán, 0,1% galagonyalevél. Nyomokban egyéb összetevőket is tartalmazhat. Analitikai összetevők: fehérje 9,5 %, zsírtartalom 6,5 %, nyershamu 1,8 %, nyersrost 0,6 %, kalcium 0,28 %, foszfor 0,21 %, nedvesség 77 % Adalékanyagok/kg: tápértékkel rendelkező adalékanyagok: A-vitamin 2000 NE, D3-vitamin 200 NE, réz (3b405) 1,5 mg, jód (3b202) 0,75 mg, cink (3b603) 20 mg Tovább olvasok"}
{"breadcrumb": "Főoldal/Kutya/Eledelek/Nedves eledelek/REAL NATURE Wilderness kutya konzerv adult birka 6x400g", "product_name": "REAL NATURE Wilderness kutya konzerv adult birka 6x400gREAL NATURE Wilderness kutya konzerv adult birka 6x400g", "brand": "Real NatureWilderness201g – 400gFelnőttjuh&bárány&kecskekonzervgabonamentesközepes testű 11-25kg", "regular_price": "9 594", "selling_price": "8 994", "price_per_unit": "1 499 Ft", "product_url": "https://webshop.fressnapf.hu/termekek/6xreal-nature-wilderness-pure-kutyakonzerv-birka-400g/", "product_description": "Kiemelkedően magas hústartalommal Gyümölcsöket, zöldségeket, gyógynövényeket és értékes összetevőket tartalmaz Gabonamentes receptúra REAL NATURE Wilderness nedves eledel – változatos, akár a vad ösvények. Ezt a nedves eledelt változatos receptúrája és kiemelkedően magas hústartalma teszi különlegessé. A hús kíméletes eljárással készült szószban garnírozott. Az extra méretű hússzeletek a kutyák ősi igényeihez igazodnak. A gyümölcsökkel, zöldségekkel és gyógynövényekkel kiegészítve gabonamentes, a fajta igényeit kielégítő táplálék. A Pure Protein fajták pedig csupán egy állati fehérjeforrást tartalmaznak receptúránként, a különösen könnyű emészthetőségért. A Real Nature a legkiválóbb természetes összetevőket ötvözi a táplálkozásfiziológiai szakértelemmel: Lelkiismeretesen válogatjuk és gondosan készítjük el a természetben megtalálható legfinomabb összetevőket, hogy az Ön kutyája a lehető legtermészetesebb táplálékot kapja. TERMÉSZETES TÁPLÁLÉK PRÉMIUM MINŐSÉG ŐSZINTE NYILATKOZAT SZÉLES VÁLASZTÉK A természetes prémium receptúrák nem tartalmaznak sem tartósítószert, színezőanyagokat és aromákat, sem cukrot. A REAL NATURE eledelek esetében Ön pontosan tudja, mit ad a kedvencének: Minden egyes összetevőt feltüntetünk a csomagoláson. Az előnyök áttekintése: Kiemelkedően magas hústartalommal Gyümölcsöket, zöldségeket, gyógynövényeket és értékes összetevőket tartalmaz Gabonamentes receptúra Lazacolaj értékes Omega-3 zsírsavakkal A gyógynövények és a tengeri algák gondoskodnak a fontos fitotápanyagokról mesterséges tartósítószerek, színezékek és aromák hozzáadása nélkül A REAL NATURE a farkasok táplálkozását veszi alapul, és lehetővé teszi, hogy kedvencét úgy táplálja, ahogy az a fajta igényeit a leginkább kielégíti. Analitikai összetevők: 8,1% fehérje, 6,3% zsírtartalom, 2,4% nyershamu, 1,3% nyersrost, 0,33% kalcium, 0,21% foszfor Összetétel: 68% birka (szív, tüdő, máj, 6% hús), 27% bárányhúslé, 3,2% édesburgonya, 1% ásványi anyag, 0,3% lenmagolaj, 0,2% gyermekláncfű, 0,1% cickafark, 0,1% csalán, 0,1% galagonyalevél Adalékanyag/kg: Adalékanyagok/kg: Táplálkozásfiziológiai adalékanyagok: 2000 NE A-vitamin, 200 NE D3-vitamin, 25 mg E-vitamin, 0,75 mg jód (kalcium-jodát, vízmentes), 1 mg réz (réz(II)-szulfát, pentahidrát), 18 mg cink (cink-szulfát, monohidrát). Táplálási javaslat: A kutya súlya Napi szükséglet 2 kg 160 g 5 kg 320 g 7,5 kg 430 g 10 kg 530 g 15 kg 720 g 20 kg 890 g A megadott adatok irányadó értékek. A tényleges tápanyagigény a fajtától, az életkortól és az aktivitástól függ. Felbontás után hűtőszekrényben tárolja. Szobahőmérsékleten tálalja. Nyomokban tartalmazhat egyéb összetevőket. Hűvös és száraz helyen tárolja Tovább olvasok"}
{"breadcrumb": "Főoldal/Kutya/Eledelek/Nedves eledelek/REAL NATURE Wilderness kutya konzerv adult birka 6x800g", "product_name": "REAL NATURE Wilderness kutya konzerv adult birka 6x800gREAL NATURE Wilderness kutya konzerv adult birka 6x800g", "brand": "Real NatureWilderness601g – 800gFelnőttjuh&bárány&kecskekonzervgabonamentesnagytestű 26kg-tól", "regular_price": "15 594", "selling_price": "14 394", "price_per_unit": "2 399 Ft", "product_url": "https://webshop.fressnapf.hu/termekek/6xreal-nature-wilderness-pure-kutyakonzerv-birka-800g/", "product_description": "Kiemelkedően magas hústartalommal Gyümölcsöket, zöldségeket, gyógynövényeket és értékes összetevőket tartalmaz Gabonamentes receptúra REAL NATURE Wilderness nedves eledel – változatos, akár a vad ösvények. Ezt a nedves eledelt változatos receptúrája és kiemelkedően magas hústartalma teszi különlegessé. A hús kíméletes eljárással készült szószban garnírozott. Az extra méretű hússzeletek a kutyák ősi igényeihez igazodnak. A gyümölcsökkel, zöldségekkel és gyógynövényekkel kiegészítve gabonamentes, a fajta igényeit kielégítő táplálék. A Pure Protein fajták pedig csupán egy állati fehérjeforrást tartalmaznak receptúránként, a különösen könnyű emészthetőségért. A Real Nature a legkiválóbb természetes összetevőket ötvözi a táplálkozásfiziológiai szakértelemmel: Lelkiismeretesen válogatjuk és gondosan készítjük el a természetben megtalálható legfinomabb összetevőket, hogy az Ön kutyája a lehető legtermészetesebb táplálékot kapja. TERMÉSZETES TÁPLÁLÉK PRÉMIUM MINŐSÉG ŐSZINTE NYILATKOZAT SZÉLES VÁLASZTÉK A természetes prémium receptúrák nem tartalmaznak sem tartósítószert, színezőanyagokat és aromákat, sem cukrot. A REAL NATURE eledelek esetében Ön pontosan tudja, mit ad a kedvencének: Minden egyes összetevőt feltüntetünk a csomagoláson. Az előnyök áttekintése: Kiemelkedően magas hústartalommal Gyümölcsöket, zöldségeket, gyógynövényeket és értékes összetevőket tartalmaz Gabonamentes receptúra Lazacolaj értékes Omega-3 zsírsavakkal A gyógynövények és a tengeri algák gondoskodnak a fontos fitotápanyagokról mesterséges tartósítószerek, színezékek és aromák hozzáadása nélkül A REAL NATURE a farkasok táplálkozását veszi alapul, és lehetővé teszi, hogy kedvencét úgy táplálja, ahogy az a fajta igényeit a leginkább kielégíti. Analitikai összetevők: 8,1% fehérje, 6,3% zsírtartalom, 2,4% nyershamu, 1,3% nyersrost, 0,33% kalcium, 0,21% foszfor Összetétel: 68% birka (szív, tüdő, máj, 6% hús), 27% bárányhúslé, 3,2% édesburgonya, 1% ásványi anyag, 0,3% lenmagolaj, 0,2% gyermekláncfű, 0,1% cickafark, 0,1% csalán, 0,1% galagonyalevél Adalékanyag/kg: Táplálkozásfiziológiai adalékanyagok: 2000 NE A-vitamin, 200 NE D3-vitamin, 25 mg E-vitamin, 0,75 mg jód (kalcium-jodát, vízmentes), 1 mg réz (réz(II)-szulfát, pentahidrát),  18 mg cink (cink-szulfát, monohidrát) Táplálási javaslat: A kutya súlya Napi szükséglet 10 kg 530 g 15 kg 720 g 20 kg 890 g 25 kg 1050 g 30 kg 1210 g 35 kg 1360 g 40 kg 1500 g 45 kg 1640 g 50 kg 1770 g 60 kg 2030 g 70 kg 2280 g 80 kg 2520 g A megadott adatok irányadó értékek. A tényleges tápanyagigény a fajtától, az életkortól és az aktivitástól függ. Felbontás után hűtőszekrényben tárolja. Szobahőmérsékleten tálalja. Nyomokban tartalmazhat egyéb összetevőket. Hűvös és száraz helyen tárolja Tovább olvasok"}
{"breadcrumb": "Főoldal/Kutya/Eledelek/Nedves eledelek/Real Nature Wilderness kutya konzerv adult csirke&lazac 6x400g", "product_name": "Real Nature Wilderness kutya konzerv adult csirke&lazac 6x400gReal Nature Wilderness kutya konzerv adult csirke&lazac 6x400g", "brand": "Real NatureWilderness201g – 400gFelnőttvegyespástétomgabonamenteskonzerv", "regular_price": "7 794", "selling_price": "7 194", "price_per_unit": "1 199 Ft", "product_url": "https://webshop.fressnapf.hu/termekek/real-nature-wilderness-kutya-konzerv-adult-csirkelazac-6x400g/", "product_description": "Kiemelkedően magas hústartalommal Gyümölcsöket, zöldségeket, gyógynövényeket és értékes összetevőket tartalmaz Gabonamentes receptúra REAL NATURE Wilderness nedves eledel – változatos, akár a vad ösvények. Ezt a nedves eledelt változatos receptúrája és kiemelkedően magas hústartalma teszi különlegessé. A hús kíméletes eljárással készült szószban garnírozott. Az extra méretű hússzeletek a kutyák ősi igényeihez igazodnak. A gyümölcsökkel, zöldségekkel és gyógynövényekkel kiegészítve gabonamentes, a fajta igényeit kielégítő táplálék. A Pure Protein fajták pedig csupán egy állati fehérjeforrást tartalmaznak receptúránként, a különösen könnyű emészthetőségért. A Real Nature a legkiválóbb természetes összetevőket ötvözi a táplálkozásfiziológiai szakértelemmel: Lelkiismeretesen válogatjuk és gondosan készítjük el a természetben megtalálható legfinomabb összetevőket, hogy az Ön kutyája a lehető legtermészetesebb táplálékot kapja. TERMÉSZETES TÁPLÁLÉK PRÉMIUM MINŐSÉG ŐSZINTE NYILATKOZAT SZÉLES VÁLASZTÉK A természetes prémium receptúrák nem tartalmaznak sem tartósítószert, színezőanyagokat és aromákat, sem cukrot. A REAL NATURE eledelek esetében Ön pontosan tudja, mit ad a kedvencének: Minden egyes összetevőt feltüntetünk a csomagoláson. Az előnyök áttekintése: Kiemelkedően magas hústartalommal Gyümölcsöket, zöldségeket, gyógynövényeket és értékes összetevőket tartalmaz Gabonamentes receptúra Lazacolaj értékes Omega-3 zsírsavakkal A gyógynövények és a tengeri algák gondoskodnak a fontos fitotápanyagokról mesterséges tartósítószerek, színezékek és aromák hozzáadása nélkül A REAL NATURE a farkasok táplálkozását veszi alapul, és lehetővé teszi, hogy kedvencét úgy táplálja, ahogy az a fajta igényeit a leginkább kielégíti. Analitikai összetevők: 9,5% fehérje, 5,3% zsírtartalom, 2,4% nyershamu, 0,8% nyersrost, 0,33% kalcium, 0,21% foszfor Összetétel: 35% csirke (szív, máj, 12% hús, nyak, zúza), 35% lazac, 25% csirkehúslé, 3,2% tőzegáfonya, 1%Mineralstoffe, 0,3% lazacolaj, 0,2% görögszénamag, 0,1% petrezselyem, 0,1% sóska, 0,1% spirulina. Adalékanyag/kg: Táplálkozásfiziológiai adalékanyagok: 2000 NE A-vitamin, 200 NE D3-vitamin, 25 mg E-vitamin, 0,75 mg jód (kalcium-jodát, vízmentes), 1 mg réz (réz(II)-szulfát, pentahidrát), 18 mg cink (cink-szulfát, monohidrát) Táplálási javaslat: A kutya súlya Napi szükséglet 10 kg 490 g 15 kg 660 g 20 kg 820 g 25 kg 970 g 30 kg 1110 g 35 kg 1250 g 40 kg 1380 g 45 kg 1510 g 50 kg 1630 g 60 kg 1870 g 70 kg 2100 g 80 kg 2330 g A megadott adatok irányadó értékek. A tényleges tápanyagigény a fajtától, az életkortól és az aktivitástól függ. Felbontás után hűtőszekrényben tárolja. Szobahőmérsékleten tálalja. Nyomokban tartalmazhat egyéb összetevőket. Hűvös és száraz helyen tárolja. Tovább olvasok"}
{"breadcrumb": "Főoldal/Kutya/Eledelek/Nedves eledelek/REAL NATURE Wilderness kutya konzerv adult csirke&lazac 6x800g", "product_name": "REAL NATURE Wilderness kutya konzerv adult csirke&lazac 6x800gREAL NATURE Wilderness kutya konzerv adult csirke&lazac 6x800g", "brand": "Real NatureWilderness601g – 800gFelnőttszárnyaskonzervgabonamentesnagytestű 26kg-tól", "regular_price": "11 394", "selling_price": "10 794", "price_per_unit": "1 799 Ft", "product_url": "https://webshop.fressnapf.hu/termekek/6xreal-nature-wilderness-csirke-es-lazac-kutyakonzerv-800g/", "product_description": "Kiemelkedően magas hústartalommal Gyümölcsöket, zöldségeket, gyógynövényeket és értékes összetevőket tartalmaz Gabonamentes receptúra REAL NATURE Wilderness nedves eledel – változatos, akár a vad ösvények. Ezt a nedves eledelt változatos receptúrája és kiemelkedően magas hústartalma teszi különlegessé. A hús kíméletes eljárással készült szószban garnírozott. Az extra méretű hússzeletek a kutyák ősi igényeihez igazodnak. A gyümölcsökkel, zöldségekkel és gyógynövényekkel kiegészítve gabonamentes, a fajta igényeit kielégítő táplálék. A Pure Protein fajták pedig csupán egy állati fehérjeforrást tartalmaznak receptúránként, a különösen könnyű emészthetőségért. A Real Nature a legkiválóbb természetes összetevőket ötvözi a táplálkozásfiziológiai szakértelemmel: Lelkiismeretesen válogatjuk és gondosan készítjük el a természetben megtalálható legfinomabb összetevőket, hogy az Ön kutyája a lehető legtermészetesebb táplálékot kapja. TERMÉSZETES TÁPLÁLÉK PRÉMIUM MINŐSÉG ŐSZINTE NYILATKOZAT SZÉLES VÁLASZTÉK A természetes prémium receptúrák nem tartalmaznak sem tartósítószert, színezőanyagokat és aromákat, sem cukrot. A REAL NATURE eledelek esetében Ön pontosan tudja, mit ad a kedvencének: Minden egyes összetevőt feltüntetünk a csomagoláson. Az előnyök áttekintése: Kiemelkedően magas hústartalommal Gyümölcsöket, zöldségeket, gyógynövényeket és értékes összetevőket tartalmaz Gabonamentes receptúra Lazacolaj értékes Omega-3 zsírsavakkal A gyógynövények és a tengeri algák gondoskodnak a fontos fitotápanyagokról mesterséges tartósítószerek, színezékek és aromák hozzáadása nélkül A REAL NATURE a farkasok táplálkozását veszi alapul, és lehetővé teszi, hogy kedvencét úgy táplálja, ahogy az a fajta igényeit a leginkább kielégíti. Analitikai összetevők: 9,5% fehérje, 5,3% zsírtartalom, 2,4% nyershamu, 0,8% nyersrost, 0,33% kalcium, 0,21% foszfor Összetétel: 35% csirke (szív, máj, 12% hús, nyak, zúza), 35% lazac, 25% csirkehúslé, 3,2% tőzegáfonya, 1%Mineralstoffe, 0,3% lazacolaj, 0,2% görögszénamag, 0,1% petrezselyem, 0,1% sóska, 0,1% spirulina. Adalékanyag/kg: Táplálkozásfiziológiai adalékanyagok: 2000 NE A-vitamin, 200 NE D3-vitamin, 25 mg E-vitamin, 0,75 mg jód (kalcium-jodát, vízmentes), 1 mg réz (réz(II)-szulfát, pentahidrát), 18 mg cink (cink-szulfát, monohidrát) Táplálási javaslat: A kutya súlya Napi szükséglet 10 kg 490 g 15 kg 660 g 20 kg 820 g 25 kg 970 g 30 kg 1110 g 35 kg 1250 g 40 kg 1380 g 45 kg 1510 g 50 kg 1630 g 60 kg 1870 g 70 kg 2100 g 80 kg 2330 g A megadott adatok irányadó értékek. A tényleges tápanyagigény a fajtától, az életkortól és az aktivitástól függ. Felbontás után hűtőszekrényben tárolja. Szobahőmérsékleten tálalja. Nyomokban tartalmazhat egyéb összetevőket. Hűvös és száraz helyen tárolja. Tovább olvasok"}
{"breadcrumb": "Főoldal/Kutya/Eledelek/Nedves eledelek/Real Nature Wilderness kutya konzerv adult Deep Forest vaddisznó&szarvas 6x200g", "product_name": "Real Nature Wilderness kutya konzerv adult Deep Forest vaddisznó&szarvas 6x200gReal Nature Wilderness kutya konzerv adult Deep Forest vaddisznó&szarvas 6x200g", "brand": "Real NatureWilderness101g – 200gFelnőttvadkonzervkistestű 10kg-ig", "regular_price": "8 994", "selling_price": "8 394", "price_per_unit": "899 Ft", "product_url": "https://webshop.fressnapf.hu/termekek/real-nature-wilderness-kutya-konzerv-adult-deep-forest-vaddisznoszarvas-200g/", "product_description": "Kiemelkedően magas hústartalommal Gyümölcsöket, zöldségeket, gyógynövényeket és értékes összetevőket tartalmaz Gabonamentes receptúra REAL NATURE Wilderness nedves eledel – változatos, akár a vad ösvények. Ezt a nedves eledelt változatos receptúrája és kiemelkedően magas hústartalma teszi különlegessé. A hús kíméletes eljárással készült szószban garnírozott. Az extra méretű hússzeletek a kutyák ősi igényeihez igazodnak. A gyümölcsökkel, zöldségekkel és gyógynövényekkel kiegészítve gabonamentes, a fajta igényeit kielégítő táplálék. A Pure Protein fajták pedig csupán egy állati fehérjeforrást tartalmaznak receptúránként, a különösen könnyű emészthetőségért. Az előnyök áttekintése: Kiemelkedően magas hústartalommal Gyümölcsöket, zöldségeket, gyógynövényeket és értékes összetevőket tartalmaz Gabonamentes receptúra Lazacolaj értékes Omega-3 zsírsavakkal A gyógynövények és a tengeri algák gondoskodnak a fontos fitotápanyagokról mesterséges tartósítószerek, színezékek és aromák hozzáadása nélkül A REAL NATURE a farkasok táplálkozását veszi alapul, és lehetővé teszi, hogy kedvencét úgy táplálja, ahogy az a fajta igényeit a leginkább kielégíti. Analitikai összetevők: 10,4% fehérje, 5,3% zsírtartalom, 2,6% nyershamu, 0,8% nyersrost, 0,33% kalcium, 0,21% foszfor Összetétel: 45% vaddisznó (szív, tüdő, máj, 8% hús), 25% szarvas (szív, tüdő, máj, 15% hús), 25% vadhúslé, 3,2% alma, 1% ásványi anyag, 0,3% lazacolaj, 0,2% gyermekláncfű, 0,1% cickafark, 0,1% csalán, 0,1% galagonyalevél Adalékanyag/kg: Táplálkozásfiziológiai adalékanyagok: 2000 NE A-vitamin, 200 NE D3-vitamin, 25 mg E-vitamin,  1 mg réz (réz(II)-szulfát, pentahidrát), 0,75 mg jód (kalcium-jodát, vízmentes),  18 mg cink (cink-szulfát, monohidrát). Táplálási javaslat: A kutya súlya napi adag 2 kg 150 g 5 kg 290 g 7,5 kg 390 g 10 kg 490 g A megadott adatok irányadó értékek. A tényleges tápanyagigény a fajtától, az életkortól és az aktivitástól függ. Felbontás után hűtőszekrényben tárolja. Szobahőmérsékleten tálalja. Nyomokban tartalmazhat egyéb összetevőket. Hűvös és száraz helyen tárolja Tovább olvasok"}
{"breadcrumb": "Főoldal/Kutya/Eledelek/Nedves eledelek/REAL NATURE Wilderness kutya konzerv adult hering&lazac 6x400g", "product_name": "REAL NATURE Wilderness kutya konzerv adult hering&lazac 6x400gREAL NATURE Wilderness kutya konzerv adult hering&lazac 6x400g", "brand": "Real NatureWilderness201g – 400gFelnőtthal&tenger gyümölcseikonzervgabonamentesközepes testű 11-25kg", "regular_price": "7 794", "selling_price": "7 194", "price_per_unit": "1 199 Ft", "product_url": "https://webshop.fressnapf.hu/termekek/6xreal-nature-wilderness-heringgel-lazaccal-es-kacsaval-kutyakonzerv-400g/", "product_description": "Kiemelkedően magas hústartalommal Gyümölcsöket, zöldségeket, gyógynövényeket és értékes összetevőket tartalmaz Gabonamentes receptúra REAL NATURE Wilderness nedves eledel – változatos, akár a vad ösvények. Ezt a nedves eledelt változatos receptúrája és kiemelkedően magas hústartalma teszi különlegessé. A hús kíméletes eljárással készült szószban garnírozott. Az extra méretű hússzeletek a kutyák ősi igényeihez igazodnak. A gyümölcsökkel, zöldségekkel és gyógynövényekkel kiegészítve gabonamentes, a fajta igényeit kielégítő táplálék. A Pure Protein fajták pedig csupán egy állati fehérjeforrást tartalmaznak receptúránként, a különösen könnyű emészthetőségért. A Real Nature a legkiválóbb természetes összetevőket ötvözi a táplálkozásfiziológiai szakértelemmel: Lelkiismeretesen válogatjuk és gondosan készítjük el a természetben megtalálható legfinomabb összetevőket, hogy az Ön kutyája a lehető legtermészetesebb táplálékot kapja. TERMÉSZETES TÁPLÁLÉK PRÉMIUM MINŐSÉG ŐSZINTE NYILATKOZAT SZÉLES VÁLASZTÉK A természetes prémium receptúrák nem tartalmaznak sem tartósítószert, színezőanyagokat és aromákat, sem cukrot. A REAL NATURE eledelek esetében Ön pontosan tudja, mit ad a kedvencének: Minden egyes összetevőt feltüntetünk a csomagoláson. Az előnyök áttekintése: Kiemelkedően magas hústartalommal Gyümölcsöket, zöldségeket, gyógynövényeket és értékes összetevőket tartalmaz Gabonamentes receptúra Lazacolaj értékes Omega-3 zsírsavakkal A gyógynövények és a tengeri algák gondoskodnak a fontos fitotápanyagokról mesterséges tartósítószerek, színezékek és aromák hozzáadása nélkül A REAL NATURE a farkasok táplálkozását veszi alapul, és lehetővé teszi, hogy kedvencét úgy táplálja, ahogy az a fajta igényeit a leginkább kielégíti. Analitikai összetevők: 9,8% fehérje, 5% zsírtartalom, 2,5% nyershamu, 0,8% nyersrost. 0,33% kalcium, 0,21% foszfor. Összetétel: 25% hering, 25% kacsa (szív, 7% hús, máj, nyak), 25% lazac, 20% lazac, 2% fekete áfonya, 1,2% homoktövis, 1% ásványi anyag, 0,3% lazacolaj, 0,2% görögszénamag, 0,1% petrezselyem, 0,1% sóska, 0,1% spirulina Adalékanyag/kg: 2000 NE A-vitamin, 200 NE D3-vitamin, 25 mg E-vitamin, 0,75 mg jód (kalcium-jodát, vízmentes), 1 mg réz (réz(II)-szulfát, pentahidrát), 18 mg cink (cink-szulfát, monohidrát). Táplálási javaslat: A kutya súlya Napi szükséglet 2 kg 150 g 5 kg 290 g 7,5 kg 390 g 10 kg 490 g 15 kg 660 g 20 kg 820 g A megadott adatok irányadó értékek. A tényleges tápanyagigény a fajtától, az életkortól és az aktivitástól függ. Felbontás után hűtőszekrényben tárolja. Szobahőmérsékleten tálalja. Nyomokban tartalmazhat egyéb összetevőket. Hűvös és száraz helyen tárolja. Tovább olvasok"}
{"breadcrumb": "Főoldal/Kutya/Eledelek/Nedves eledelek/REAL NATURE Wilderness kutya konzerv adult hering&lazac 6x800g", "product_name": "REAL NATURE Wilderness kutya konzerv adult hering&lazac 6x800gREAL NATURE Wilderness kutya konzerv adult hering&lazac 6x800g", "brand": "Real NatureWilderness601g – 800gFelnőtthal&tenger gyümölcseikonzervgabonamentesnagytestű 26kg-tól", "regular_price": "11 394", "selling_price": "10 794", "price_per_unit": "1 899 Ft", "product_url": "https://webshop.fressnapf.hu/termekek/6xreal-nature-wilderness-heringgel-lazaccal-es-kacsaval-kutyakonzerv-800g/", "product_description": "Kiemelkedően magas hústartalommal Gyümölcsöket, zöldségeket, gyógynövényeket és értékes összetevőket tartalmaz Gabonamentes receptúra REAL NATURE Wilderness nedves eledel – változatos, akár a vad ösvények. Ezt a nedves eledelt változatos receptúrája és kiemelkedően magas hústartalma teszi különlegessé. A hús kíméletes eljárással készült szószban garnírozott. Az extra méretű hússzeletek a kutyák ősi igényeihez igazodnak. A gyümölcsökkel, zöldségekkel és gyógynövényekkel kiegészítve gabonamentes, a fajta igényeit kielégítő táplálék. A Pure Protein fajták pedig csupán egy állati fehérjeforrást tartalmaznak receptúránként, a különösen könnyű emészthetőségért. A Real Nature a legkiválóbb természetes összetevőket ötvözi a táplálkozásfiziológiai szakértelemmel: Lelkiismeretesen válogatjuk és gondosan készítjük el a természetben megtalálható legfinomabb összetevőket, hogy az Ön kutyája a lehető legtermészetesebb táplálékot kapja. TERMÉSZETES TÁPLÁLÉK PRÉMIUM MINŐSÉG ŐSZINTE NYILATKOZAT SZÉLES VÁLASZTÉK A természetes prémium receptúrák nem tartalmaznak sem tartósítószert, színezőanyagokat és aromákat, sem cukrot. A REAL NATURE eledelek esetében Ön pontosan tudja, mit ad a kedvencének: Minden egyes összetevőt feltüntetünk a csomagoláson. Az előnyök áttekintése: Kiemelkedően magas hústartalommal Gyümölcsöket, zöldségeket, gyógynövényeket és értékes összetevőket tartalmaz Gabonamentes receptúra Lazacolaj értékes Omega-3 zsírsavakkal A gyógynövények és a tengeri algák gondoskodnak a fontos fitotápanyagokról mesterséges tartósítószerek, színezékek és aromák hozzáadása nélkül A REAL NATURE a farkasok táplálkozását veszi alapul, és lehetővé teszi, hogy kedvencét úgy táplálja, ahogy az a fajta igényeit a leginkább kielégíti. Analitikai összetevők: 9,8% fehérje, 5% zsírtartalom, 2,5% nyershamu, 0,8% nyersrost. 0,33% kalcium, 0,21% foszfor. Összetétel: 25% hering, 25% kacsa (szív, 7% hús, máj, nyak), 25% lazac, 20% lazac, 2% fekete áfonya, 1,2% homoktövis, 1% ásványi anyag, 0,3% lazacolaj, 0,2% görögszénamag, 0,1% petrezselyem, 0,1% sóska, 0,1% spirulina Adalékanyag/kg: 2000 NE A-vitamin, 200 NE D3-vitamin, 25 mg E-vitamin, 0,75 mg jód (kalcium-jodát, vízmentes), 1 mg réz (réz(II)-szulfát, pentahidrát), 18 mg cink (cink-szulfát, monohidrát). Táplálási javaslat: A kutya súlya Napi szükséglet 2 kg 150 g 5 kg 290 g 7,5 kg 390 g 10 kg 490 g 15 kg 660 g 20 kg 820 g A megadott adatok irányadó értékek. A tényleges tápanyagigény a fajtától, az életkortól és az aktivitástól függ. Felbontás után hűtőszekrényben tárolja. Szobahőmérsékleten tálalja. Nyomokban tartalmazhat egyéb összetevőket. Hűvös és száraz helyen tárolja. Tovább olvasok"}
{"breadcrumb": "Főoldal/Kutya/Eledelek/Nedves eledelek/REAL NATURE Wilderness kutya konzerv adult ló&marha 6x800g", "product_name": "REAL NATURE Wilderness kutya konzerv adult ló&marha 6x800gREAL NATURE Wilderness kutya konzerv adult ló&marha 6x800g", "brand": "Real NatureWilderness601g – 800gFelnőttlókonzervgabonamentesnagytestű 26kg-tól", "regular_price": "15 594", "selling_price": "14 394", "price_per_unit": "2 599 Ft", "product_url": "https://webshop.fressnapf.hu/termekek/6xreal-nature-wilderness-kutyakonzerv-lo-es-marha-800g/", "product_description": "Kiemelkedően magas hústartalommal Gyümölcsöket, zöldségeket, gyógynövényeket és értékes összetevőket tartalmaz Gabonamentes receptúra REAL NATURE Wilderness nedves eledel – változatos, akár a vad ösvények. Ezt a nedves eledelt változatos receptúrája és kiemelkedően magas hústartalma teszi különlegessé. A hús kíméletes eljárással készült szószban garnírozott. Az extra méretű hússzeletek a kutyák ősi igényeihez igazodnak. A gyümölcsökkel, zöldségekkel és gyógynövényekkel kiegészítve gabonamentes, a fajta igényeit kielégítő táplálék. A Pure Protein fajták pedig csupán egy állati fehérjeforrást tartalmaznak receptúránként, a különösen könnyű emészthetőségért. A Real Nature a legkiválóbb természetes összetevőket ötvözi a táplálkozásfiziológiai szakértelemmel: Lelkiismeretesen válogatjuk és gondosan készítjük el a természetben megtalálható legfinomabb összetevőket, hogy az Ön kutyája a lehető legtermészetesebb táplálékot kapja. TERMÉSZETES TÁPLÁLÉK PRÉMIUM MINŐSÉG ŐSZINTE NYILATKOZAT SZÉLES VÁLASZTÉK A természetes prémium receptúrák nem tartalmaznak sem tartósítószert, színezőanyagokat és aromákat, sem cukrot. A REAL NATURE eledelek esetében Ön pontosan tudja, mit ad a kedvencének: Minden egyes összetevőt feltüntetünk a csomagoláson. Az előnyök áttekintése: Kiemelkedően magas hústartalommal Gyümölcsöket, zöldségeket, gyógynövényeket és értékes összetevőket tartalmaz Gabonamentes receptúra Lazacolaj értékes Omega-3 zsírsavakkal A gyógynövények és a tengeri algák gondoskodnak a fontos fitotápanyagokról mesterséges tartósítószerek, színezékek és aromák hozzáadása nélkül A REAL NATURE a farkasok táplálkozását veszi alapul, és lehetővé teszi, hogy kedvencét úgy táplálja, ahogy az a fajta igényeit a leginkább kielégíti. Analitikai összetevők: 8,2% fehérje, 5,4% zsírtartalom, 2% nyershamu, 0,4% nyersrost, 0,21% kalcium, 0,17% foszfor Összetétel: 34% ló (tüdő, 8% hús, máj, gége), 34% marha (szív, tüdő, máj, 5% hús), 27% marhahúslé,     3,2% vörös ribiszke, 1% ásványi anyag, 0,3% lenmagolaj, 0,2% gyermekláncfű, 0,1% cickafark, 0,1% csalán, 0,1% galagonyalevél Adalékanyag/kg: Táplálkozásfiziológiai adalékanyagok: 2000 NE A-vitamin, 200 NE D3-vitamin, 25 mg E-vitamin, 0,75 mg jód (kalcium-jodát, vízmentes), 1 mg réz (réz(II)-szulfát, pentahidrát),  18 mg cink (cink-szulfát, monohidrát) Táplálási javaslat: A kutya súlya Napi szükséglet 10 kg 490 g 15 kg 660 g 20 kg 820 g 25 kg 970 g 30 kg 1110 g 35 kg 1250 g 40 kg 1380 g 45 kg 1510 g 50 kg 1630 g 60 kg 1870 g 70 kg 2100 g 80 kg 2330 g A megadott adatok irányadó értékek. A tényleges tápanyagigény a fajtától, az életkortól és az aktivitástól függ. Felbontás után hűtőszekrényben tárolja. Szobahőmérsékleten tálalja. Nyomokban tartalmazhat egyéb összetevőket. Hűvös és száraz helyen tárolja Tovább olvasok"}
{"breadcrumb": "Főoldal/Kutya/Eledelek/Nedves eledelek/Real Nature Wilderness kutya konzerv adult lóhús 6x800g", "product_name": "Real Nature Wilderness kutya konzerv adult lóhús 6x800gReal Nature Wilderness kutya konzerv adult lóhús 6x800g", "brand": "Real NatureWilderness601g – 800gFelnőttlókonzervnagytestű 26kg-tól", "regular_price": "15 594", "selling_price": "14 394", "price_per_unit": "2 399 Ft", "product_url": "https://webshop.fressnapf.hu/termekek/real-nature-wilderness-kutya-konzerv-adult-lohus-6x800g/", "product_description": "Kiemelkedően magas hústartalommal Gyümölcsöket, zöldségeket, gyógynövényeket és értékes összetevőket tartalmaz Gabonamentes receptúra REAL NATURE Wilderness nedves eledel – változatos, akár a vad ösvények. Ezt a nedves eledelt változatos receptúrája és kiemelkedően magas hústartalma teszi különlegessé. A hús kíméletes eljárással készült szószban garnírozott. Az extra méretű hússzeletek a kutyák ősi igényeihez igazodnak. A gyümölcsökkel, zöldségekkel és gyógynövényekkel kiegészítve gabonamentes, a fajta igényeit kielégítő táplálék. A Pure Protein fajták pedig csupán egy állati fehérjeforrást tartalmaznak receptúránként, a különösen könnyű emészthetőségért. A Real Nature a legkiválóbb természetes összetevőket ötvözi a táplálkozásfiziológiai szakértelemmel: Lelkiismeretesen válogatjuk és gondosan készítjük el a természetben megtalálható legfinomabb összetevőket, hogy az Ön kutyája a lehető legtermészetesebb táplálékot kapja. TERMÉSZETES TÁPLÁLÉK PRÉMIUM MINŐSÉG ŐSZINTE NYILATKOZAT SZÉLES VÁLASZTÉK A természetes prémium receptúrák nem tartalmaznak sem tartósítószert, színezőanyagokat és aromákat, sem cukrot. A REAL NATURE eledelek esetében Ön pontosan tudja, mit ad a kedvencének: Minden egyes összetevőt feltüntetünk a csomagoláson. Az előnyök áttekintése: Kiemelkedően magas hústartalommal Gyümölcsöket, zöldségeket, gyógynövényeket és értékes összetevőket tartalmaz Gabonamentes receptúra Lazacolaj értékes Omega-3 zsírsavakkal A gyógynövények és a tengeri algák gondoskodnak a fontos fitotápanyagokról mesterséges tartósítószerek, színezékek és aromák hozzáadása nélkül A REAL NATURE a farkasok táplálkozását veszi alapul, és lehetővé teszi, hogy kedvencét úgy táplálja, ahogy az a fajta igényeit a leginkább kielégíti. Analitikai összetevők: 8,1% fehérje, 4,5% zsírtartalom, 2,4% nyershamu, 0,4% nyersrost, 0,21% kalcium, 0,17% foszfor Összetétel: 70% ló (szív, tüdő, máj, zúza, 6% hús), 25% lóhúslé, 2% pasztinák, 1,2% mángold, 1% ásványi anyag, 0,3% lazacolaj, 0,2% gyermekláncfű, 0,1% cickafark, 0,1% csalán, 0,1% galagonyalevél Adalékanyag/kg: Táplálkozásfiziológiai adalékanyagok: 2000 NE A-vitamin, 200 NE D3-vitamin, 25 mg E-vitamin,  1 mg réz (réz(II)-szulfát, pentahidrát), 0,75 mg jód (kalcium-jodát, vízmentes), 3 mg mangán (mangán(II)-szulfát, monohidrát), 18 mg cink (cink-szulfát, monohidrát). Táplálási javaslat: A kutya súlya napi adag 10 kg 530 g 15 kg 720 g 20 kg 890 g 25 kg 1050 g 30 kg 1210 g 35 kg 1360 g 40 kg 1500 g 45 kg 1640 g 50 kg 1770 g 60 kg 2030 g 70 kg 2280 g 80 kg 2520 g A megadott adatok irányadó értékek. A tényleges tápanyagigény a fajtától, az életkortól és az aktivitástól függ. Felbontás után hűtőszekrényben tárolja. Szobahőmérsékleten tálalja. Nyomokban tartalmazhat egyéb összetevőket. Hűvös és száraz helyen tárolja. Tovább olvasok"}
{"breadcrumb": "Főoldal/Kutya/Eledelek/Nedves eledelek/Real Nature Wilderness kutya konzerv adult marha 6x400g", "product_name": "Real Nature Wilderness kutya konzerv adult marha 6x400gReal Nature Wilderness kutya konzerv adult marha 6x400g", "brand": "Real NatureWilderness201g – 400gFelnőttmarha&borjúkonzervközepes testű 11-25kg", "regular_price": "7 794", "selling_price": "7 194", "price_per_unit": "1 199 Ft", "product_url": "https://webshop.fressnapf.hu/termekek/real-nature-wilderness-kutya-konzerv-adult-marha-6x400g/", "product_description": "Kiemelkedően magas hústartalommal Gyümölcsöket, zöldségeket, gyógynövényeket és értékes összetevőket tartalmaz Gabonamentes receptúra REAL NATURE Wilderness nedves eledel – változatos, akár a vad ösvények. Ezt a nedves eledelt változatos receptúrája és kiemelkedően magas hústartalma teszi különlegessé. A hús kíméletes eljárással készült szószban garnírozott. Az extra méretű hússzeletek a kutyák ősi igényeihez igazodnak. A gyümölcsökkel, zöldségekkel és gyógynövényekkel kiegészítve gabonamentes, a fajta igényeit kielégítő táplálék. A Pure Protein fajták pedig csupán egy állati fehérjeforrást tartalmaznak receptúránként, a különösen könnyű emészthetőségért. A Real Nature a legkiválóbb természetes összetevőket ötvözi a táplálkozásfiziológiai szakértelemmel: Lelkiismeretesen válogatjuk és gondosan készítjük el a természetben megtalálható legfinomabb összetevőket, hogy az Ön kutyája a lehető legtermészetesebb táplálékot kapja. TERMÉSZETES TÁPLÁLÉK PRÉMIUM MINŐSÉG ŐSZINTE NYILATKOZAT SZÉLES VÁLASZTÉK A természetes prémium receptúrák nem tartalmaznak sem tartósítószert, színezőanyagokat és aromákat, sem cukrot. A REAL NATURE eledelek esetében Ön pontosan tudja, mit ad a kedvencének: Minden egyes összetevőt feltüntetünk a csomagoláson. Az előnyök áttekintése: Kiemelkedően magas hústartalommal Gyümölcsöket, zöldségeket, gyógynövényeket és értékes összetevőket tartalmaz Gabonamentes receptúra Lazacolaj értékes Omega-3 zsírsavakkal A gyógynövények és a tengeri algák gondoskodnak a fontos fitotápanyagokról mesterséges tartósítószerek, színezékek és aromák hozzáadása nélkül A REAL NATURE a farkasok táplálkozását veszi alapul, és lehetővé teszi, hogy kedvencét úgy táplálja, ahogy az a fajta igényeit a leginkább kielégíti. Analitikai összetevők: 9,1% fehérje, 6,1% zsírtartalom, 2,4% nyershamu, 1,3% nyersrost, 0,33% kalcium, 0,21% foszfor Összetétel: 68% marhahús (szív, tüdő, máj, 6% hús),  27% marhahúslé, 3,2% tőzegáfonya, 1% ásványi anyag, 0,3% lenmagolaj, 0,2% gyermekláncfű, 0,1% cickafark, 0,1% csalán, 0,1% galagonyalevél Adalékanyag/kg: Táplálkozásfiziológiai adalékanyagok: 2000 NE A-vitamin, 200 NE D3-vitamin, 25 mg E-vitamin, 0,75 mg jód (kalcium-jodát, vízmentes), 1 mg réz (réz(II)-szulfát, pentahidrát), 18 mg cink (cink-szulfát, monohidrát). Táplálási javaslat: A kutya súlya Napi szükséglet 2 kg 160 g 5 kg 320 g 7,5 kg 430 g 10 kg 530 g 15 kg 720 g 20 kg 890 g A megadott adatok irányadó értékek. A tényleges tápanyagigény a fajtától, az életkortól és az aktivitástól függ. Felbontás után hűtőszekrényben tárolja. Szobahőmérsékleten tálalja. Nyomokban tartalmazhat egyéb összetevőket. Hűvös és száraz helyen tárolja Tovább olvasok"}
{"breadcrumb": "Főoldal/Kutya/Eledelek/Nedves eledelek/REAL NATURE Wilderness kutya konzerv adult marha 6x800g", "product_name": "REAL NATURE Wilderness kutya konzerv adult marha 6x800gREAL NATURE Wilderness kutya konzerv adult marha 6x800g", "brand": "Real NatureWilderness601g – 800gFelnőttmarha&borjúkonzervgabonamentesnagytestű 26kg-tól", "regular_price": "11 394", "selling_price": "10 794", "price_per_unit": "1 899 Ft", "product_url": "https://webshop.fressnapf.hu/termekek/6xreal-nature-wilderness-pure-kutyakonzerv-marha-800g/", "product_description": "Kiemelkedően magas hústartalommal Gyümölcsöket, zöldségeket, gyógynövényeket és értékes összetevőket tartalmaz Gabonamentes receptúra REAL NATURE Wilderness nedves eledel – változatos, akár a vad ösvények. Ezt a nedves eledelt változatos receptúrája és kiemelkedően magas hústartalma teszi különlegessé. A hús kíméletes eljárással készült szószban garnírozott. Az extra méretű hússzeletek a kutyák ősi igényeihez igazodnak. A gyümölcsökkel, zöldségekkel és gyógynövényekkel kiegészítve gabonamentes, a fajta igényeit kielégítő táplálék. A Pure Protein fajták pedig csupán egy állati fehérjeforrást tartalmaznak receptúránként, a különösen könnyű emészthetőségért. A Real Nature a legkiválóbb természetes összetevőket ötvözi a táplálkozásfiziológiai szakértelemmel: Lelkiismeretesen válogatjuk és gondosan készítjük el a természetben megtalálható legfinomabb összetevőket, hogy az Ön kutyája a lehető legtermészetesebb táplálékot kapja. TERMÉSZETES TÁPLÁLÉK PRÉMIUM MINŐSÉG ŐSZINTE NYILATKOZAT SZÉLES VÁLASZTÉK A természetes prémium receptúrák nem tartalmaznak sem tartósítószert, színezőanyagokat és aromákat, sem cukrot. A REAL NATURE eledelek esetében Ön pontosan tudja, mit ad a kedvencének: Minden egyes összetevőt feltüntetünk a csomagoláson. Az előnyök áttekintése: Kiemelkedően magas hústartalommal Gyümölcsöket, zöldségeket, gyógynövényeket és értékes összetevőket tartalmaz Gabonamentes receptúra Lazacolaj értékes Omega-3 zsírsavakkal A gyógynövények és a tengeri algák gondoskodnak a fontos fitotápanyagokról mesterséges tartósítószerek, színezékek és aromák hozzáadása nélkül A REAL NATURE a farkasok táplálkozását veszi alapul, és lehetővé teszi, hogy kedvencét úgy táplálja, ahogy az a fajta igényeit a leginkább kielégíti. Analitikai összetevők: 9,1% fehérje, 6,1% zsírtartalom, 2,4% nyershamu, 1,3% nyersrost, 0,33% kalcium, 0,21% foszfor Összetétel: 68% marha (szív, tüdő, máj, 6% hús) 27% marhahúslé, 3,2% tőzegáfonya 1% ásványi anyag 0,3% lenmagolaj 0,2% gyermekláncfű 0,1% cickafark 0,1% csalán 0,1% galagonyalevél Adalékanyag/kg: Táplálkozásfiziológiai adalékanyagok: 2000 NE A-vitamin, 200 NE D3-vitamin, 25 mg E-vitamin, 0,75 mg jód (kalcium-jodát, vízmentes), 1 mg réz (réz(II)-szulfát, pentahidrát),  18 mg cink (cink-szulfát, monohidrát) Táplálási javaslat: A kutya súlya Napi szükséglet 10 kg 530 g 15 kg 720 g 20 kg 890 g 25 kg 1050 g 30 kg 1210 g 35 kg 1360 g 40 kg 1500 g 45 kg 1640 g 50 kg 1770 g 60 kg 2030 g 70 kg 2280 g 80 kg 2520 g A megadott adatok irányadó értékek. A tényleges tápanyagigény a fajtától, az életkortól és az aktivitástól függ. Felbontás után hűtőszekrényben tárolja. Szobahőmérsékleten tálalja. Nyomokban tartalmazhat egyéb összetevőket. Hűvös és száraz helyen tárolja Tovább olvasok"}
{"breadcrumb": "Főoldal/Kutya/Eledelek/Nedves eledelek/REAL NATURE Wilderness kutya konzerv adult marha&bivaly 6x400g", "product_name": "REAL NATURE Wilderness kutya konzerv adult marha&bivaly 6x400gREAL NATURE Wilderness kutya konzerv adult marha&bivaly 6x400g", "brand": "Real NatureWilderness201g – 400gFelnőttmarha&borjúkonzervgabonamentesközepes testű 11-25kg", "regular_price": "9 594", "selling_price": "8 994", "price_per_unit": "1 599 Ft", "product_url": "https://webshop.fressnapf.hu/termekek/6xreal-nature-wilderness-konzerv-adult-marhabivaly-400g/", "product_description": "Teljes értékű eledel bármilyen fajtájú és termetű kifejlett kutya számára, 11-24 hónapos kortól (a kutya termetétől függően). •\tA farkas táplálkozásának mintájára. •\tMagas hústartalommal. •\tGyümölcsöt, zöldfűszereket és értékes összetevőket tartalmaz. •\tGabonaféléktől mentes receptúra. •\tTermészetes összetevők, táplálkozásélettani szempontból hasznos értékes vitaminokkal és ásványi anyagokkal kiegészítve; hozzáadott mesterséges tartósítószerek, színezékek és aromaanyagok nélkül. Összetevők: 61% marha (hús, tüdő, máj, vese), 25% marhahúsleves, 5% strucchús 4% bivaly (szív, máj, tüdő), 3,2% fekete ribiszke, 1% ásványi anyag, 0,3% lenolaj, 0,2% görögszéna, 0,1% petrezselyem, 0,1% mezei sóska, 0,1% spirulina. Nyomokban egyéb összetevőket is tartalmazhat. Tovább olvasok"}
{"breadcrumb": "Főoldal/Kutya/Eledelek/Nedves eledelek/REAL NATURE Wilderness kutya konzerv adult marha&bivaly 6x800g", "product_name": "REAL NATURE Wilderness kutya konzerv adult marha&bivaly 6x800gREAL NATURE Wilderness kutya konzerv adult marha&bivaly 6x800g", "brand": "Real NatureWilderness601g – 800gFelnőttmarha&borjúkonzervgabonamentesnagytestű 26kg-tól", "regular_price": "15 594", "selling_price": "14 394", "price_per_unit": "2 399 Ft", "product_url": "https://webshop.fressnapf.hu/termekek/6xreal-nature-wilderness-konzerv-adult-marhabivaly-800g/", "product_description": "Teljes értékű eledel bármilyen fajtájú és termetű kifejlett kutya számára, 11-24 hónapos kortól (a kutya termetétől függően). • A farkas táplálkozásának mintájára. • Magas hústartalommal. • Gyümölcsöt, zöldfűszereket és értékes összetevőket tartalmaz. • Gabonaféléktől mentes receptúra. • Természetes összetevők, táplálkozásélettani szempontból hasznos értékes vitaminokkal és ásványi anyagokkal kiegészítve; hozzáadott mesterséges tartósítószerek, színezékek és aromaanyagok nélkül. Összetevők: 61% marha (hús, tüdő, máj, vese), 25% marhahúsleves, 5% strucchús 4% bivaly (szív, máj, tüdő), 3,2% fekete ribiszke, 1% ásványi anyag, 0,3% lenolaj, 0,2% görögszéna, 0,1% petrezselyem, 0,1% mezei sóska, 0,1% spirulina. Nyomokban egyéb összetevőket is tartalmazhat. Tovább olvasok"}
{"breadcrumb": "Főoldal/Kutya/Eledelek/Nedves eledelek/Real Nature Wilderness kutya konzerv adult Mellow Fields bárány&bivaly 6x400g", "product_name": "Real Nature Wilderness kutya konzerv adult Mellow Fields bárány&bivaly 6x400gReal Nature Wilderness kutya konzerv adult Mellow Fields bárány&bivaly 6x400g", "brand": "Real NatureWilderness201g – 400gFelnőttjuh&bárány&kecskekonzervközepes testű 11-25kg", "regular_price": "9 594", "selling_price": "8 994", "price_per_unit": "1 499 Ft", "product_url": "https://webshop.fressnapf.hu/termekek/real-nature-wilderness-kutya-konzerv-adult-mellow-fields-baranybivaly-400g/", "product_description": "Kiemelkedően magas hústartalommal Gyümölcsöket, zöldségeket, gyógynövényeket és értékes összetevőket tartalmaz Gabonamentes receptúra REAL NATURE Wilderness nedves eledel – változatos, akár a vad ösvények. Ezt a nedves eledelt változatos receptúrája és kiemelkedően magas hústartalma teszi különlegessé. A hús kíméletes eljárással készült szószban garnírozott. Az extra méretű hússzeletek a kutyák ősi igényeihez igazodnak. A gyümölcsökkel, zöldségekkel és gyógynövényekkel kiegészítve gabonamentes, a fajta igényeit kielégítő táplálék. A Pure Protein fajták pedig csupán egy állati fehérjeforrást tartalmaznak receptúránként, a különösen könnyű emészthetőségért. A Real Nature a legkiválóbb természetes összetevőket ötvözi a táplálkozásfiziológiai szakértelemmel: Lelkiismeretesen válogatjuk és gondosan készítjük el a természetben megtalálható legfinomabb összetevőket, hogy az Ön kutyája a lehető legtermészetesebb táplálékot kapja. TERMÉSZETES TÁPLÁLÉK PRÉMIUM MINŐSÉG ŐSZINTE NYILATKOZAT SZÉLES VÁLASZTÉK A természetes prémium receptúrák nem tartalmaznak sem tartósítószert, színezőanyagokat és aromákat, sem cukrot. A REAL NATURE eledelek esetében Ön pontosan tudja, mit ad a kedvencének: Minden egyes összetevőt feltüntetünk a csomagoláson. Az előnyök áttekintése: Kiemelkedően magas hústartalommal Gyümölcsöket, zöldségeket, gyógynövényeket és értékes összetevőket tartalmaz Gabonamentes receptúra Lazacolaj értékes Omega-3 zsírsavakkal A gyógynövények és a tengeri algák gondoskodnak a fontos fitotápanyagokról mesterséges tartósítószerek, színezékek és aromák hozzáadása nélkül A REAL NATURE a farkasok táplálkozását veszi alapul, és lehetővé teszi, hogy kedvencét úgy táplálja, ahogy az a fajta igényeit a leginkább kielégíti. Analitikai összetevők: 11,8% fehérje, 7,3% zsírtartalom, 1,6% nyershamu, 0,6% nyersrost, 0,24% kalcium, 0,18% foszfor Összetétel: 36% bivaly (31% hús és állati melléktermékek, 5% máj), 34% bárány (20% gyomor, szív, tüdő, máj, hús), 25% bárányhúslé, 3,2% vörös ribiszke, 1% ásványi anyag 0,3% lazacolaj, 0,2% gyermekláncfű, 0,1% cickafark, 0,1%, csalán. Adalékanyag/kg: Táplálkozásfiziológiai adalékanyagok: 200 NE D3-vitamin, 51 mg E-vitamin, 0,75 mg jód (kalcium-jodát, vízmentes), 3 mg mangán (mangán-(II)-szulfát, monohidrát), 15 mg cink (cink-szulfát, monohidrát). Táplálási javaslat: A kutya súlya kg-ban Adagolás/nap g-ban 2 kg 130 g 5 kg 270 g 7,5 kg 360 g 10 kg 450 g 15 kg 600 g 20 kg 750 g A megadott adatok irányadó értékek. A tényleges tápanyagigény a fajtától, az életkortól és az aktivitástól függ. Jutalomfalatok hozzáadása esetén ennek megfelelően csökkentse a táp mennyiségét. Felbontás után hűtőszekrényben tárolja. Szobahőmérsékleten tálalja. Nyomokban tartalmazhat egyéb összetevőket. Hűvös és száraz helyen tárolja. Tovább olvasok"}
{"breadcrumb": "Főoldal/Kutya/Eledelek/Nedves eledelek/REAL NATURE Wilderness kutya konzerv adult nyúl&kenguru 6x400g", "product_name": "REAL NATURE Wilderness kutya konzerv adult nyúl&kenguru 6x400gREAL NATURE Wilderness kutya konzerv adult nyúl&kenguru 6x400g", "brand": "Real NatureWilderness201g – 400gFelnőttnyúlkonzervgabonamentesközepes testű 11-25kg", "regular_price": "9 594", "selling_price": "8 994", "price_per_unit": "1 599 Ft", "product_url": "https://webshop.fressnapf.hu/termekek/6xreal-nature-wilderness-konzerv-adult-nyulkenguru-400g/", "product_description": "Kiemelkedően magas hústartalommal Gyümölcsöket, zöldségeket, gyógynövényeket és értékes összetevőket tartalmaz Gabonamentes receptúra REAL NATURE Wilderness nedves eledel – változatos, akár a vad ösvények. Ezt a nedves eledelt változatos receptúrája és kiemelkedően magas hústartalma teszi különlegessé. A hús kíméletes eljárással készült szószban garnírozott. Az extra méretű hússzeletek a kutyák ősi igényeihez igazodnak. A gyümölcsökkel, zöldségekkel és gyógynövényekkel kiegészítve gabonamentes, a fajta igényeit kielégítő táplálék. A Pure Protein fajták pedig csupán egy állati fehérjeforrást tartalmaznak receptúránként, a különösen könnyű emészthetőségért. A Real Nature a legkiválóbb természetes összetevőket ötvözi a táplálkozásfiziológiai szakértelemmel: Lelkiismeretesen válogatjuk és gondosan készítjük el a természetben megtalálható legfinomabb összetevőket, hogy az Ön kutyája a lehető legtermészetesebb táplálékot kapja. TERMÉSZETES TÁPLÁLÉK PRÉMIUM MINŐSÉG ŐSZINTE NYILATKOZAT SZÉLES VÁLASZTÉK A természetes prémium receptúrák nem tartalmaznak sem tartósítószert, színezőanyagokat és aromákat, sem cukrot. A REAL NATURE eledelek esetében Ön pontosan tudja, mit ad a kedvencének: Minden egyes összetevőt feltüntetünk a csomagoláson. Az előnyök áttekintése: Kiemelkedően magas hústartalommal Gyümölcsöket, zöldségeket, gyógynövényeket és értékes összetevőket tartalmaz Gabonamentes receptúra Lazacolaj értékes Omega-3 zsírsavakkal A gyógynövények és a tengeri algák gondoskodnak a fontos fitotápanyagokról mesterséges tartósítószerek, színezékek és aromák hozzáadása nélkül A REAL NATURE a farkasok táplálkozását veszi alapul, és lehetővé teszi, hogy kedvencét úgy táplálja, ahogy az a fajta igényeit a leginkább kielégíti. Analitikai összetevők: 9% fehérje,  5,5% zsírtartalom, 2,4% nyershamu, 0,4% nyersrost, 0,21% kalcium, 0,17% foszfor Összetétel: 30% nyúl (10% hús, máj, porcrészek, csontvázrészek), 26% kenguru (máj, tüdő, szív, 5% hús, vese), 25% marhahúslé, 14% marha (szív, tüdő, máj, 5% hús), 2% alma, 1,2% spenót, 1% ásványi anyag, 0,3% lazacolaj, 0,2% gyermekláncfű, 0,1% cickafark, 0,1% csalán, 0,1% galagonyalevél, 100%-ban 1 természetes összetevők 1 a felhasznált alapanyagokban Adalékanyag/kg: Táplálkozásfiziológiai adalékanyagok: 2000 NE A-vitamin, 200 NE D3-vitamin, 25 mg E-vitamin, 1 mg réz (réz(II)-szulfát, pentahidrát), 0,75 mg jód (kalcium-jodát, vízmentes), 3 mg mangán (mangán-(II)-szulfát, monohidrát), 18 mg cink (cink-szulfát, monohidrát). Táplálási javaslat: A kutya súlya kg-ban Adagolás/nap g-ban 2 kg 150 g 5 kg 290 g 7,5 kg 390 g 10 kg 490 g 15 kg 660 g 20 kg 820 g A megadott adatok irányadó értékek. A tényleges tápanyagigény a fajtától, az életkortól és az aktivitástól függ. Felbontás után hűtőszekrényben tárolja. Szobahőmérsékleten tálalja. Nyomokban tartalmazhat egyéb összetevőket. Hűvös és száraz helyen tárolja Tovább olvasok"}
{"breadcrumb": "Főoldal/Kutya/Eledelek/Nedves eledelek/REAL NATURE Wilderness kutya konzerv adult nyúl&kenguru 6x800g", "product_name": "REAL NATURE Wilderness kutya konzerv adult nyúl&kenguru 6x800gREAL NATURE Wilderness kutya konzerv adult nyúl&kenguru 6x800g", "brand": "Real NatureWilderness601g – 800gFelnőttnyúlkonzervgabonamentesnagytestű 26kg-tól", "regular_price": "15 594", "selling_price": "14 394", "price_per_unit": "2 399 Ft", "product_url": "https://webshop.fressnapf.hu/termekek/6xreal-nature-wilderness-konzerv-adult-nyulkenguru-800g/", "product_description": "Kiemelkedően magas hústartalommal Gyümölcsöket, zöldségeket, gyógynövényeket és értékes összetevőket tartalmaz Gabonamentes receptúra REAL NATURE Wilderness nedves eledel – változatos, akár a vad ösvények. Ezt a nedves eledelt változatos receptúrája és kiemelkedően magas hústartalma teszi különlegessé. A hús kíméletes eljárással készült szószban garnírozott. Az extra méretű hússzeletek a kutyák ősi igényeihez igazodnak. A gyümölcsökkel, zöldségekkel és gyógynövényekkel kiegészítve gabonamentes, a fajta igényeit kielégítő táplálék. A Pure Protein fajták pedig csupán egy állati fehérjeforrást tartalmaznak receptúránként, a különösen könnyű emészthetőségért. A Real Nature a legkiválóbb természetes összetevőket ötvözi a táplálkozásfiziológiai szakértelemmel: Lelkiismeretesen válogatjuk és gondosan készítjük el a természetben megtalálható legfinomabb összetevőket, hogy az Ön kutyája a lehető legtermészetesebb táplálékot kapja. TERMÉSZETES TÁPLÁLÉK PRÉMIUM MINŐSÉG ŐSZINTE NYILATKOZAT SZÉLES VÁLASZTÉK A természetes prémium receptúrák nem tartalmaznak sem tartósítószert, színezőanyagokat és aromákat, sem cukrot. A REAL NATURE eledelek esetében Ön pontosan tudja, mit ad a kedvencének: Minden egyes összetevőt feltüntetünk a csomagoláson. Az előnyök áttekintése: Kiemelkedően magas hústartalommal Gyümölcsöket, zöldségeket, gyógynövényeket és értékes összetevőket tartalmaz Gabonamentes receptúra Lazacolaj értékes Omega-3 zsírsavakkal A gyógynövények és a tengeri algák gondoskodnak a fontos fitotápanyagokról mesterséges tartósítószerek, színezékek és aromák hozzáadása nélkül A REAL NATURE a farkasok táplálkozását veszi alapul, és lehetővé teszi, hogy kedvencét úgy táplálja, ahogy az a fajta igényeit a leginkább kielégíti. Analitikai összetevők: 9% fehérje, 5,5% zsírtartalom, 2,4% nyershamu, 0,4% nyersrost, 0,21% kalcium, 0,17% foszfor Összetétel: 30% nyúl (10% hús, máj, porcrészek, csontvázrészek), 26% kenguru (máj, tüdő, szív, vese), 25% marhahúslé, 14% marha (szív, tüdő, máj, 5% hús), 2% alma, 1,2% spenót, 1% ásványi anyag, 0,3% lazacolaj, 0,2% gyermekláncfű, 0,1% cickafark, 0,1% csalán, 0,1% galagonyalevél, 100%-ban 1 természetes összetevők 1 a felhasznált alapanyagokban Adalékanyag/kg: Táplálkozásfiziológiai adalékanyagok: 2000 NE A-vitamin;  200 NE D3-vitamin, 25 mg E-vitamin, jód (kalcium-jodát, vízmentes) 0,75 mg, mangán (mangán-(II)-szulfát, monohidrát) 3 mg, cink (cink-szulfát, monohidrát) 18 mg, 1 mg réz (réz(II)-szulfát, pentahidrát) Táplálási javaslat: A kutya súlya napi adag 10 kg 490 g 15 kg 660 g 20 kg 820 g 25 kg 970 g 30 kg 1110 g 35 kg 1250 g 40 kg 1380 g 45 kg 1510 g 50 kg 1630 g 60 kg 1870 g 70 kg 2330 g A megadott adatok irányadó értékek. A tényleges tápanyagigény a fajtától, az életkortól és az aktivitástól függ. Felbontás után hűtőszekrényben tárolja. Szobahőmérsékleten tálalja. Nyomokban tartalmazhat egyéb összetevőket. Hűvös és száraz helyen tárolja Tovább olvasok"}
{"breadcrumb": "Főoldal/Kutya/Eledelek/Nedves eledelek/Real Nature Wilderness kutya konzerv adult nyúl&vadkacsa 6x400g", "product_name": "Real Nature Wilderness kutya konzerv adult nyúl&vadkacsa 6x400gReal Nature Wilderness kutya konzerv adult nyúl&vadkacsa 6x400g", "brand": "Real NatureWilderness201g – 400gFelnőttvegyespástétomkonzervgabonamentes", "regular_price": "9 594", "selling_price": "8 994", "price_per_unit": "1 599 Ft", "product_url": "https://webshop.fressnapf.hu/termekek/real-nature-wilderness-kutya-konzerv-adult-nyulvadkacsa-6x400g/", "product_description": "WIDE TERRITORY ADULT mezei nyúllal és sebes pisztránggal teljes értékű eledel bármilyen fajtájú és termetű kifejlett kutya számára 11–24 hónapos kortól (a kutya termetétől függően). -A farkasősök táplálkozásához hasonló étrend. -Magas hústartalom. -Gyümölcs, zöldség és további értékes összetevők. -Gabonaféléktől mentes receptúra. -Természetes összetevők, kiegészítve táplálkozásélettani szempontból értékes vitaminokkal és ásványi anyagokkal – hozzáadott mesterséges tartósítószerek, színezékek és ízfokozók nélkül. Összetétel: 30% mezei nyúl (12% hús, szív, máj, tüdő, porcrészek), 25% vadkacsahúslé, 20% vadkacsa (8% hús, szív, gyomor, máj, nyak), 20% sebes pisztráng, 2% cékla, 1,2% édeskömény, 1% ásványi anyagok, 0,3% lenolaj, 0,2% körömvirág, 0,1% borsmenta, 0,1% jukkakivonat, 0,1% klorella. Nyomokban tartalmazhat egyéb adalékokat. Analitikai összetevők: 9% fehérje, 6,5% zsírtartalom, 2,4% nyershamu, 0,4% nyersrost, nedvességtartalom 77,5%, 0,21% kalcium, 0,17% foszfor. Adalékanyagok / kg: Tápértékkel rendelkező adalékanyagok: 2000 NE ∙ UI ∙ NE ∙ NE A-vitamin, 200 NE ∙ UI ∙ NE ∙ NE D3-vitamin, 25mg E-vitamin, 1mg réz (réz (II) -szulfát, pentahidrát), 0,75mg jód (vízmentes kalcium-jodát), 18mg cink (cink-oxid). Tovább olvasok"}
{"breadcrumb": "Főoldal/Kutya/Eledelek/Nedves eledelek/REAL NATURE Wilderness kutya konzerv adult nyúl&vadkacsa 6x800g", "product_name": "REAL NATURE Wilderness kutya konzerv adult nyúl&vadkacsa 6x800gREAL NATURE Wilderness kutya konzerv adult nyúl&vadkacsa 6x800g", "brand": "Real NatureWilderness601g – 800gFelnőttvadkonzervgabonamentesnagytestű 26kg-tól", "regular_price": "15 594", "selling_price": "14 394", "price_per_unit": "2 399 Ft", "product_url": "https://webshop.fressnapf.hu/termekek/6xreal-nature-wilderness-konzerv-adult-wide-territory-800g/", "product_description": "WIDE TERRITORY ADULT mezei nyúllal és sebes pisztránggal teljes értékű eledel bármilyen fajtájú és termetű kifejlett kutya számára 11–24 hónapos kortól (a kutya termetétől függően). -A farkasősök táplálkozásához hasonló étrend. -Magas hústartalom. -Gyümölcs, zöldség és további értékes összetevők. -Gabonaféléktől mentes receptúra. -Természetes összetevők, kiegészítve táplálkozásélettani szempontból értékes vitaminokkal és ásványi anyagokkal – hozzáadott mesterséges tartósítószerek, színezékek és ízfokozók nélkül. Összetétel: 30% mezei nyúl (12% hús, szív, máj, tüdő, porcrészek), 25% vadkacsahúslé, 20% vadkacsa (8% hús, szív, gyomor, máj, nyak), 20% sebes pisztráng, 2% cékla, 1,2% édeskömény, 1% ásványi anyagok, 0,3% lenolaj, 0,2% körömvirág, 0,1% borsmenta, 0,1% jukkakivonat, 0,1% klorella. Nyomokban tartalmazhat egyéb adalékokat. Analitikai összetevők: 9% fehérje, 6,5% zsírtartalom, 2,4% nyershamu, 0,4% nyersrost, nedvességtartalom 77,5%, 0,21% kalcium, 0,17% foszfor. Adalékanyagok / kg: Tápértékkel rendelkező adalékanyagok: 2000 NE ∙ UI ∙ NE ∙ NE A-vitamin, 200 NE ∙ UI ∙ NE ∙ NE D3-vitamin, 25mg E-vitamin, 1mg réz (réz (II) -szulfát, pentahidrát), 0,75mg jód (vízmentes kalcium-jodát), 18mg cink (cink-oxid). Tovább olvasok"}
{"breadcrumb": "Főoldal/Kutya/Eledelek/Nedves eledelek/REAL NATURE Wilderness kutya konzerv adult őz&vaddisznó 6x400g", "product_name": "REAL NATURE Wilderness kutya konzerv adult őz&vaddisznó 6x400gREAL NATURE Wilderness kutya konzerv adult őz&vaddisznó 6x400g", "brand": "Real NatureWilderness201g – 400gFelnőttvadkonzervgabonamentesközepes testű 11-25kg", "regular_price": "9 594", "selling_price": "8 994", "price_per_unit": "1 499 Ft", "product_url": "https://webshop.fressnapf.hu/termekek/6xreal-nature-wilderness-vaddiszno-szarvassal-kutyakonzerv-400g/", "product_description": "Kiemelkedően magas hústartalommal Gyümölcsöket, zöldségeket, gyógynövényeket és értékes összetevőket tartalmaz Gabonamentes receptúra REAL NATURE Wilderness nedves eledel – változatos, akár a vad ösvények. Ezt a nedves eledelt változatos receptúrája és kiemelkedően magas hústartalma teszi különlegessé. A hús kíméletes eljárással készült szószban garnírozott. Az extra méretű hússzeletek a kutyák ősi igényeihez igazodnak. A gyümölcsökkel, zöldségekkel és gyógynövényekkel kiegészítve gabonamentes, a fajta igényeit kielégítő táplálék. A Pure Protein fajták pedig csupán egy állati fehérjeforrást tartalmaznak receptúránként, a különösen könnyű emészthetőségért. A Real Nature a legkiválóbb természetes összetevőket ötvözi a táplálkozásfiziológiai szakértelemmel: Lelkiismeretesen válogatjuk és gondosan készítjük el a természetben megtalálható legfinomabb összetevőket, hogy az Ön kutyája a lehető legtermészetesebb táplálékot kapja. TERMÉSZETES TÁPLÁLÉK PRÉMIUM MINŐSÉG ŐSZINTE NYILATKOZAT SZÉLES VÁLASZTÉK A természetes prémium receptúrák nem tartalmaznak sem tartósítószert, színezőanyagokat és aromákat, sem cukrot. A REAL NATURE eledelek esetében Ön pontosan tudja, mit ad a kedvencének: Minden egyes összetevőt feltüntetünk a csomagoláson. Az előnyök áttekintése: Kiemelkedően magas hústartalommal Gyümölcsöket, zöldségeket, gyógynövényeket és értékes összetevőket tartalmaz Gabonamentes receptúra Lazacolaj értékes Omega-3 zsírsavakkal A gyógynövények és a tengeri algák gondoskodnak a fontos fitotápanyagokról mesterséges tartósítószerek, színezékek és aromák hozzáadása nélkül A REAL NATURE a farkasok táplálkozását veszi alapul, és lehetővé teszi, hogy kedvencét úgy táplálja, ahogy az a fajta igényeit a leginkább kielégíti. Analitikai összetevők: 10,4% fehérje, 5,3% zsírtartalom, 2,6% nyershamu, 0,8% nyersrost, 0,33% kalcium, 0,21% foszfor Összetétel: 45% vaddisznó (szív, tüdő, máj, 8% hús), 25% szarvas (szív, tüdő, máj, 15% hús), 25% vadhúslé, 3,2% alma, 1% ásványi anyag, 0,3% lazacolaj, 0,2% gyermekláncfű, 0,1% cickafark, 0,1% csalán, 0,1% galagonyalevél Adalékanyag/kg: Táplálkozásfiziológiai adalékanyagok: 2000 NE A-vitamin, 200 NE D3-vitamin, 25 mg E-vitamin, 1 mg réz (réz(II)-szulfát, pentahidrát), 0,75 mg jód (kalcium-jodát, vízmentes), 18 mg cink (cink-szulfát, monohidrát). Táplálási javaslat: A kutya súlya Napi szükséglet 2 kg 150 g 5 kg 290 g 7,5 kg 390 g 10 kg 490 g 15 kg 660 g 20 kg 820 g A megadott adatok irányadó értékek. A tényleges tápanyagigény a fajtától, az életkortól és az aktivitástól függ. Felbontás után hűtőszekrényben tárolja. Szobahőmérsékleten tálalja. Nyomokban tartalmazhat egyéb összetevőket. Hűvös és száraz helyen tárolja. Tovább olvasok"}
{"breadcrumb": "Főoldal/Kutya/Eledelek/Nedves eledelek/REAL NATURE Wilderness kutya konzerv adult őz&vaddisznó 6x800g", "product_name": "REAL NATURE Wilderness kutya konzerv adult őz&vaddisznó 6x800gREAL NATURE Wilderness kutya konzerv adult őz&vaddisznó 6x800g", "brand": "Real NatureWilderness601g – 800gFelnőttvadkonzervgabonamentesnagytestű 26kg-tól", "regular_price": "15 594", "selling_price": "14 394", "price_per_unit": "2 599 Ft", "product_url": "https://webshop.fressnapf.hu/termekek/6xreal-nature-wilderness-vaddiszno-szarvassal-kutyakonzerv-800g/", "product_description": "Kiemelkedően magas hústartalommal Gyümölcsöket, zöldségeket, gyógynövényeket és értékes összetevőket tartalmaz Gabonamentes receptúra REAL NATURE Wilderness nedves eledel – változatos, akár a vad ösvények. Ezt a nedves eledelt változatos receptúrája és kiemelkedően magas hústartalma teszi különlegessé. A hús kíméletes eljárással készült szószban garnírozott. Az extra méretű hússzeletek a kutyák ősi igényeihez igazodnak. A gyümölcsökkel, zöldségekkel és gyógynövényekkel kiegészítve gabonamentes, a fajta igényeit kielégítő táplálék. A Pure Protein fajták pedig csupán egy állati fehérjeforrást tartalmaznak receptúránként, a különösen könnyű emészthetőségért. A Real Nature a legkiválóbb természetes összetevőket ötvözi a táplálkozásfiziológiai szakértelemmel: Lelkiismeretesen válogatjuk és gondosan készítjük el a természetben megtalálható legfinomabb összetevőket, hogy az Ön kutyája a lehető legtermészetesebb táplálékot kapja. TERMÉSZETES TÁPLÁLÉK PRÉMIUM MINŐSÉG ŐSZINTE NYILATKOZAT SZÉLES VÁLASZTÉK A természetes prémium receptúrák nem tartalmaznak sem tartósítószert, színezőanyagokat és aromákat, sem cukrot. A REAL NATURE eledelek esetében Ön pontosan tudja, mit ad a kedvencének: Minden egyes összetevőt feltüntetünk a csomagoláson. Az előnyök áttekintése: Kiemelkedően magas hústartalommal Gyümölcsöket, zöldségeket, gyógynövényeket és értékes összetevőket tartalmaz Gabonamentes receptúra Lazacolaj értékes Omega-3 zsírsavakkal A gyógynövények és a tengeri algák gondoskodnak a fontos fitotápanyagokról mesterséges tartósítószerek, színezékek és aromák hozzáadása nélkül A REAL NATURE a farkasok táplálkozását veszi alapul, és lehetővé teszi, hogy kedvencét úgy táplálja, ahogy az a fajta igényeit a leginkább kielégíti. Analitikai összetevők: 10,4% fehérje, 5,3% zsírtartalom, 2,6% nyershamu, 0,8% nyersrost, 0,33% kalcium, 0,21% foszfor Összetétel: 45% vaddisznó (szív, tüdő, máj, 8% hús), 25% szarvas (szív, tüdő, máj, 15% hús), 25% vadhúslé, 3,2% alma, 1% ásványi anyag, 0,3% lazacolaj, 0,2% gyermekláncfű, 0,1% cickafark, 0,1% csalán, 0,1% galagonyalevél Adalékanyag/kg: Táplálkozásfiziológiai adalékanyagok: 2000 NE A-vitamin, 200 NE D3-vitamin, 25 mg E-vitamin, 1 mg réz (réz(II)-szulfát, pentahidrát), 0,75 mg jód (kalcium-jodát, vízmentes), 18 mg cink (cink-szulfát, monohidrát). Táplálási javaslat: A kutya súlya Napi szükséglet 2 kg 150 g 5 kg 290 g 7,5 kg 390 g 10 kg 490 g 15 kg 660 g 20 kg 820 g A megadott adatok irányadó értékek. A tényleges tápanyagigény a fajtától, az életkortól és az aktivitástól függ. Felbontás után hűtőszekrényben tárolja. Szobahőmérsékleten tálalja. Nyomokban tartalmazhat egyéb összetevőket. Hűvös és száraz helyen tárolja. Tovább olvasok"}
{"breadcrumb": "Főoldal/Kutya/Eledelek/Nedves eledelek/Real Nature Wilderness kutya konzerv adult pulyka 6x400g", "product_name": "Real Nature Wilderness kutya konzerv adult pulyka 6x400gReal Nature Wilderness kutya konzerv adult pulyka 6x400g", "brand": "Real NatureWilderness201g – 400gFelnőttszárnyaspástétomgabonamenteskonzerv", "regular_price": "7 794", "selling_price": "7 194", "price_per_unit": "1 199 Ft", "product_url": "https://webshop.fressnapf.hu/termekek/real-nature-wilderness-kutya-konzerv-adult-pulyka-6x400g/", "product_description": "A pulyka legjava, kiválasztott állati fehérjeforrásként: PURE TURKEY ADULT Pulyka teljes értékű eledel bármilyen fajtájú és termetű kifejlett kutya számára, 11-24 hónapos kortól (a kutya termetétől függően). -A farkasősök táplálkozásához hasonló étrend. -Magas hústartalom. -Gyümölcs, zöldség és további értékes összetevők -Gabonaféléktől mentes receptúra. -Természetes összetevők, kiegészítve táplálkozásélettani szempontból értékes vitaminokkal és ásványi anyagokkal – hozzáadott mesterséges tartósítószerek, színezékek és ízfokozók nélkül. Összetétel: 70% pulyka (szív, máj, 14% hús, nyak, zúza), 25% pulykahúsleves, 1,7% édesburgonya, 1,5% tök, 1% ásványi anyagok, 0,3% lazacolaj, 0,2% gyermekláncfű, 0,1% cickafark, 0,1% csalán, 0,1% galagonyalevél Analitikai összetevők: Fehérje 8,9%, zsírtartalom 6,3%, nyershamu 2,6%, nyersrost 1,3%, kalcium 0,33%, 0,21% foszfor Adalékanyagok/kg: Tápértékkel rendelkező adalékanyagok: A-vitamin 2000 NE, D3-vitamin 200 NE, E-vitamin 25mg, réz (réz (II) -szulfát, pentahidrát 1mg, jód (vízmentes kalcium-jodát) 0,75mg, mangán (mangán (II) -szulfát, monohidrát) 3mg, cink (cink-szulfát, monohidrát) 18mg. Tovább olvasok"}
{"breadcrumb": "Főoldal/Kutya/Eledelek/Nedves eledelek/REAL NATURE Wilderness kutya konzerv adult rénszarvas&lazac 6x400g", "product_name": "REAL NATURE Wilderness kutya konzerv adult rénszarvas&lazac 6x400gREAL NATURE Wilderness kutya konzerv adult rénszarvas&lazac 6x400g", "brand": "Real NatureWilderness201g – 400gFelnőttvadkonzervgabonamentesközepes testű 11-25kg", "regular_price": "9 594", "selling_price": "8 994", "price_per_unit": "1 499 Ft", "product_url": "https://webshop.fressnapf.hu/termekek/6xreal-nature-wilderness-konzerv-adult-renszarvaskacsalazac-400g/", "product_description": "DARK FJORD ADULT Lazac rénszarvassal és kacsával teljes értékű takarmány bármilyen fajtájú és termetű kifejlett kutya számára 11-24 hónapos kortól (a kutya termetétől függően). – A farkas táplálkozásának mintájára – Magas hústartalommal – Gyümölcsöt, zöldséget & értékes összetevőket tartalmaz – Gabonaféléktől mentes receptúra – Természetes összetevők, táplálkozásélettani szempontból hasznos értékes vitaminokkal és ásványi anyagokkal kiegészítve; hozzáadott mesterséges tartósítószerek, színezékek és aromaanyagok nélkül Tovább olvasok"}
{"breadcrumb": "Főoldal/Kutya/Eledelek/Nedves eledelek/REAL NATURE Wilderness kutya konzerv adult rénszarvas&lazac 6x800g", "product_name": "REAL NATURE Wilderness kutya konzerv adult rénszarvas&lazac 6x800gREAL NATURE Wilderness kutya konzerv adult rénszarvas&lazac 6x800g", "brand": "Real NatureWilderness601g – 800gFelnőttvadkonzervgabonamentesnagytestű 26kg-tól", "regular_price": "15 594", "selling_price": "14 394", "price_per_unit": "2 399 Ft", "product_url": "https://webshop.fressnapf.hu/termekek/6xreal-nature-wilderness-konzerv-adult-renszarvaskacsalazac-800g/", "product_description": "DARK FJORD ADULT Lazac rénszarvassal és kacsával teljes értékű eledel bármilyen fajtájú és termetű kifejlett kutya számára 11-24 hónapos kortól (a kutya termetétől függően). A farkas táplálkozásának mintájára Magas hústartalommal Gyümölcsöt, zöldséget & értékes összetevőket tartalmaz Gabonaféléktől mentes receptúra Természetes összetevők, táplálkozásélettani szempontból hasznos értékes vitaminokkal és ásványi anyagokkal kiegészítve; hozzáadott mesterséges tartósítószerek, színezékek és aromaanyagok nélkül Analitikai összetevők: 9% fehérje, 6,5% zsírtartalom, 2,1% nyershamu, 0,3% nyersrost, 79% nedvességtartalom, 0,31% kalcium, 0,19% foszfor. Összetétel: 26% lazac, 25% rénszarvas húsleves, 22% rénszarvas (tüdőből, szívből, májból), 22% kacsa (szívből, húsból), 2% sütőtök, 1,2% spenót, 1% ásványi anyag, 0,3% lazacolaj, 0,2% görögszéna, 0,1% petrezselyem, 0,1% sóska, 0,1% spirulina, * válogatott nyersanyagokban. Adalékanyagok kg-onként: 2000 NE∙U∙IU∙IU∙NE A-vitamin, 200 NE∙U∙IU∙IU∙IU∙NE D3-vitamin, 25 mg E-vitamin, 1 mg réz (réz(II)szulfát, pentahidrát), 0,75 mg jód (kalcium-jodát, vízmentes), 18 mg cink (cink-oxid). Tovább olvasok"}
{"breadcrumb": "Főoldal/Kutya/Eledelek/Nedves eledelek/Real Nature Wilderness kutya konzerv adult Wild Valley lóhús&marha 6x400g", "product_name": "Real Nature Wilderness kutya konzerv adult Wild Valley lóhús&marha 6x400gReal Nature Wilderness kutya konzerv adult Wild Valley lóhús&marha 6x400g", "brand": "Real NatureWilderness201g – 400gFelnőttlókonzervközepes testű 11-25kg", "regular_price": "9 594", "selling_price": "8 994", "price_per_unit": "1 499 Ft", "product_url": "https://webshop.fressnapf.hu/termekek/real-nature-wilderness-kutya-konzerv-adult-wild-valley-lohusmarha-400g/", "product_description": "Kiemelkedően magas hústartalommal Gyümölcsöket, zöldségeket, gyógynövényeket és értékes összetevőket tartalmaz Gabonamentes receptúra REAL NATURE Wilderness nedves eledel – változatos, akár a vad ösvények. Ezt a nedves eledelt változatos receptúrája és kiemelkedően magas hústartalma teszi különlegessé. A hús kíméletes eljárással készült szószban garnírozott. Az extra méretű hússzeletek a kutyák ősi igényeihez igazodnak. A gyümölcsökkel, zöldségekkel és gyógynövényekkel kiegészítve gabonamentes, a fajta igényeit kielégítő táplálék. A Pure Protein fajták pedig csupán egy állati fehérjeforrást tartalmaznak receptúránként, a különösen könnyű emészthetőségért. A Real Nature a legkiválóbb természetes összetevőket ötvözi a táplálkozásfiziológiai szakértelemmel: Lelkiismeretesen válogatjuk és gondosan készítjük el a természetben megtalálható legfinomabb összetevőket, hogy az Ön kutyája a lehető legtermészetesebb táplálékot kapja. TERMÉSZETES TÁPLÁLÉK PRÉMIUM MINŐSÉG ŐSZINTE NYILATKOZAT SZÉLES VÁLASZTÉK A természetes prémium receptúrák nem tartalmaznak sem tartósítószert, színezőanyagokat és aromákat, sem cukrot. A REAL NATURE eledelek esetében Ön pontosan tudja, mit ad a kedvencének: Minden egyes összetevőt feltüntetünk a csomagoláson. Az előnyök áttekintése: Kiemelkedően magas hústartalommal Gyümölcsöket, zöldségeket, gyógynövényeket és értékes összetevőket tartalmaz Gabonamentes receptúra Lazacolaj értékes Omega-3 zsírsavakkal A gyógynövények és a tengeri algák gondoskodnak a fontos fitotápanyagokról mesterséges tartósítószerek, színezékek és aromák hozzáadása nélkül A REAL NATURE a farkasok táplálkozását veszi alapul, és lehetővé teszi, hogy kedvencét úgy táplálja, ahogy az a fajta igényeit a leginkább kielégíti. Analitikai összetevők: 8,2% fehérje, 5,4% zsírtartalom, 2% nyershamu, 0,4% nyersrost, 0,21% kalcium, 0,17% foszfor Összetétel: 34% ló (tüdő, 8% hús, máj, gége), 34% marha (szív, tüdő, máj, 5% hús), 27% marhahúslé,     3,2% vörös ribiszke, 1% ásványi anyag, 0,3% lenmagolaj, 0,2% gyermekláncfű, 0,1% cickafark, 0,1% csalán, 0,1% galagonyalevél Adalékanyag/kg: Adalékanyagok/kg: Táplálkozásfiziológiai adalékanyagok: 2000 NE A-vitamin, 200 NE D3-vitamin, 25 mg E-vitamin, 0,75 mg jód (kalcium-jodát, vízmentes), 1 mg réz (réz(II)-szulfát, pentahidrát), 18 mg cink (cink-szulfát, monohidrát). Táplálási javaslat: A kutya súlya Napi szükséglet 2 kg 150 g 5 kg 290 g 7,5 kg 390 g 10 kg 490 g 15 kg 660 g 20 kg 820 g A megadott adatok irányadó értékek. A tényleges tápanyagigény a fajtától, az életkortól és az aktivitástól függ. Felbontás után hűtőszekrényben tárolja. Szobahőmérsékleten tálalja. Nyomokban tartalmazhat egyéb összetevőket. Hűvös és száraz helyen tárolja Tovább olvasok"}
{"breadcrumb": "Főoldal/Kutya/Eledelek/Nedves eledelek/Real Nature Wilderness kutya konzerv junior csirke&lazac 6x200g", "product_name": "Real Nature Wilderness kutya konzerv junior csirke&lazac 6x200gReal Nature Wilderness kutya konzerv junior csirke&lazac 6x200g", "brand": "Real NatureWilderness101g – 200gKölyökvegyespástétomgabonamenteskonzerv", "regular_price": "8 994", "selling_price": "8 394", "price_per_unit": "899 Ft", "product_url": "https://webshop.fressnapf.hu/termekek/real-nature-wilderness-kutya-konzerv-junior-csirkelazac-6x200g/", "product_description": "95% hús (húslével együtt) Gyümölcsöket, zöldségeket, gyógynövényeket és értékes összetevőket tartalmaz Gabonamentes receptúra REAL NATURE Wilderness nedves eledel – változatos, akár a vad ösvények. Ezt a fiatal kutyák számára készült nedves eledelt nagy hústartalmú, ideálisan kialakított receptúrája teszi különlegessé. A hús kíméletes eljárással készült szószban garnírozott. Az extra méretű hússzeletek a kutyák ősi igényeihez igazodnak. 5% gyümölccsel, zöldséggel és gyógynövényekkel kiegészítve gabonamentes, a fajta igényeit kielégítő táplálék. a farkas táplálkozásán alapuló eredeti eledel kiemelkedően magas hústartalommal gyümölcsöket, gyógynövényeket és értékes összetevőket tartalmaz gabonamentes receptúra természetes összetevők, táplálkozásfiziológiai szempontból értékes vitaminokkal és ásványi anyagokkal megfelelően kiegészítve, mesterséges tartósítószerek, színezékek és aromák hozzáadása nélkül Az előnyök áttekintése: 95% hús (húslével együtt) 5% gyümölcs, gyógynövény, értékes összetevők 0% hozzáadott gabona természetes összetevők őszinte nyilatkozat kíméletesen gyártott Optimálisan a kis „farkasok” igényeire szabva. A Real Nature Wilderness Junior egy teljes értékű eledel bármilyen fajtájú és termetű kölyökkutya és fiatal kutya számára az elválasztástól (a kutya méretétől függően) kb. 24 hónapos korig. Analitikai összetevők: 12% fehérje, 6,1% zsírtartalom, 2,6% nyershamu, 0,8% nyersrost, 0,33% kalcium, 0,21% foszfor. Összetétel: 45% csirke (szív, máj, 12% hús, nyak, zúza), 25% lazac, 25% csirkehúslé, 3,2% tőzegáfonya, 1% ásványi anyag, 0,3% lazacolaj, 0,2% görögszénamag, 0,1% petrezselyem, 0,1% sóska, 0,1% spirulina. Adalékanyag/kg: Táplálkozásfiziológiai adalékanyagok: 2000 NE A-vitamin, 200 NE D3-vitamin, 12 mg réz (réz(II)-szulfát, pentahidrát), 0,75 mg jód (kalcium-jodát, vízmentes), 18 mg cink (cink-szulfát, monohidrát). Táplálási javaslat: A kutya életkora hónapokban A kutya súlya kg-ban 2 3-5 6-7 8-12 13-18 19-24 10 kg 575 g 670-750 g 760 g 760-720 g Adult Adult 15 kg 750 g 895-1015 g 1030 g 1030-970 g Adult Adult 20 kg 910 g 1110-1260 g 1280 g 1280-1210 g Adult Adult 25 kg 1060 g 1310-1490 g 1510 g 1515-1425 g Adult Adult 30 kg 1125 g 1390-1670 g 1700 g 1735 g 1690 g Adult 35 kg 1185 g 1520-1870 g 1910 g 1950 g 1895 g Adult 40 kg 1240 g 1660-2070 g 2115 g 2155 g 2095 g Adult 45 kg 1290 g 1785-2260 g 2300 g 2345 g 2345 g 2270 g 50 kg 1330 g 1900-2445 g 2485 g 2540 g 2540 g 2460 g 60 kg 1420 g 2130-2805 g 2850 g 2910 g 2910 g 2820 g 70 kg 1510 g 2375-3150 g 3200 g 3270 g 3270 g 3165 g A megadott adatok irányadó értékek. A tényleges tápanyagigény a fajtától, az életkortól és az aktivitástól függ. Felbontás után hűtőszekrényben tárolja. Szobahőmérsékleten tálalja. Nyomokban tartalmazhat egyéb összetevőket. Hűvös és száraz helyen tárolja. Tovább olvasok"}
{"breadcrumb": "Főoldal/Kutya/Eledelek/Nedves eledelek/Real Nature Wilderness kutya konzerv junior csirke&lazac 6x400g", "product_name": "Real Nature Wilderness kutya konzerv junior csirke&lazac 6x400gReal Nature Wilderness kutya konzerv junior csirke&lazac 6x400g", "brand": "Real NatureWilderness201g – 400gKölyökvegyespástétomgabonamenteskonzerv", "regular_price": "7 794", "selling_price": "7 194", "price_per_unit": "1 199 Ft", "product_url": "https://webshop.fressnapf.hu/termekek/real-nature-wilderness-kutya-konzerv-junior-csirkelazac-6x400g/", "product_description": "95% hús (húslével együtt) Gyümölcsöket, zöldségeket, gyógynövényeket és értékes összetevőket tartalmaz Gabonamentes receptúra REAL NATURE Wilderness nedves eledel – változatos, akár a vad ösvények. Ezt a fiatal kutyák számára készült nedves eledelt nagy hústartalmú, ideálisan kialakított receptúrája teszi különlegessé. A hús kíméletes eljárással készült szószban garnírozott. Az extra méretű hússzeletek a kutyák ősi igényeihez igazodnak. 5% gyümölccsel, zöldséggel és gyógynövényekkel kiegészítve gabonamentes, a fajta igényeit kielégítő táplálék. a farkas táplálkozásán alapuló eredeti eledel kiemelkedően magas hústartalommal gyümölcsöket, gyógynövényeket és értékes összetevőket tartalmaz gabonamentes receptúra természetes összetevők, táplálkozásfiziológiai szempontból értékes vitaminokkal és ásványi anyagokkal megfelelően kiegészítve, mesterséges tartósítószerek, színezékek és aromák hozzáadása nélkül Az előnyök áttekintése: 95% hús (húslével együtt) 5% gyümölcs, gyógynövény, értékes összetevők 0% hozzáadott gabona természetes összetevők őszinte nyilatkozat kíméletesen gyártott Optimálisan a kis „farkasok” igényeire szabva. A Real Nature Wilderness Junior egy teljes értékű eledel bármilyen fajtájú és termetű kölyökkutya és fiatal kutya számára az elválasztástól (a kutya méretétől függően) kb. 24 hónapos korig. Analitikai összetevők: 12% fehérje, 6,1% zsírtartalom, 2,6% nyershamu, 0,8% nyersrost, 0,33% kalcium, 0,21% foszfor. Összetétel: 45% csirke (szív, máj, 12% hús, nyak, zúza), 25% lazac, 25% csirkehúslé, 3,2% tőzegáfonya, 1% ásványi anyag, 0,3% lazacolaj, 0,2% görögszénamag, 0,1% petrezselyem, 0,1% sóska, 0,1% spirulina. Adalékanyag/kg: Táplálkozásfiziológiai adalékanyagok: 2000 NE A-vitamin, 200 NE D3-vitamin, 12 mg réz (réz(II)-szulfát, pentahidrát), 0,75 mg jód (kalcium-jodát, vízmentes), 18 mg cink (cink-szulfát, monohidrát). Táplálási javaslat: A kutya életkora hónapokban A kutya súlya kg-ban 2 3-5 6-7 8-12 13-18 19-24 10 kg 575 g 670-750 g 760 g 760-720 g Adult Adult 15 kg 750 g 895-1015 g 1030 g 1030-970 g Adult Adult 20 kg 910 g 1110-1260 g 1280 g 1280-1210 g Adult Adult 25 kg 1060 g 1310-1490 g 1510 g 1515-1425 g Adult Adult 30 kg 1125 g 1390-1670 g 1700 g 1735 g 1690 g Adult 35 kg 1185 g 1520-1870 g 1910 g 1950 g 1895 g Adult 40 kg 1240 g 1660-2070 g 2115 g 2155 g 2095 g Adult 45 kg 1290 g 1785-2260 g 2300 g 2345 g 2345 g 2270 g 50 kg 1330 g 1900-2445 g 2485 g 2540 g 2540 g 2460 g 60 kg 1420 g 2130-2805 g 2850 g 2910 g 2910 g 2820 g 70 kg 1510 g 2375-3150 g 3200 g 3270 g 3270 g 3165 g A megadott adatok irányadó értékek. A tényleges tápanyagigény a fajtától, az életkortól és az aktivitástól függ. Felbontás után hűtőszekrényben tárolja. Szobahőmérsékleten tálalja. Nyomokban tartalmazhat egyéb összetevőket. Hűvös és száraz helyen tárolja. Tovább olvasok"}
{"breadcrumb": "Főoldal/Kutya/Eledelek/Nedves eledelek/REAL NATURE Wilderness kutya konzerv junior csirke&lazac 6x800g", "product_name": "REAL NATURE Wilderness kutya konzerv junior csirke&lazac 6x800gREAL NATURE Wilderness kutya konzerv junior csirke&lazac 6x800g", "brand": "Real NatureWilderness601g – 800gKölyökszárnyaskonzervgabonamentesnagytestű 26kg-tól", "regular_price": "11 394", "selling_price": "10 794", "price_per_unit": "1 799 Ft", "product_url": "https://webshop.fressnapf.hu/termekek/6xreal-nature-wilderness-junior-csirke-lazaccal-kutyakonzerv-800g/", "product_description": "95% hús (húslével együtt) Gyümölcsöket, zöldségeket, gyógynövényeket és értékes összetevőket tartalmaz Gabonamentes receptúra REAL NATURE Wilderness nedves eledel – változatos, akár a vad ösvények. Ezt a fiatal kutyák számára készült nedves eledelt nagy hústartalmú, ideálisan kialakított receptúrája teszi különlegessé. A hús kíméletes eljárással készült szószban garnírozott. Az extra méretű hússzeletek a kutyák ősi igényeihez igazodnak. 5% gyümölccsel, zöldséggel és gyógynövényekkel kiegészítve gabonamentes, a fajta igényeit kielégítő táplálék. a farkas táplálkozásán alapuló eredeti eledel kiemelkedően magas hústartalommal gyümölcsöket, gyógynövényeket és értékes összetevőket tartalmaz gabonamentes receptúra természetes összetevők, táplálkozásfiziológiai szempontból értékes vitaminokkal és ásványi anyagokkal megfelelően kiegészítve, mesterséges tartósítószerek, színezékek és aromák hozzáadása nélkül Az előnyök áttekintése: 95% hús (húslével együtt) 5% gyümölcs, gyógynövény, értékes összetevők 0% hozzáadott gabona természetes összetevők őszinte nyilatkozat kíméletesen gyártott Optimálisan a kis „farkasok” igényeire szabva. A Real Nature Wilderness Junior egy teljes értékű eledel bármilyen fajtájú és termetű kölyökkutya és fiatal kutya számára az elválasztástól (a kutya méretétől függően) kb. 24 hónapos korig. Analitikai összetevők: 12% fehérje, 6,1% zsírtartalom, 2,6% nyershamu, 0,8% nyersrost, 0,33% kalcium, 0,21% foszfor. Összetétel: 45% csirke (szív, máj, 12% hús, nyak, zúza), 25% lazac, 25% csirkehúslé, 3,2% tőzegáfonya, 1% ásványi anyag, 0,3% lazacolaj, 0,2% görögszénamag, 0,1% petrezselyem, 0,1% sóska, 0,1% spirulina. Adalékanyag/kg: Táplálkozásfiziológiai adalékanyagok: 2000 NE A-vitamin, 200 NE D3-vitamin, 12 mg réz (réz(II)-szulfát, pentahidrát), 0,75 mg jód (kalcium-jodát, vízmentes), 18 mg cink (cink-szulfát, monohidrát). Táplálási javaslat: A kutya életkora hónapokban A kutya súlya kg-ban 2 3-5 6-7 8-12 13-18 19-24 10 kg 575 g 670-750 g 760 g 760-720 g Adult Adult 15 kg 750 g 895-1015 g 1030 g 1030-970 g Adult Adult 20 kg 910 g 1110-1260 g 1280 g 1280-1210 g Adult Adult 25 kg 1060 g 1310-1490 g 1510 g 1515-1425 g Adult Adult 30 kg 1125 g 1390-1670 g 1700 g 1735 g 1690 g Adult 35 kg 1185 g 1520-1870 g 1910 g 1950 g 1895 g Adult 40 kg 1240 g 1660-2070 g 2115 g 2155 g 2095 g Adult 45 kg 1290 g 1785-2260 g 2300 g 2345 g 2345 g 2270 g 50 kg 1330 g 1900-2445 g 2485 g 2540 g 2540 g 2460 g 60 kg 1420 g 2130-2805 g 2850 g 2910 g 2910 g 2820 g 70 kg 1510 g 2375-3150 g 3200 g 3270 g 3270 g 3165 g A megadott adatok irányadó értékek. A tényleges tápanyagigény a fajtától, az életkortól és az aktivitástól függ. Felbontás után hűtőszekrényben tárolja. Szobahőmérsékleten tálalja. Nyomokban tartalmazhat egyéb összetevőket. Hűvös és száraz helyen tárolja. Tovább olvasok"}
{"breadcrumb": "Főoldal/Kutya/Eledelek/Nedves eledelek/REAL NATURE Wilderness kutya konzerv junior lóhús 6x800g", "product_name": "REAL NATURE Wilderness kutya konzerv junior lóhús 6x800gREAL NATURE Wilderness kutya konzerv junior lóhús 6x800g", "brand": "Real NatureWilderness601g – 800gKölyöklókonzervgabonamentesnagytestű 26kg-tól", "regular_price": "15 594", "selling_price": "14 394", "price_per_unit": "2 399 Ft", "product_url": "https://webshop.fressnapf.hu/termekek/6xreal-nature-wilderness-konzerv-junior-lohus-800g/", "product_description": "Optimálisan a kis „farkasok” szükségleteihez igazítva: PURE HORSE JUNIOR Ló teljes értékű eledel bármilyen fajtájú és termetű kölyökkutya és fiatal kutya számára, az elválasztástól kb. 24 hónapos korig (a kutya termetétől függően). A farkas táplálkozásának mintájára Rendkívül nagy hústartalommal – egyetlenegy állati fehérjeforrást tartalmaz Gyümölcsöt, zöldfűszereket, értékes összetevőket tartalmaz Gabonaféléktől mentes receptúra Természetes összetevők, táplálkozásélettani szempontból hasznos értékes vitaminokkal és ásványi anyagokkal kiegészítve; hozzáadott mesterséges tartósítószerek, színezékek és ízesítők nélkül Analitikai összetevők: Fehérje 9,5%, zsírtartalom 3,5%, nyershamu 1,8%, nyersrost 0,3%, kalcium 0,29%, foszfor 0,19%, nedvességtartalom 78% Összetétel: 70% ló (szív, tüdő, máj), 25% lóleves, 2% paszternák, 1,2% mángold, 1% ásványi anyag, 0,3% lazacolaj, 0,2% gyermekláncfű, 0,1% cickafark, 0,1% csalán, 0,1% galagonyalevél. Adalékanyagok kg-onként: 2000 NE∙U∙IU∙IU∙NE A-vitamin ,A 200 NE∙U∙IU∙IU∙IU∙NE D3-vitamin, 30mg E-vitamin,1mg réz (réz(II)szulfát, pentahidrát), 0,75mg jód (kalcium-jodát, vízmentes), 20mg cink (cink-oxid). Tovább olvasok"}
{"breadcrumb": "Főoldal/Kutya/Eledelek/Nedves eledelek/Real Nature Wilderness kutya konzerv pulyka 6x800g", "product_name": "Real Nature Wilderness kutya konzerv pulyka 6x800gReal Nature Wilderness kutya konzerv pulyka 6x800g", "brand": "Real NatureWilderness601g – 800gFelnőttszárnyaspástétomkonzervgabonamentes", "regular_price": "11 394", "selling_price": "10 794", "price_per_unit": "1 799 Ft", "product_url": "https://webshop.fressnapf.hu/termekek/real-nature-wilderness-kutya-konzerv-pulyka-6x800g/", "product_description": "A pulyka legjava, kiválasztott állati fehérjeforrásként: PURE TURKEY ADULT Pulyka  teljes értékű eledel bármilyen fajtájú és termetű kifejlett kutya számára, 11-24 hónapos kortól (a kutya termetétől függően). -A farkasősök táplálkozásához hasonló étrend. -Magas hústartalom. -Gyümölcs, zöldség és további értékes összetevők -Gabonaféléktől mentes receptúra. -Természetes összetevők, kiegészítve táplálkozásélettani szempontból értékes vitaminokkal és ásványi anyagokkal – hozzáadott mesterséges tartósítószerek, színezékek és ízfokozók nélkül. Összetétel: 70% pulyka (szív, máj, 14% hús, nyak, zúza), 25% pulykahúsleves, 1,7% édesburgonya, 1,5% tök, 1% ásványi anyagok, 0,3% lazacolaj, 0,2% gyermekláncfű, 0,1% cickafark, 0,1% csalán, 0,1% galagonyalevél Analitikai összetevők: Fehérje 8,9%, zsírtartalom 6,3%, nyershamu 2,6%, nyersrost 1,3%, kalcium 0,33%, 0,21% foszfor Adalékanyagok/kg: Tápértékkel rendelkező adalékanyagok: A-vitamin 2000 NE, D3-vitamin 200 NE, E-vitamin 25mg, réz (réz (II) -szulfát, pentahidrát 1mg, jód (vízmentes kalcium-jodát) 0,75mg, mangán (mangán (II) -szulfát, monohidrát) 3mg, cink (cink-szulfát, monohidrát) 18mg. Tovább olvasok"}
{"breadcrumb": "Főoldal/Kutya/Eledelek/Nedves eledelek/Real Nature Wilderness kutya konzerv senior True Country csirke&lazac 6x400g", "product_name": "Real Nature Wilderness kutya konzerv senior True Country csirke&lazac 6x400gReal Nature Wilderness kutya konzerv senior True Country csirke&lazac 6x400g", "brand": "Real NatureWilderness201g – 400gIdősszárnyaskonzervközepes testű 11-25kg", "regular_price": "7 794", "selling_price": "7 194", "price_per_unit": "1 199 Ft", "product_url": "https://webshop.fressnapf.hu/termekek/real-nature-wilderness-kutya-konzerv-senior-true-country-csirkelazac-400g/", "product_description": "Kiemelkedően magas hústartalommal Gyümölcsöket, zöldségeket, gyógynövényeket és értékes összetevőket tartalmaz Gabonamentes receptúra REAL NATURE Wilderness nedves eledel – változatos, akár a vad ösvények. Ezt a nedves eledelt változatos receptúrája és kiemelkedően magas hústartalma teszi különlegessé. A hús kíméletes eljárással készült szószban garnírozott. Az extra méretű hússzeletek a kutyák ősi igényeihez igazodnak. A gyümölcsökkel, zöldségekkel és gyógynövényekkel kiegészítve gabonamentes, a fajta igényeit kielégítő táplálék. Az előnyök áttekintése: Kiemelkedően magas hústartalommal Gyümölcsöket, zöldségeket, gyógynövényeket és értékes összetevőket tartalmaz Gabonamentes receptúra Lazacolaj értékes Omega-3 zsírsavakkal A gyógynövények és a tengeri algák gondoskodnak a fontos fitotápanyagokról mesterséges tartósítószerek, színezékek és aromák hozzáadása nélkül A REAL NATURE a farkasok táplálkozását veszi alapul, és lehetővé teszi, hogy kedvencét úgy táplálja, ahogy az a fajta igényeit a leginkább kielégíti. Analitikai összetevők: 8,1% fehérje, 5% zsírtartalom, 2,4% nyershamu, 0,4% nyersrost, 0,21% kalcium, 0,17% foszfor. Összetétel: 40% csirke (szív, máj, 12% hús, nyak), 30% lazac, 25% csirkehúslé, 3,2% tőzegáfonya, 1% ásványi anyag, 0,3% lazacolaj, 0,2% görögszénamag, 0,1% petrezselyem, 0,1% sóska, 1% spirulina Adalékanyag/kg: Táplálási javaslat: A kutya súlya kg-ban Adagolás/nap g-ban 2 kg 130 g 5 kg 270 g 7,5 kg 360 g 10 kg 450 g 15 kg 600 g 20 kg 750 g A megadott adatok irányadó értékek. A tényleges tápanyagigény a fajtától, az életkortól és az aktivitástól függ. Felbontás után hűtőszekrényben tárolja. Szobahőmérsékleten tálalja. Nyomokban tartalmazhat egyéb összetevőket. Hűvös és száraz helyen tárolja Tovább olvasok"}
{"breadcrumb": "Főoldal/Kutya/Eledelek/Nedves eledelek/Real Nature Wilderness kutya szalámi adult csirke 800g", "product_name": "Real Nature Wilderness kutya szalámi adult csirke 800gReal Nature Wilderness kutya szalámi adult csirke 800g", "brand": "Real NatureWilderness601g – 800gFelnőttszárnyasgabonamentesszalámi", "regular_price": "2 099", "selling_price": "1 899", "price_per_unit": "1 kg=2374 Ft", "product_url": "https://webshop.fressnapf.hu/termekek/real-nature-wilderness-kutya-szalami-adult-csirke-6x800g/", "product_description": "BEST CHICKEN Adult Csirke. Teljes értékű eledel kifejlett kutyák számára 11-24 hónapos kortól (a kutya termetétől függően). Természetes a kiválasztott nyersanyagokban. A kutya ősének tekintett farkas táplálkozásához igazítva. Csak egyetlen kiválasztott állati fehérjét tartalmazó receptúra – érzékeny emésztésű kutyák számára ideális. Hozzáadott mesterséges színezékek, aromaanyagok és emulgeálószerek nélkül. 70% csirke. 30% növények és értékes összetevők. 0% hozzáadott gabona. Összetétel: 70% csirke (46% hús, 24% máj), 18% forrásvíz, 6,5% hajdina (őrölt), 3% tök, 1,9% ásványi anyagok, 0,3% lazacolaj, 0,2% tojáshéjpor, 0,1% spirulina. Analitikai összetevők: fehérje 11%, zsírtartalom 6%, nyershamu 2,5%, nyersrost 0,8%, kalcium 0,4%, foszfor 0,28%. Nedvesség 76%. Adalékanyagok/kg: tápértékkel rendelkező adalékanyagok: B1-vitamin 13,2mg, B6-vitamin 3,1mg, biotin 304,3 μg, jód (3b202) 0,5mg, mangán (3b504) 3mg, cink (3b606) 15,2mg. Felbontás után hűtőszekrényben tárolandó. Az eledel etetéskor szobahőmérsékletű legyen. Hűvös és száraz helyen tárolandó. Nyomokban egyéb összetevőket is tartalmazhat. Tovább olvasok"}
{"breadcrumb": "Főoldal/Kutya/Eledelek/Nedves eledelek/Real Nature Wilderness kutya szalámi adult lóhús 800g", "product_name": "Real Nature Wilderness kutya szalámi adult lóhús 800gReal Nature Wilderness kutya szalámi adult lóhús 800g", "brand": "Real NatureWilderness601g – 800gFelnőttlógabonamentesszalámi", "regular_price": "2 599", "selling_price": "2 399", "price_per_unit": "1 kg=2999 Ft", "product_url": "https://webshop.fressnapf.hu/termekek/real-nature-wilderness-kutya-szalami-adult-lohus-6x800g/", "product_description": "BEST HORSE Adult Ló. Teljes értékű eledel kifejlett kutyák számára 11-24 hónapos kortól (a kutya termetétől függően). Természetes a kiválasztott nyersanyagokban. A kutya ősének tekintett farkas táplálkozásához igazítva. Csak egyetlen kiválasztott állati fehérjét tartalmazó receptúra – érzékeny emésztésű kutyák számára ideális. Hozzáadott mesterséges színezékek, aromaanyagok és emulgeálószerek nélkül. 70% ló. 30% növények és értékes összetevők. 0% hozzáadott gabona. Összetétel: 70% ló (35% hús, 20% tüdő, 15% máj), 15,3% forrásvíz, 6% burgonya, 3% édesburgonya, 3% cékla, 1,9% ásványi anyagok, 0,6% tojáshéjpor, 0,1% lenolaj, 0,1% spirulina. Analitikai összetevők: fehérje 11%, zsírtartalom 3,5%, nyershamu 2,5%, nyersrost 0,5%, kalcium 0,4%, foszfor 0,28%. Nedvesség 76%. Adalékanyagok/kg: tápértékkel rendelkező adalékanyagok: B1-vitamin 13,2mg, B6-vitamin 3,1mg, biotin 304,3 μg, jód (3b202) 0,5mg, mangán (3b504) 3mg, cink (3b606) 15,2mg. Felbontás után hűtőszekrényben tárolandó. Az eledel etetéskor szobahőmérsékletű legyen. Hűvös és száraz helyen tárolandó. Nyomokban egyéb összetevőket is tartalmazhat. Tovább olvasok"}
{"breadcrumb": "Főoldal/Kutya/Eledelek/Nedves eledelek/Real Nature Wilderness kutya szalámi junior pulyka 800g", "product_name": "Real Nature Wilderness kutya szalámi junior pulyka 800gReal Nature Wilderness kutya szalámi junior pulyka 800g", "brand": "Real NatureWilderness601g – 800gKölyökszárnyasgabonamentesszalámi", "regular_price": "1 999", "selling_price": "1 799", "price_per_unit": "1 kg=2249 Ft", "product_url": "https://webshop.fressnapf.hu/termekek/real-nature-wilderness-kutya-szalami-junior-pulyka-6x800g/", "product_description": "BEST TURKEY Junior Pulyka. Teljes értékű eledel kölyökkutyáknak és fiatal kutyáknak. Természetes a kiválasztott nyersanyagokban. A kutya ősének tekintett farkas táplálkozásához igazítva. Csak egyetlen kiválasztott állati fehérjét tartalmazó receptúra – érzékeny emésztésű kutyák számára ideális. Hozzáadott mesterséges színezékek, aromaanyagok és emulgeálószerek nélkül. 70% pulyka. 30% növények és értékes összetevők. 0% hozzáadott gabona. Összetétel: 70% pulyka (38% hús, 32% máj), 18% forrásvíz, 6,5% hajdina (őrölt), 3% sárgarépa, 1,9% ásványi anyagok, 0,3% lazacolaj, 0,2% tojáshéjpor, 0,1% spirulina. Analitikai összetevők: fehérje 11%, zsírtartalom 6%, nyershamu 2,7%, nyersrost 0,8%, kalcium 0,4%, foszfor 0,28%. Nedvesség 72%. Adalékanyagok/kg: tápértékkel rendelkező adalékanyagok: B1-vitamin 13,2mg, B6-vitamin 3,1mg, biotin 304,3 μg, jód (3b202) 0,5mg, mangán (3b504) 3mg, cink (3b606) 15,2mg. Felbontás után hűtőszekrényben tárolandó. Az eledel etetéskor szobahőmérsékletű legyen. Hűvös és száraz helyen tárolandó. Nyomokban egyéb összetevőket is tartalmazhat. Tovább olvasok"}
{"breadcrumb": "Főoldal/Kutya/Eledelek/Nedves eledelek/Real Nature Wilderness kutya tálka adult csirke&lazac 16x100g", "product_name": "Real Nature Wilderness kutya tálka adult csirke&lazac 16x100gReal Nature Wilderness kutya tálka adult csirke&lazac 16x100g", "brand": "Real NatureWilderness0g – 100gFelnőttszárnyastálkakistestű 10kg-ig", "regular_price": "8 994", "selling_price": "8 394", "price_per_unit": "599 Ft", "product_url": "https://webshop.fressnapf.hu/termekek/real-nature-wilderness-kutya-talka-adult-csirkelazac-100g/", "product_description": "Kiemelkedően magas hústartalommal Gyümölcsöket, zöldségeket, gyógynövényeket és értékes összetevőket tartalmaz Gabonamentes receptúra REAL NATURE Wilderness nedves eledel – változatos, akár a vad ösvények. Ezt a nedves eledelt változatos receptúrája és kiemelkedően magas hústartalma teszi különlegessé. A hús kíméletes eljárással készült szószban garnírozott. Az extra méretű hússzeletek a kutyák ősi igényeihez igazodnak. A gyümölcsökkel, zöldségekkel és gyógynövényekkel kiegészítve gabonamentes, a fajta igényeit kielégítő táplálék. A Pure Protein fajták pedig csupán egy állati fehérjeforrást tartalmaznak receptúránként, a különösen könnyű emészthetőségért. Az előnyök áttekintése: Kiemelkedően magas hústartalommal Gyümölcsöket, zöldségeket, gyógynövényeket és értékes összetevőket tartalmaz Gabonamentes receptúra Lazacolaj értékes Omega-3 zsírsavakkal A gyógynövények és a tengeri algák gondoskodnak a fontos fitotápanyagokról mesterséges tartósítószerek, színezékek és aromák hozzáadása nélkül Természetes 1 1 a felhasznált alapanyagokban A REAL NATURE a farkasok táplálkozását veszi alapul, és lehetővé teszi, hogy kedvencét úgy táplálja, ahogy az a fajta igényeit a leginkább kielégíti. Analitikai összetevők: 12,5% fehérje, 5,3% zsírtartalom, 2,1% nyershamu, 0,8% nyersrost, 0,33% kalcium, 0,21% foszfor. Összetétel: 35% csirke (szív, máj, hús, nyak, zúza), 35% lazac (halfilé), 25% csirkehúslé 3,2% tőzegáfonya, 1% ásványi anyag, 0,3% lazacolaj, 0,2% görögszénamag, 0,1% petrezselyemmag, 0,1% sóska 0,1% spirulina, 100%-ban* természetes összetevők Adalékanyag/kg: Táplálkozásfiziológiai adalékanyagok: 200 NE D3-vitamin, 0,75 mg jód (kalcium-jodát, vízmentes), 3 mg mangán (mangán(II)-szulfát, monohidrát), 15 mg cink (cink-szulfát, monohidrát). Nyomokban tartalmazhat egyéb összetevőket. Táplálási javaslat: A kutya súlya kg-ban Adagolás/nap g-ban 2 kg 120 g 5 kg 240 g 7 kg 310 g 10 kg 400 g A megadott adatok irányadó értékek. Felbontás után hűvös helyen tárolja. Szobahőmérsékleten tálalja. Tovább olvasok"}
{"breadcrumb": "Főoldal/Kutya/Eledelek/Nedves eledelek/Real Nature Wilderness kutya tálka adult lóhús 16x100g", "product_name": "Real Nature Wilderness kutya tálka adult lóhús 16x100gReal Nature Wilderness kutya tálka adult lóhús 16x100g", "brand": "Real NatureWilderness0g – 100gFelnőttlótálkakistestű 10kg-ig", "regular_price": "8 994", "selling_price": "8 394", "price_per_unit": "599 Ft", "product_url": "https://webshop.fressnapf.hu/termekek/real-nature-wilderness-kutya-talka-adult-lohus-100g/", "product_description": "Kiemelkedően magas hústartalommal Gyümölcsöket, zöldségeket, gyógynövényeket és értékes összetevőket tartalmaz Gabonamentes receptúra REAL NATURE Wilderness nedves eledel – változatos, akár a vad ösvények. Ezt a nedves eledelt változatos receptúrája és kiemelkedően magas hústartalma teszi különlegessé. A hús kíméletes eljárással készült szószban garnírozott. Az extra méretű hússzeletek a kutyák ősi igényeihez igazodnak. A gyümölcsökkel, zöldségekkel és gyógynövényekkel kiegészítve gabonamentes, a fajta igényeit kielégítő táplálék. A Pure Protein fajták pedig csupán egy állati fehérjeforrást tartalmaznak receptúránként, a különösen könnyű emészthetőségért. Az előnyök áttekintése: Kiemelkedően magas hústartalommal Gyümölcsöket, zöldségeket, gyógynövényeket és értékes összetevőket tartalmaz Gabonamentes receptúra Lazacolaj értékes Omega-3 zsírsavakkal A gyógynövények és a tengeri algák gondoskodnak a fontos fitotápanyagokról mesterséges tartósítószerek, színezékek és aromák hozzáadása nélkül Természetes 1 1 a felhasznált alapanyagokban A REAL NATURE a farkasok táplálkozását veszi alapul, és lehetővé teszi, hogy kedvencét úgy táplálja, ahogy az a fajta igényeit a leginkább kielégíti. Analitikai összetevők: 13,7% fehérje, 3,5% zsírtartalom, 1,9% nyershamu, 1,2% nyersrost Összetétel: 70% ló (szív, tüdő, máj, zúza, hús), 25% ivóvíz, 2% pasztinák, 1,2% mángold, 1% ásványi anyag, 0,3% lazacolaj, 0,2% gyermekláncfű, 0,1% cickafark, 0,1% csalán, 0,1% galagonyalevél Adalékanyag/kg: Táplálkozásfiziológiai adalékanyagok: 200 NE D3-vitamin, 0,75 mg jód (kalcium-jodát, vízmentes), 3 mg mangán (mangán(II)-szulfát, monohidrát), 15 mg cink (cink-szulfát, monohidrát). Táplálási javaslat: A kutya súlya kg-ban Adagolás/nap g-ban 2 kg 140 g 5 kg 280 g 7 kg 360 g 10 kg 460 g A megadott adatok irányadó értékek. Felbontás után hűvös helyen tárolja. Szobahőmérsékleten tálalja. Tovább olvasok"}
{"breadcrumb": "Főoldal/Kutya/Eledelek/Nedves eledelek/REAL NATURE Wilderness kutya tálka adult marha&kenguru 16x100g", "product_name": "REAL NATURE Wilderness kutya tálka adult marha&kenguru 16x100gREAL NATURE Wilderness kutya tálka adult marha&kenguru 16x100g", "brand": "Real NatureWilderness0g – 100gFelnőttmarha&borjútálkagabonamenteskistestű 10kg-ig", "regular_price": "5 094", "selling_price": "4 794", "price_per_unit": "599 Ft", "product_url": "https://webshop.fressnapf.hu/termekek/16xreal-nature-wilderness-talka-adult-marhakenguru-100g/", "product_description": "Kiemelkedően magas hústartalommal Gyümölcsöket, zöldségeket, gyógynövényeket és értékes összetevőket tartalmaz Gabonamentes receptúra REAL NATURE Wilderness nedves eledel – változatos, akár a vad ösvények. Ezt a nedves eledelt változatos receptúrája és kiemelkedően magas hústartalma teszi különlegessé. A hús kíméletes eljárással készült szószban garnírozott. Az extra méretű hússzeletek a kutyák ősi igényeihez igazodnak. A gyümölcsökkel, zöldségekkel és gyógynövényekkel kiegészítve gabonamentes, a fajta igényeit kielégítő táplálék. A Pure Protein fajták pedig csupán egy állati fehérjeforrást tartalmaznak receptúránként, a különösen könnyű emészthetőségért. Az előnyök áttekintése: Kiemelkedően magas hústartalommal Gyümölcsöket, zöldségeket, gyógynövényeket és értékes összetevőket tartalmaz Gabonamentes receptúra Lazacolaj értékes Omega-3 zsírsavakkal A gyógynövények és a tengeri algák gondoskodnak a fontos fitotápanyagokról mesterséges tartósítószerek, színezékek és aromák hozzáadása nélkül Természetes 1 1 a felhasznált alapanyagokban A REAL NATURE a farkasok táplálkozását veszi alapul, és lehetővé teszi, hogy kedvencét úgy táplálja, ahogy az a fajta igényeit a leginkább kielégíti. Analitikai összetevők: 12,5% fehérje, 5,5% zsírtartalom, 2,6% nyershamu, 0,8% nyersrost Összetétel: 50% marhahús (szív, hús, tüdő, máj), 25% marhahúslé, 20% kenguru (szív, tüdő, máj), 3,2% sárgabarack, 1% ásványi anyag, 0,3% lazacolaj, 0,2% gyermekláncfű, 0,1% cickafark, 0,1% csalán, 0,1% galagonyalevél Adalékanyag/kg: Táplálkozásfiziológiai adalékanyagok: 200 NE D3-vitamin, 0,75 mg jód (kalcium-jodát, vízmentes), 3 mg mangán (mangán(II)-szulfát, monohidrát), 15 mg cink (cink-szulfát, monohidrát). Táplálási javaslat: A kutya súlya kg-ban Adagolás/nap g-ban 2 kg 120 g 5 kg 240 g 7 kg 310 g 10 kg 400 g A megadott adatok irányadó értékek. Felbontás után hűvös helyen tárolja. Szobahőmérsékleten tálalja. Tovább olvasok"}
{"breadcrumb": "Főoldal/Kutya/Eledelek/Nedves eledelek/Real Nature Wilderness kutya tálka adult pulyka 16x100g", "product_name": "Real Nature Wilderness kutya tálka adult pulyka 16x100gReal Nature Wilderness kutya tálka adult pulyka 16x100g", "brand": "Real NatureWilderness0g – 100gFelnőttszárnyastálkakistestű 10kg-ig", "regular_price": "8 994", "selling_price": "8 394", "price_per_unit": "599 Ft", "product_url": "https://webshop.fressnapf.hu/termekek/real-nature-wilderness-kutya-talka-adult-pulyka-100g/", "product_description": "Kiemelkedően magas hústartalommal Gyümölcsöket, zöldségeket, gyógynövényeket és értékes összetevőket tartalmaz Gabonamentes receptúra REAL NATURE Wilderness nedves eledel – változatos, akár a vad ösvények. Ezt a nedves eledelt változatos receptúrája és kiemelkedően magas hústartalma teszi különlegessé. A hús kíméletes eljárással készült szószban garnírozott. Az extra méretű hússzeletek a kutyák ősi igényeihez igazodnak. A gyümölcsökkel, zöldségekkel és gyógynövényekkel kiegészítve gabonamentes, a fajta igényeit kielégítő táplálék. A Pure Protein fajták pedig csupán egy állati fehérjeforrást tartalmaznak receptúránként, a különösen könnyű emészthetőségért. Az előnyök áttekintése: Kiemelkedően magas hústartalommal Gyümölcsöket, zöldségeket, gyógynövényeket és értékes összetevőket tartalmaz Gabonamentes receptúra Lazacolaj értékes Omega-3 zsírsavakkal A gyógynövények és a tengeri algák gondoskodnak a fontos fitotápanyagokról mesterséges tartósítószerek, színezékek és aromák hozzáadása nélkül Természetes 1 1 a felhasznált alapanyagokban A REAL NATURE a farkasok táplálkozását veszi alapul, és lehetővé teszi, hogy kedvencét úgy táplálja, ahogy az a fajta igényeit a leginkább kielégíti. Analitikai összetevők: 11,9% fehérje, 7,5% zsírtartalom, nyershamu 2,6%, 1,3% nyersrost Összetétel: 70% pulyka (szív, máj, hús, nyak, zúza), 25% ivóvíz, 1,7% édesburgonya, 1,5% tök, 1% ásványi anyag, 0,3% lazacolaj, 0,2% gyermekláncfű, 0,1% cickafark, 0,1% csalán, 0,1% galagonyalevél Adalékanyag/kg: Táplálkozásfiziológiai adalékanyagok: 200 NE D3-vitamin, 0,75 mg jód (kalcium-jodát, vízmentes), 3 mg mangán (mangán(II)-szulfát, monohidrát), 15 mg cink (cink-szulfát, monohidrát). Táplálási javaslat: A kutya súlya kg-ban Adagolás/nap g-ban 2 kg 120 g 5 kg 240 g 7 kg 310 g 10 kg 400 g A megadott adatok irányadó értékek. Felbontás után hűvös helyen tárolja. Szobahőmérsékleten tálalja. Tovább olvasok"}
{"breadcrumb": "Főoldal/Kutya/Eledelek/Nedves eledelek/REAL NATURE Wilderness kutya tálka adult vaddisznó&szarvas 16x100g", "product_name": "REAL NATURE Wilderness kutya tálka adult vaddisznó&szarvas 16x100gREAL NATURE Wilderness kutya tálka adult vaddisznó&szarvas 16x100g", "brand": "Real NatureWilderness0g – 100gFelnőttvadtálkagabonamenteskistestű 10kg-ig", "regular_price": "5 094", "selling_price": "4 794", "price_per_unit": "599 Ft", "product_url": "https://webshop.fressnapf.hu/termekek/16xreal-nature-wilderness-talka-adult-vaddisznoszarvas-100g/", "product_description": "Kiemelkedően magas hústartalommal Gyümölcsöket, zöldségeket, gyógynövényeket és értékes összetevőket tartalmaz Gabonamentes receptúra REAL NATURE Wilderness nedves eledel – változatos, akár a vad ösvények. Ezt a nedves eledelt változatos receptúrája és kiemelkedően magas hústartalma teszi különlegessé. A hús kíméletes eljárással készült szószban garnírozott. Az extra méretű hússzeletek a kutyák ősi igényeihez igazodnak. A gyümölcsökkel, zöldségekkel és gyógynövényekkel kiegészítve gabonamentes, a fajta igényeit kielégítő táplálék. A Pure Protein fajták pedig csupán egy állati fehérjeforrást tartalmaznak receptúránként, a különösen könnyű emészthetőségért. Az előnyök áttekintése: Kiemelkedően magas hústartalommal Gyümölcsöket, zöldségeket, gyógynövényeket és értékes összetevőket tartalmaz Gabonamentes receptúra Lazacolaj értékes Omega-3 zsírsavakkal A gyógynövények és a tengeri algák gondoskodnak a fontos fitotápanyagokról mesterséges tartósítószerek, színezékek és aromák hozzáadása nélkül Természetes 1 1 a felhasznált alapanyagokban A REAL NATURE a farkasok táplálkozását veszi alapul, és lehetővé teszi, hogy kedvencét úgy táplálja, ahogy az a fajta igényeit a leginkább kielégíti. Analitikai összetevők: 12,4% fehérje, 5,3% zsírtartalom, 2,6% nyershamu, 0,8% nyersrost Összetétel: 45% vaddisznó (szív, tüdő, máj, hús), 25% szarvas (szív, tüdő, máj, hús), 25% vadhúslé, 3,2% alma, 1% ásványi anyag, 0,3% lazacolaj, 0,2% gyermekláncfű, 0,1% cickafark, 0,1% csalán, 0,1% galagonyalevél Adalékanyag/kg: Táplálkozásfiziológiai adalékanyagok: 200 NE D3-vitamin, 0,75 mg jód (kalcium-jodát, vízmentes), 3 mg mangán (mangán(II)-szulfát, monohidrát), 15 mg cink (cink-szulfát, monohidrát). Táplálási javaslat: A kutya súlya kg-ban Adagolás/nap g-ban 2 kg 120 g 5 kg 240 g 7 kg 310 g 10 kg 400 g A megadott adatok irányadó értékek. Felbontás után hűvös helyen tárolja. Szobahőmérsékleten tálalja. Tovább olvasok"}
{"breadcrumb": "Főoldal/Kutya/Eledelek/Nedves eledelek/Real Nature Wilderness kutya tálka junior csirke&lazac 16x100g", "product_name": "Real Nature Wilderness kutya tálka junior csirke&lazac 16x100gReal Nature Wilderness kutya tálka junior csirke&lazac 16x100g", "brand": "Real NatureWilderness0g – 100gKölyökvegyespástétomtálkagabonamentes", "regular_price": "5 094", "selling_price": "4 794", "price_per_unit": "599 Ft", "product_url": "https://webshop.fressnapf.hu/termekek/real-nature-wilderness-kutya-talka-junior-csirkelazac-100g/", "product_description": "Optimálisan a kis „farkasok” szükségleteihez igazítva: TRUE COUNTRY JUNIOR Csirke Lazaccal teljes értékű takarmány bármilyen fajtájú és termetű kölyökkutya és fiatal kutya számára az elválasztástól kb. 24 hónapos korig (a kutya termetétől függően). -A farkasősök táplálkozásához hasonló étrend. -Magas hústartalom. -Gyümölcs, zöldség és további értékes összetevők. -Gabonaféléktől mentes receptúra. -Természetes összetevők, kiegészítve táplálkozásélettani szempontból értékes vitaminokkal és ásványi anyagokkal – hozzáadott mesterséges tartósítószerek, színezékek és ízfokozók nélkül. Összetétel: 45% csirke (szív, máj, hús (12%), nyak, zúza), 25% lazac (halfilé), 25% csirkehúsleves, 3,2% vörösáfonya, 1% ásványi anyagok, 0,3% lazacolaj, 0,2% görögszéna, 0,1% petrezselyemgyökér, 0,1% mezei sóska, 0,1% tengeri alga. Analitikai összetevők: fehérje14%, zsírtartalom 7,1%, nyershamu 2,6%, nyersrost 0,8%, nedvességtartalom 73%. Adalékanyagok / kg: Tápértékkel rendelkező adalékanyagok: D3-vitamin 200 NE, jód (kalcium-jodát, vízmentes) 0,75 mg, mangán (mangán (II) -szulfát, monohidrát) 3mg, cink (cink-szulfát, monohidrát) 15mg. Tovább olvasok"}
{"breadcrumb": "Főoldal/Kutya/Eledelek/Nedves eledelek/Real Nature Wilderness kutya tasak adult marha 12x100g", "product_name": "Real Nature Wilderness kutya tasak adult marha 12x100gReal Nature Wilderness kutya tasak adult marha 12x100g", "brand": "Real NatureWilderness0g – 100gFelnőttmarha&borjúpástétomgabonamentes", "regular_price": "8 994", "selling_price": "8 394", "price_per_unit": "599 Ft", "product_url": "https://webshop.fressnapf.hu/termekek/real-nature-wilderness-kutya-tasak-adult-marha-12x100g/", "product_description": "Marha. 95% marha és marhahúsleves; 5% válogatott gyümölcs, gyógynövények és értékes összetevők; 0% hozzáadott gabona. Teljes értékű eledel kifejlett kutyák számára. Hozzáadott mesterséges színezékek és aromaanyagok nélkül. Nyomokban egyéb összetevőket is tartalmazhat. Összetétel: marha (szív, tüdő, máj, pacal, 6% hús) 68%, marhahúsleves 27%, amerikai tőzegáfonya 3,3%, ásványi anyagok 1%, lenolaj 0,3%, gyermekláncfű 0,2%, cickafark 0,1%, csalán 0,1% Analitikai összetevők: fehérje 10,8%, zsírtartalom 8,5%, nyershamu 2,3%, nyersrost 0,3%, kalcium 0,19%, foszfor 0,16%, nedvesség 74% Adalékanyagok/kg: tápértékkel rendelkező adalékanyagok: D3-vitamin 200 NE, réz 1 mg, jód (3b202) 0,75 mg, mangán (3b503) 1,4 mg, cink (3b605) 25 mg Tovább olvasok"}
{"breadcrumb": "Főoldal/Kutya/Eledelek/Nedves eledelek/Real Nature Wilderness kutya tasak adult pulyka 12x100g", "product_name": "Real Nature Wilderness kutya tasak adult pulyka 12x100gReal Nature Wilderness kutya tasak adult pulyka 12x100g", "brand": "Real NatureWilderness0g – 100gFelnőttszárnyaspástétomgabonamentes", "regular_price": "8 994", "selling_price": "8 394", "price_per_unit": "599 Ft", "product_url": "https://webshop.fressnapf.hu/termekek/real-nature-wilderness-kutya-tasak-adult-pulyka-12x100g/", "product_description": "Pulyka. 95% pulyka és pulykahúsleves; 5% válogatott zöldségek, gyógynövények és értékes összetevők; 0% hozzáadott gabona. Teljes értékű eledel kifejlett kutyák számára. Hozzáadott mesterséges színezékek és aromaanyagok nélkül Nyomokban egyéb összetevőket is tartalmazhat. Összetétel: pulyka (szív, máj, zúza, 14% hús, nyak) 70%, pulykaleves 25%, édesburgonya 1,8%, tök 1,5%, ásványi anyagok 1%, lazacolaj 0,3%, gyermekláncfű, cickafark 0,1%, csalán 0,1% Analitikai összetevők: fehérje 10,8%, zsírtartalom 5,1%, nyershamu 2,4%, nyersrost 0,4%, kalcium 0,27%, foszfor 0,21%, nedvesség 80% Adalékanyagok/kg: tápértékkel rendelkező adalékanyagok: D3-vitamin 200 NE, réz (3b405) 1 mg, jód (3b202) 0,75 mg, mangán (3b503) 1,4 mg, cink (3b605) 25 mg Tovább olvasok"}
{"breadcrumb": "Főoldal/Kutya/Eledelek/Nedves eledelek/Real Nature Wilderness kutya tasak junior csirke&lazac 12x100g", "product_name": "Real Nature Wilderness kutya tasak junior csirke&lazac 12x100gReal Nature Wilderness kutya tasak junior csirke&lazac 12x100g", "brand": "Real NatureWilderness0g – 100gKölyökvegyespástétomgabonamentes", "regular_price": "8 994", "selling_price": "8 394", "price_per_unit": "599 Ft", "product_url": "https://webshop.fressnapf.hu/termekek/real-nature-wilderness-kutya-tasak-junior-csirkelazac-12x100g/", "product_description": "Csirke Lazaccal. 95% csirke, lazac és csirkehúsleves; 5% válogatott gyümölcs, gyógynövények és értékes összetevők; 0% hozzáadott gabona. Teljes értékű eledel kölyök- és növendék kutyák számára. Hozzáadott mesterséges színezékek és aromaanyagok nélkül. Nyomokban egyéb összetevőket is tartalmazhat. Összetétel: csirke (szív, 12% hús, zúza, máj, nyak, zsír) 45%, lazac 25%, csirkehúsleves 25%, amerikai tőzegáfonya 2%, sárgarépa 1,2%, ásványi anyagok 1%, lazacolaj 0,3%, görögszéna 0,2%, petrezselyemgyökér 0,1%, mezei sóska 0,1%, Spirulina 0,1% Analitikai összetevők: fehérje 11,5%, zsírtartalom 6%, nyershamu 2,2%, nyersrost 0,4%, kalcium 0,27%, foszfor 0,24%, nedvesség 78% Adalékanyagok/kg: tápértékkel rendelkező adalékanyagok: réz (3b405) 1 mg, jód (3b202) 0,75 mg, mangán (3b503) 1,4 mg, cink (3b605) 25 mg Tovább olvasok"}
{"breadcrumb": "Főoldal/Kutya/Eledelek/Nedves eledelek/Real Nature Wilderness kutya tasak senior pulyka&lazac 12x100g", "product_name": "Real Nature Wilderness kutya tasak senior pulyka&lazac 12x100gReal Nature Wilderness kutya tasak senior pulyka&lazac 12x100g", "brand": "Real NatureWilderness0g – 100gIdősvegyespástétomgabonamentes", "regular_price": "8 994", "selling_price": "8 394", "price_per_unit": "599 Ft", "product_url": "https://webshop.fressnapf.hu/termekek/real-nature-wilderness-kutya-tasak-senior-pulykalazac-12x100g/", "product_description": "Pulyka és Lazac. 95% pulyka, lazac és pulykahúsleves; 5% válogatott gyümölcs, gyógynövények és értékes összetevők; 0% hozzáadott gabona. Teljes értékű eledel idősebb kutyák számára 6–8 éves kortól. Hozzáadott mesterséges színezékek és aromaanyagok nélkül. Nyomokban egyéb összetevőket is tartalmazhat. Összetétel: pulyka (szív, 12% hús, zúza, máj, nyak) 40%, lazac 30%, pulykaleves 25%, amerikai tőzegáfonya 1,3%, édesburgonya 1,2%, ásványi anyagok 1%, cellulóz 1%, agávé-inulin 0,2%, napraforgóolaj 0,1%, görögszéna 0,1%, Spirulina 0,1% Analitikai összetevők: fehérje 10%, zsírtartalom 5%, nyershamu 2,5%, nyersrost 0,8%, kalcium 0,28%, foszfor 0,24%, nedvesség 80% Adalékanyagok/kg: tápértékkel rendelkező adalékanyagok: réz (3b405) 1 mg, jód (3b202) 0,75 mg, mangán (3b503) 1,4 mg, cink (3b605) 25 mg Tovább olvasok"}
{"breadcrumb": "Főoldal/Kutya/Eledelek/Száraz eledelek/Real Nature Wilderness kutyaeledel adult csirke&hal 1kg", "product_name": "Real Nature Wilderness kutyaeledel adult csirke&hal 1kgReal Nature Wilderness kutyaeledel adult csirke&hal 1kg", "brand": "Real NatureWilderness801g – 1kgFelnőttvegyesgabonamentes", "regular_price": "3 699", "selling_price": "3 499", "price_per_unit": "1 kg=3499 Ft", "product_url": "https://webshop.fressnapf.hu/termekek/real-nature-wilderness-kutyaeledel-adult-csirkehal-1kg/", "product_description": "A Real Nature WILDERNESS a kutya természetét szem elött tartva készül. A Real Nature WILDERNESS a kutya elődjének tekintett farkas táplálkozását alapul véve lehetővé teszi a faj igényeinek megfelelő táplálást. A Real Nature WILDERNESS 70% kiváló minőségű csirkéből és halból, valamint 30% gyümölcsből, zöldségből és értékes összetevőkből áll, gabonatartalma 0%. Burgonyát, ill. kiváló minőségű állati fehérjeforrásként friss csirkét tartalmaz. A Real Nature WILDERNESS receptúrákat értékes lazacolajjal egészítjük ki, amely nélkülözhetetlen omega-3 zsírsavakat biztosít. A Real Nature WILDERNESS természetes összetevőket* kínál, táplálkozás-élettani szempontból átgondolt módon értékes vitaminokkal és ásványi anyagokkal kiegészítve – hozzáadott mesterséges tartósítószerek, színezékek, ízesítők vagy emulgeálószerek nélkül. Teljes értékű eledel bármilyen fajtájú és termetű kifejlett kutyák számára, 11-24 hónapos kortól (a kutya termetétől függően). Összetétel: friss csirkehús (24%), csirkefehérje (18%), burgonya (12%), burgonyaliszt (10%), baromfizsír (6%), baromfifehérje, hidrolizált (4%), friss kacsahús (4%), friss lazac (4%), hering (4%), alma (4%), friss csirkemáj (3%), lazacolaj (3%), sárgarépa (1%), spenót (1%), borsó (1%), glükózamin-szulfát, kondroitin-szulfát, mannánoligoszacharidok, frukto-oligoszacharidok, Yucca Schidigera, vörös áfonya, rozmaring, útifumaghéj, alga, kakukkfu, borsmenta, gyermekláncfű (0,0012%), petrezselyem. Nyomokban egyéb összetevőket is tartalmazhat. Analitikai összetevők: fehérje 37%, zsírtartalom 20%, nyershamu 8,2%, nyersrost 2,8%, kalcium 1,7%, foszfor 1,2%, omega-3 zsírsavak 0,44%. Adalékanyagok/kg: tápértékkel rendelkező adalékanyagok: A-vitamin 20000¬NE, D3-vitamin 1500¬NE, réz (aminosavak réz-kelátja, hidrát) 15mg, vas (vas(II)-szulfát, monohidrát) 72mg, jód (kálium-jodid) 0,65mg, mangán (mangán(II)-oxid) 35mg, szelén (szelén szerves formában Saccharomyces cerevisiae CNCM I-3060-ból (inaktivált szelén élesztő)) 0,25mg, cink (aminosavak cink-kelátja, hidrát) 80mg. *a kiválasztott nyersanyagokban Tovább olvasok"}
{"breadcrumb": "Főoldal/Kutya/Eledelek/Nedves eledelek/Real Nature Wilderness kutyaszalámi adult marha 800g", "product_name": "Real Nature Wilderness kutyaszalámi adult marha 800gReal Nature Wilderness kutyaszalámi adult marha 800g", "brand": "Real NatureWilderness601g – 800gFelnőttmarha&borjúközepes testű 11-25kgszalámi", "regular_price": "1 999", "selling_price": "1 799", "price_per_unit": "1 kg=2249 Ft", "product_url": "https://webshop.fressnapf.hu/termekek/real-nature-wilderness-kutyaszalami-adult-marha-800g/", "product_description": "Magas hústartalom: 70% hús és belsőségek Gyümölccsel, zöldséggel és értékes összetevőkkel Gabonamentes receptúra A Real Nature WILDERNESS a kutya ősének, a farkasnak a táplálkozását veszi alapul, és a lehető legtermészetesebb táplálkozást teszi lehetővé. A Real Nature WILDERNESS szalámiknak magas a hústartalmuk. A Real Nature WILDERNESS receptúrák csak egyféle kiválasztott állati fehérjét és 0% hozzáadott gabonát tartalmaznak, ezért kifejezetten ideálisak a bizonyos táplálékokra érzékeny kutyák számára. A Real Nature WILDERNESS természetes összetevőket biztosít*, amelyeket táplálkozásfiziológiailag értékes vitaminok és ásványi anyagok egészítenek ki – garantáltan mesterséges tartósítószerek, színezékek, aromák vagy emulgeálószerek hozzáadása nélkül. Az eledel összevágható és könnyen összenyomható. Az előnyök áttekintése: Nedves eledel szalámi formájában 70% hústartalom Gabonamentes mesterséges tartósítószerek, színezékek és aromák hozzáadása nélkül REAL NATURE WILDERNESS nedves eledel szalámi formájában. Analitikai összetevők: 12% fehérje, 6,5% zsírtartalom,  2,3% nyershamu, 1% nyersrost,  0,4% kalcium, 0,28% foszfor Összetétel: 70% marha (tüdő 23,75%, hús 18,75%, máj 13,75%, szív 13,75%),  16,7% forrásvíz,  6,5% amaránt, 3% sárgarépa, 2,8% ásványi anyag, 0,6% tojáshéjpor, 0,3% lenmagolaj, 0,1% spirulina,  * a kiválasztott alapanyagokban Adalékanyag/kg: Táplálási javaslat: A kutya súlya Gramm/nap 2 kg 120 g 5 kg 235 g 7 kg 305 g 10 kg 400 g 15 kg 540 g 20 kg 670 g A megadott adatok irányadó értékek. A tényleges tápanyagigény a fajtától, az életkortól és az aktivitástól függ. Felbontás után hűtőszekrényben tárolja. Szobahőmérsékleten tálalja. Nyomokban tartalmazhat egyéb összetevőket. Ügyeljen arra, hogy jutalomfalatok hozzáadása esetén csökkentse a megadott tápmennyiséget. Tovább olvasok"}
{"breadcrumb": "Főoldal/Kutya/Eledelek/Jutalomfalatok&rágcsák/REAL NATURE Wilderness Meat Snack Training kutya jutalomfalat kacsa 150g", "product_name": "REAL NATURE Wilderness Meat Snack Training kutya jutalomfalat kacsa 150gREAL NATURE Wilderness Meat Snack Training kutya jutalomfalat kacsa 150g", "brand": "Real NatureWilderness101g – 200gFelnőttszárnyastréning falatok", "regular_price": "1999", "selling_price": "", "price_per_unit": "1 kg=13327 Ft", "product_url": "https://webshop.fressnapf.hu/termekek/real-nature-wilderness-meat-snack-train-minis-kacsa-150g/", "product_description": "A REAL NATURE WILDERNESS MEAT SNACK TRAINING KACSA levegőn szárított, kis méretű, 90%-ban kacsahúst tartalmazó falatokból áll – tökéletes útravaló! •\tA benne lévő fehérje egyetlen kiválasztott húsforrásból származik. •\tIdeális a mindennapi tréninghez és úti eledelként. •\tGyümölcsöt és egyéb értékes összetevőket tartalmaz. •\tGabonaféléktől mentes receptúra – ideális tápanyag-érzékenység esetén. •\tHozzáadott mesterséges tartósítószerek, színezékek és ízesítők nélkül. Összetétel: friss kacsahús (55%), kacsafehérje (18%), kacsanyak (17%), növényi glicerin (3,5%), vörös áfonya (3%), körte (3%), ásványi anyagok (0,5%). Nyomokban egyéb összetevőket is tartalmazhat. Tovább olvasok"}
{"breadcrumb": "Főoldal/Kutya/Eledelek/Jutalomfalatok&rágcsák/REAL NATURE Wilderness Meat Snack Training kutya jutalomfalat marha 150g", "product_name": "REAL NATURE Wilderness Meat Snack Training kutya jutalomfalat marha 150gREAL NATURE Wilderness Meat Snack Training kutya jutalomfalat marha 150g", "brand": "Real NatureWilderness101g – 200gFelnőttmarha&borjútréning falatok", "regular_price": "1999", "selling_price": "", "price_per_unit": "1 kg=13327 Ft", "product_url": "https://webshop.fressnapf.hu/termekek/real-nature-wilderness-meat-snack-train-minis-marha-150g/", "product_description": "A REAL NATURE WILDERNESS MEAT SNACK TRAINING MARHA levegőn szárított, kis méretű, 90% marhahúst tartalmazó falatokból áll – tökéletes útravaló! •\tA benne lévő fehérje egyetlen kiválasztott húsforrásból származik. •\tIdeális a mindennapi tréninghez és úti eledelként. •\tGyümölcsöt és egyéb értékes összetevőket tartalmaz. •\tGabonaféléktől mentes receptúra – ideális tápanyag-érzékenység esetén. •\tHozzáadott mesterséges tartósítószerek, színezékek és ízesítők nélkül. Összetétel: friss marhahús (55%), marhafehérje (18%), marhatőgy (5,2%), marhalégcső (4,3%), marhatüdő (4,3%), növényi glicerin (3,5%), marhagége (3,2%), málna (3%), spenót (3%), ásványi anyagok (0,5%). Nyomokban egyéb összetevőket is tartalmazhat. Tovább olvasok"}
{"breadcrumb": "Főoldal/Kutya/Eledelek/Jutalomfalatok&rágcsák/Real Nature Wilderness Open Grassland kutya jutalomfalat  lóhús&édesburgonya 225g", "product_name": "Real Nature Wilderness Open Grassland kutya jutalomfalat  lóhús&édesburgonya 225gReal Nature Wilderness Open Grassland kutya jutalomfalat  lóhús&édesburgonya 225g", "brand": "Real NatureWilderness201g – 400gFelnőttlóropogós falatok", "regular_price": "1699", "selling_price": "", "price_per_unit": "1 kg=7551 Ft", "product_url": "https://webshop.fressnapf.hu/termekek/real-nature-wilderness-kutya-jutalomfalat-open-grassland-lohusedesburgonya-225g/", "product_description": "Válogatott állati fehérjeforrásokkal, hozzáadott gabonafélék nélkül – ideális ételintolerancia esetén. Illatos zöldfűszerekkel ízesítve. Különösen ropogósra elkészítve. Összetétel: Ló húsliszt (46%), édesburgonya (16%), lófehérje (14%), sütőtök (14%), csirkezsír (4%), borsófehérje (2%), lenmag (1%), spenót (1%), repceolaj (1%), sárgarépa (0,67%), pitypang (0,05%), csalán (0,05%), körömvirág (0,05%), borsmenta (0,05%), csicsóka (0,025%), kakukkfű (0,025%), petrezselyem (0,025%), fanyarka (0,015%), áfonya (0,015%), édeskömény (0,015%), ujjhínár (0,01%). Analitikai összetevők: Fehérje 24%, zsírtartalom 10%, nyershamu 8,5%, nyersrost 2%. Tovább olvasok"}
{"breadcrumb": "Főoldal/Kutya/Eledelek/Nedves eledelek/Real Nature Wilderness Pure Beef kutya konzerv adult marha 6x200g", "product_name": "Real Nature Wilderness Pure Beef kutya konzerv adult marha 6x200gReal Nature Wilderness Pure Beef kutya konzerv adult marha 6x200g", "brand": "Real NatureWilderness101g – 200gFelnőttmarha&borjúkonzervkistestű 10kg-ig", "regular_price": "5 094", "selling_price": "4 794", "price_per_unit": "899 Ft", "product_url": "https://webshop.fressnapf.hu/termekek/real-nature-wilderness-kutya-konzerv-adult-pure-beef-marha-200g/", "product_description": "Kiemelkedően magas hústartalommal Gyümölcsöket, zöldségeket, gyógynövényeket és értékes összetevőket tartalmaz Gabonamentes receptúra REAL NATURE Wilderness nedves eledel – változatos, akár a vad ösvények. Ezt a nedves eledelt változatos receptúrája és kiemelkedően magas hústartalma teszi különlegessé. A hús kíméletes eljárással készült szószban garnírozott. Az extra méretű hússzeletek a kutyák ősi igényeihez igazodnak. A gyümölcsökkel, zöldségekkel és gyógynövényekkel kiegészítve gabonamentes, a fajta igényeit kielégítő táplálék. A Pure Protein fajták pedig csupán egy állati fehérjeforrást tartalmaznak receptúránként, a különösen könnyű emészthetőségért. Az előnyök áttekintése: Kiemelkedően magas hústartalommal Gyümölcsöket, zöldségeket, gyógynövényeket és értékes összetevőket tartalmaz Gabonamentes receptúra Lazacolaj értékes Omega-3 zsírsavakkal A gyógynövények és a tengeri algák gondoskodnak a fontos fitotápanyagokról mesterséges tartósítószerek, színezékek és aromák hozzáadása nélkül A REAL NATURE a farkasok táplálkozását veszi alapul, és lehetővé teszi, hogy kedvencét úgy táplálja, ahogy az a fajta igényeit a leginkább kielégíti. Analitikai összetevők: 9,1% fehérje, 6,1% zsírtartalom, 2,4% nyershamu, 1,3% nyersrost, 0,33% kalcium, 0,21% foszfor Összetétel: 68% marhahús (szív, tüdő, máj, 6% hús), 27% marhahúslé, 3,2% tőzegáfonya, 1% ásványi anyag, 0,3% lenmagolaj, 0,2% gyermekláncfű, 0,1% cickafark, 0,1% csalán, 0,1% galagonyalevél, 100%* természetes összetevők Adalékanyag/kg: Táplálkozásfiziológiai adalékanyagok: 2000 NE A-vitamin, 200 NE D3-vitamin, 25 mg E-vitamin,  1 mg réz (réz(II)-szulfát, pentahidrát), 0,75 mg jód (kalcium-jodát, vízmentes),  18 mg cink (cink-szulfát, monohidrát). Táplálási javaslat: A kutya súlya napi adag 2 kg 160 g 5 kg 320 g 7,5 kg 430 g 10 kg 530 g A megadott adatok irányadó értékek. A tényleges tápanyagigény a fajtától, az életkortól és az aktivitástól függ. Felbontás után hűtőszekrényben tárolja. Szobahőmérsékleten tálalja. Nyomokban tartalmazhat egyéb összetevőket. Hűvös és száraz helyen tárolja Tovább olvasok"}
{"breadcrumb": "Főoldal/Kutya/Eledelek/Száraz eledelek/Real Nature Wilderness Pure Beef száraz kutyaeledel adult marha 12kg", "product_name": "Real Nature Wilderness Pure Beef száraz kutyaeledel adult marha 12kgReal Nature Wilderness Pure Beef száraz kutyaeledel adult marha 12kg", "brand": "Real NatureWilderness Pure10,1 – 12kgFelnőttmarha&borjúgabonamentes&monoprotein", "regular_price": "3 799", "selling_price": "3 299", "price_per_unit": "1 kg=2000 Ft", "product_url": "https://webshop.fressnapf.hu/termekek/real-nature-wilderness-pure-szaraz-kutyaeledel-adult-marha-12kg/", "product_description": "A Real Nature Wilderness a kutya természetét szem előtt tartva készül. Termékeink a kutya elődje, a farkas táplálkozását alapul véve készülnek, így lehetővé teszik az állat igényeinek teljes mértékben megfelelő táplálást. Ez a receptúra 65% kiváló minőségű marhából, 35% gyümölcsből és zöldségből, valamint értékes összetevőkből áll, 0% gabona hozzáadásával. Kiváló állati fehérjeforrásként pedig burgonyát tartalmaz. A receptúrát értékes lenmag egészíti ki, mely nélkülözhetetlen omega-3 zsírsavakat biztosít. A Real Nature Wilderness természetes nyersanyagokat tartalmaz táplálkozás-álettani szempontból értékes vitaminokkal – garantált hozzáadott cukor, szója, tartósítószerek, színezékek és aromaanyagok nélkül. Teljes értékű eledel kifejlett kutyáknak 11 – 24 hónapos kortól (a kutya termetétől függően). Összetétel: marhafehérje (27%), friss marhahús (27%), burgonyapehely (18%), marhafaggyú (11%), borsófehérje (5%), almapép (3%), kókuszdióolaj (2%), lignocellulóz (2%), lenmag (2%), hidrolizált élesztőfehérje (2%), spenót (0,5%), állati szövetből kinyert glükózamin (0,03%), konroitin-szulfát (0,021%), mannán-oligoszacharidok (0,018%), frukto- oligoszacharidok(0,012%), Yucca schidigera (0,012%), rozmaring (0,005%), kakukkfű (0,005%), édeskömény (0,005%), ánizs (0,005%). Nyomokan egyéb összetevőket is tartalmazhat. Analitikai összetétel: fehérje 28%, zsírtartalom 15%, nyershamu 6,7%, nyersrost 3,1%, kalcium 1,3%, foszfor 0,7%. Adalékanyagok: Tápértékkel rendelkező adalékanyagok: A-vitamin 20000 NE, D3-vitamin 1500 NE, E-vitamin 500 mg, biotin 0,6 μg, vas 320 mg, réz 100 mg, jód 38 mg, mangán 373 mg, szelén 100 mg, cink 933 mg Tovább olvasok"}
{"breadcrumb": "Főoldal/Kutya/Eledelek/Száraz eledelek/Real Nature Wilderness Pure Beef száraz kutyaeledel adult marha 1kg", "product_name": "Real Nature Wilderness Pure Beef száraz kutyaeledel adult marha 1kgReal Nature Wilderness Pure Beef száraz kutyaeledel adult marha 1kg", "brand": "Real NatureWilderness Pure801g – 1kgFelnőttmarha&borjúgabonamentes&monoprotein", "regular_price": "3 699", "selling_price": "3 499", "price_per_unit": "1 kg=3499 Ft", "product_url": "https://webshop.fressnapf.hu/termekek/real-nature-wilderness-pure-szaraz-kutyaeledel-adult-marha-1kg/", "product_description": "A Real Nature Wilderness a kutya természetét szem előtt tartva készül. Termékeink a kutya elődje, a farkas táplálkozását alapul véve készülnek, így lehetővé teszik az állat igényeinek teljes mértékben megfelelő táplálást. Ez a receptúra 65% kiváló minőségű marhából, 35% gyümölcsből és zöldségből, valamint értékes összetevőkből áll, 0% gabona hozzáadásával. Kiváló állati fehérjeforrásként pedig burgonyát tartalmaz. A receptúrát értékes lenmag egészíti ki, mely nélkülözhetetlen omega-3 zsírsavakat biztosít. A Real Nature Wilderness természetes nyersanyagokat tartalmaz táplálkozás-álettani szempontból értékes vitaminokkal – garantált hozzáadott cukor, szója, tartósítószerek, színezékek és aromaanyagok nélkül. Teljes értékű eledel kifejlett kutyáknak 11 – 24 hónapos kortól (a kutya termetétől függően). Összetétel: marhafehérje (27%), friss marhahús (27%), burgonyapehely (18%), marhafaggyú (11%), borsófehérje (5%), almapép (3%), kókuszdióolaj (2%), lignocellulóz (2%), lenmag (2%), hidrolizált élesztőfehérje (2%), spenót (0,5%), állati szövetből kinyert glükózamin (0,03%), konroitin-szulfát (0,021%), mannán-oligoszacharidok (0,018%), frukto- oligoszacharidok(0,012%), Yucca schidigera (0,012%), rozmaring (0,005%), kakukkfű (0,005%), édeskömény (0,005%), ánizs (0,005%). Nyomokan egyéb összetevőket is tartalmazhat. Analitikai összetétel: fehérje 28%, zsírtartalom 15%, nyershamu 6,7%, nyersrost 3,1%, kalcium 1,3%, foszfor 0,7%. Adalékanyagok: Tápértékkel rendelkező adalékanyagok: A-vitamin 20000 NE, D3-vitamin 1500 NE, E-vitamin 500 mg, biotin 0,6 μg, vas 320 mg, réz 100 mg, jód 38 mg, mangán 373 mg, szelén 100 mg, cink 933 mg Tovább olvasok"}
{"breadcrumb": "Főoldal/Kutya/Eledelek/Száraz eledelek/Real Nature Wilderness Pure Beef száraz kutyaeledel adult marha 4kg", "product_name": "Real Nature Wilderness Pure Beef száraz kutyaeledel adult marha 4kgReal Nature Wilderness Pure Beef száraz kutyaeledel adult marha 4kg", "brand": "Real NatureWilderness Pure1,1kg – 4kgFelnőttmarha&borjúgabonamentes&monoprotein", "regular_price": "9 999", "selling_price": "8 999", "price_per_unit": "1 kg=3000 Ft", "product_url": "https://webshop.fressnapf.hu/termekek/real-nature-wilderness-pure-szaraz-kutyaeledel-adult-marha-4kg/", "product_description": "A Real Nature Wilderness a kutya természetét szem előtt tartva készül. Termékeink a kutya elődje, a farkas táplálkozását alapul véve készülnek, így lehetővé teszik az állat igényeinek teljes mértékben megfelelő táplálást. Ez a receptúra 65% kiváló minőségű marhából, 35% gyümölcsből és zöldségből, valamint értékes összetevőkből áll, 0% gabona hozzáadásával. Kiváló állati fehérjeforrásként pedig burgonyát tartalmaz. A receptúrát értékes lenmag egészíti ki, mely nélkülözhetetlen omega-3 zsírsavakat biztosít. A Real Nature Wilderness természetes nyersanyagokat tartalmaz táplálkozás-álettani szempontból értékes vitaminokkal – garantált hozzáadott cukor, szója, tartósítószerek, színezékek és aromaanyagok nélkül. Teljes értékű eledel kifejlett kutyáknak 11 – 24 hónapos kortól (a kutya termetétől függően). Összetétel: marhafehérje (27%), friss marhahús (27%), burgonyapehely (18%), marhafaggyú (11%), borsófehérje (5%), almapép (3%), kókuszdióolaj (2%), lignocellulóz (2%), lenmag (2%), hidrolizált élesztőfehérje (2%), spenót (0,5%), állati szövetből kinyert glükózamin (0,03%), konroitin-szulfát (0,021%), mannán-oligoszacharidok (0,018%), frukto- oligoszacharidok(0,012%), Yucca schidigera (0,012%), rozmaring (0,005%), kakukkfű (0,005%), édeskömény (0,005%), ánizs (0,005%). Nyomokan egyéb összetevőket is tartalmazhat. Analitikai összetétel: fehérje 28%, zsírtartalom 15%, nyershamu 6,7%, nyersrost 3,1%, kalcium 1,3%, foszfor 0,7%. Adalékanyagok: Tápértékkel rendelkező adalékanyagok: A-vitamin 20000 NE, D3-vitamin 1500 NE, E-vitamin 500 mg, biotin 0,6 μg, vas 320 mg, réz 100 mg, jód 38 mg, mangán 373 mg, szelén 100 mg, cink 933 mg Tovább olvasok"}
{"breadcrumb": "Főoldal/Kutya/Eledelek/Nedves eledelek/Real Nature Wilderness Pure Buffalo kutya konzerv adult bivaly 6x400g", "product_name": "Real Nature Wilderness Pure Buffalo kutya konzerv adult bivaly 6x400gReal Nature Wilderness Pure Buffalo kutya konzerv adult bivaly 6x400g", "brand": "Real NatureWilderness201g – 400gFelnőttegzotikuskonzervközepes testű 11-25kg", "regular_price": "9 594", "selling_price": "8 994", "price_per_unit": "1 599 Ft", "product_url": "https://webshop.fressnapf.hu/termekek/real-nature-wilderness-kutya-konzerv-adult-pure-buffalo-bivaly-400g/", "product_description": "Kiemelkedően magas hústartalommal Gyümölcsöket, zöldségeket, gyógynövényeket és értékes összetevőket tartalmaz Gabonamentes receptúra REAL NATURE Wilderness nedves eledel – változatos, akár a vad ösvények. Ezt a nedves eledelt változatos receptúrája és kiemelkedően magas hústartalma teszi különlegessé. A hús kíméletes eljárással készült szószban garnírozott. Az extra méretű hússzeletek a kutyák ősi igényeihez igazodnak. A gyümölcsökkel, zöldségekkel és gyógynövényekkel kiegészítve gabonamentes, a fajta igényeit kielégítő táplálék. A Pure Protein fajták pedig csupán egy állati fehérjeforrást tartalmaznak receptúránként, a különösen könnyű emészthetőségért. A Real Nature a legkiválóbb természetes összetevőket ötvözi a táplálkozásfiziológiai szakértelemmel: Lelkiismeretesen válogatjuk és gondosan készítjük el a természetben megtalálható legfinomabb összetevőket, hogy az Ön kutyája a lehető legtermészetesebb táplálékot kapja. TERMÉSZETES TÁPLÁLÉK PRÉMIUM MINŐSÉG ŐSZINTE NYILATKOZAT SZÉLES VÁLASZTÉK A természetes prémium receptúrák nem tartalmaznak sem tartósítószert, színezőanyagokat és aromákat, sem cukrot. A REAL NATURE eledelek esetében Ön pontosan tudja, mit ad a kedvencének: Minden egyes összetevőt feltüntetünk a csomagoláson. Az előnyök áttekintése: Kiemelkedően magas hústartalommal Gyümölcsöket, zöldségeket, gyógynövényeket és értékes összetevőket tartalmaz Gabonamentes receptúra Lazacolaj értékes Omega-3 zsírsavakkal A gyógynövények és a tengeri algák gondoskodnak a fontos fitotápanyagokról mesterséges tartósítószerek, színezékek és aromák hozzáadása nélkül A REAL NATURE a farkasok táplálkozását veszi alapul, és lehetővé teszi, hogy kedvencét úgy táplálja, ahogy az a fajta igényeit a leginkább kielégíti. Analitikai összetevők: 11,9% fehérje, 7,1% zsírtartalom, 1,2% nyershamu, 0,6% nyersrost, 0,2% kalcium, 0,14% foszfor Összetétel: 70% vízibivaly (65% hús és állati melléktermék, 5% máj), 25% vízibivaly húslé, 3,2% tőzegáfonya, 1% ásványi anyag, 0,3% lazacolaj, 0,2% gyermekláncfű, 0,2% cickafark, 0,1% csalán Adalékanyag/kg: Adalékanyagok/kg: Táplálkozásfiziológiai adalékanyagok: 200 NE D3-vitamin; 51 mg E-vitamin, 0,75 mg jód (kalcium-jodát, vízmentes), 3 mg mangán (mangán-(II)-szulfát, monohidrát), 15 mg cink (cink-szulfát, monohidrát). Táplálási javaslat: A kutya súlya Napi adag g-ban 2 kg 130 g 5 kg 270 g 7,5 kg 360 g 10 kg 450 g 15 kg 600 g 20 kg 750 g A megadott adatok irányadó értékek. A tényleges tápanyagigény a fajtától, az életkortól és az aktivitástól függ. Jutalomfalatok hozzáadása esetén ennek megfelelően csökkentse a táp mennyiségét. Felbontás után hűtőszekrényben tárolja. Szobahőmérsékleten tálalja. Nyomokban tartalmazhat egyéb összetevőket. Hűvös és száraz helyen tárolja. Tovább olvasok"}
{"breadcrumb": "Főoldal/Kutya/Eledelek/Száraz eledelek/Real Nature Wilderness Pure Chicken száraz kutyaeledel adult csirke 12kg", "product_name": "Real Nature Wilderness Pure Chicken száraz kutyaeledel adult csirke 12kgReal Nature Wilderness Pure Chicken száraz kutyaeledel adult csirke 12kg", "brand": "Real NatureWilderness10,1 – 12kgFelnőttszárnyasgabonamentes&monoprotein", "regular_price": "9 999", "selling_price": "8 999", "price_per_unit": "1 kg=2000 Ft", "product_url": "https://webshop.fressnapf.hu/termekek/real-nature-wilderness-adult-pure-csirke-12kg/", "product_description": "A Real Nature WILDERNESS a kutya természetét szem előtt tartva készül. Termékeink a kutya elődje, a farkas táplálkozását alapul véve készülnek, így lehetővé teszik az állat igényeinek teljes mértékben megfelelő táplálást. Ez a receptúra 65% kiváló minőségű csirkéből, 35% gyümölcsből és zöldségből, valamint értékes összetevőkből áll, gabonatartalma 0%. Kiváló állati fehérjeforrásként többek között friss csirkehúst, szénhidrátforrásként pedig édesburgonyát tartalmaz. A receptúrát értékes lenmag egészíti ki, amely nélkülözhetetlen omega-3 zsírsavakat biztosít. A Real Nature WILDERNESS természetes alapanyagokat tartalmaz, kiegészítve táplálkozás-élettani szempontból értékes vitaminokkal és ásványi anyagokkal – garantáltan hozzáadott cukor, szója, színezékek és aromaanyagok nélkül. Teljes értékű eledel kifejlett kutyáknak 11–24 hónapos kortól (a kutya termetétől függően). Összetétel: csirkefehérje (29,8%), friss csirkehús (25%), édesburgonya (19%), baromfizsír (7,2%), borsó (5,5%), tök (4%), csirkefehérje (hidrolizált, 3%), lenmag (1%), sörélesztő (1%), sárgarépa (1%), napraforgóolaj (0,8%), spenót (0,5%), tengerialgaliszt (0,2%, Ascophyllum nodosum), nátrium-klorid (0,15%), kálium-klorid (0,1%), tőzegáfonya (0,1%), cikória-inulin (0,1%), élesztősejtfal (0,1%, megfelel 0,02% mannán-oligoszacharidnak és 0,02% béta-glükánnak), útifűmaghéj (0,03%), kakukkfű (0,02%), borsmenta (0,02%), gyermekláncfű (0,02%), rozmaring (0,02%), petrezselyem (0,02%), állati szövetekből származó glükózamin (0,02%), kondroitin-szulfát (0,01%), Yucca schidigera (0,01%). Nyomokban egyéb összetevőket is tartalmazhat. Analitikai összetevők: fehérje 33%, zsírtartalom 19%, nyershamu 8%, nyersrost 3%, kalcium 1,7%, foszfor 1,1%. Adalékanyagok/kg: tápértékkel rendelkező adalékanyagok: A-vitamin 12000 NE, D3-vitamin 1500 NE, E-vitamin 400mg, C-vitamin 200mg, vas (3b103) 150mg, réz (3b405) 12mg, jód (3b202) 1,3mg, mangán (3b503) 20mg, szelén (3b801) 0,42mg, cink (3b605) 100mg. Tovább olvasok"}
{"breadcrumb": "Főoldal/Kutya/Eledelek/Száraz eledelek/Real Nature Wilderness Pure Chicken száraz kutyaeledel adult csirke 4kg", "product_name": "Real Nature Wilderness Pure Chicken száraz kutyaeledel adult csirke 4kgReal Nature Wilderness Pure Chicken száraz kutyaeledel adult csirke 4kg", "brand": "Real NatureWilderness1,1kg – 4kgFelnőttszárnyasgabonamentes", "regular_price": "3 499", "selling_price": "2 999", "price_per_unit": "1 kg=3000 Ft", "product_url": "https://webshop.fressnapf.hu/termekek/real-nature-wilderness-szaraz-kutyaeledel-adult-pure-csirke-4kg/", "product_description": "A Real Nature WILDERNESS a kutya természetét szem előtt tartva készül. Termékeink a kutya elődje, a farkas táplálkozását alapul véve készülnek, így lehetővé teszik az állat igényeinek teljes mértékben megfelelő táplálást. Ez a receptúra 65% kiváló minőségű csirkéből, 35% gyümölcsből és zöldségből, valamint értékes összetevőkből áll, gabonatartalma 0%. Kiváló állati fehérjeforrásként többek között friss csirkehúst, szénhidrátforrásként pedig édesburgonyát tartalmaz. A receptúrát értékes lenmag egészíti ki, amely nélkülözhetetlen omega-3 zsírsavakat biztosít. A Real Nature WILDERNESS természetes alapanyagokat tartalmaz, kiegészítve táplálkozás-élettani szempontból értékes vitaminokkal és ásványi anyagokkal – garantáltan hozzáadott cukor, szója, színezékek és aromaanyagok nélkül. Teljes értékű eledel kifejlett kutyáknak 11–24 hónapos kortól (a kutya termetétől függően). Összetétel: csirkefehérje (29,8%), friss csirkehús (25%), édesburgonya (19%), baromfizsír (7,2%), borsó (5,5%), tök (4%), csirkefehérje (hidrolizált, 3%), lenmag (1%), sörélesztő (1%), sárgarépa (1%), napraforgóolaj (0,8%), spenót (0,5%), tengerialgaliszt (0,2%, Ascophyllum nodosum), nátrium-klorid (0,15%), kálium-klorid (0,1%), tőzegáfonya (0,1%), cikória-inulin (0,1%), élesztősejtfal (0,1%, megfelel 0,02% mannán-oligoszacharidnak és 0,02% béta-glükánnak), útifűmaghéj (0,03%), kakukkfű (0,02%), borsmenta (0,02%), gyermekláncfű (0,02%), rozmaring (0,02%), petrezselyem (0,02%), állati szövetekből származó glükózamin (0,02%), kondroitin-szulfát (0,01%), Yucca schidigera (0,01%). Nyomokban egyéb összetevőket is tartalmazhat. Analitikai összetevők: fehérje 33%, zsírtartalom 19%, nyershamu 8%, nyersrost 3%, kalcium 1,7%, foszfor 1,1%. Adalékanyagok/kg: tápértékkel rendelkező adalékanyagok: A-vitamin 12000 NE, D3-vitamin 1500 NE, E-vitamin 400mg, C-vitamin 200mg, vas (3b103) 150mg, réz (3b405) 12mg, jód (3b202) 1,3mg, mangán (3b503) 20mg, szelén (3b801) 0,42mg, cink (3b605) 100mg. Tovább olvasok"}
{"breadcrumb": "Főoldal/Kutya/Eledelek/Nedves eledelek/Real Nature Wilderness Pure Duck kutya konzerv adult kacsa 6x400g", "product_name": "Real Nature Wilderness Pure Duck kutya konzerv adult kacsa 6x400gReal Nature Wilderness Pure Duck kutya konzerv adult kacsa 6x400g", "brand": "Real NatureWilderness201g – 400gFelnőttszárnyaskonzervgabonamentesközepes testű 11-25kg", "regular_price": "9 594", "selling_price": "8 994", "price_per_unit": "1 599 Ft", "product_url": "https://webshop.fressnapf.hu/termekek/6xreal-nature-wilderness-konzerv-adult-pure-kacsa-400g/", "product_description": "Teljes értékű eledel bármilyen fajtájú és termetű kifejlett kutya számára, 11-24 hónapos kortól (a kutya termetétől függően). •\tA farkas táplálkozásának mintájára. •\tMagas hústartalommal – csak egyetlen állati fehérjeforrást tartalmaz. •\tZöldségeket, lágyszárú növényeket és értékes összetevőket tartalmaz. •\tGabonaféléktől mentes receptúra. •\tTermészetes összetevők, táplálkozásélettani szempontból hasznos értékes vitaminokkal és ásványi anyagokkal kiegészítve; hozzáadott mesterséges tartósítószerek, színezékek és ízfokozók nélkül. Összetevők: 70% kacsa (22% hús, szív, gyomor, máj, nyak), 25% kacsahúslé, 3,2% málna, 1% ásványi anyagok, 0,3% lenolaj, 0,2% körömvirág, 0,1% borsmenta, 0,1% jukkakivonat, 0,1% klorella. Nyomokban egyéb összetevőket is tartalmazhat. Tovább olvasok"}
{"breadcrumb": "Főoldal/Kutya/Eledelek/Nedves eledelek/Real Nature Wilderness Pure Duck kutya konzerv adult kacsa 6x800g", "product_name": "Real Nature Wilderness Pure Duck kutya konzerv adult kacsa 6x800gReal Nature Wilderness Pure Duck kutya konzerv adult kacsa 6x800g", "brand": "Real NatureWilderness601g – 800gFelnőttszárnyaskonzervgabonamentesnagytestű 26kg-tól", "regular_price": "15 594", "selling_price": "14 394", "price_per_unit": "2 399 Ft", "product_url": "https://webshop.fressnapf.hu/termekek/6xreal-nature-wilderness-konzerv-adult-pure-kacsa-800g/", "product_description": "Teljes értékű eledel bármilyen fajtájú és termetű kifejlett kutya számára, 11-24 hónapos kortól (a kutya termetétől függően). • A farkas táplálkozásának mintájára. • Magas hústartalommal – csak egyetlen állati fehérjeforrást tartalmaz. • Zöldségeket, lágyszárú növényeket és értékes összetevőket tartalmaz. • Gabonaféléktől mentes receptúra. • Természetes összetevők, táplálkozásélettani szempontból hasznos értékes vitaminokkal és ásványi anyagokkal kiegészítve; hozzáadott mesterséges tartósítószerek, színezékek és ízfokozók nélkül. Összetevők: 70% kacsa (22% hús, szív, gyomor, máj, nyak), 25% kacsahúslé, 3,2% málna, 1% ásványi anyagok, 0,3% lenolaj, 0,2% körömvirág, 0,1% borsmenta, 0,1% jukkakivonat, 0,1% klorella. Nyomokban egyéb összetevőket is tartalmazhat. Tovább olvasok"}
{"breadcrumb": "Főoldal/Kutya/Eledelek/Száraz eledelek/Real Nature Wilderness Pure Duck száraz kutyaeledel adult kacsa 12kg", "product_name": "Real Nature Wilderness Pure Duck száraz kutyaeledel adult kacsa 12kgReal Nature Wilderness Pure Duck száraz kutyaeledel adult kacsa 12kg", "brand": "Real NatureWilderness10,1 – 12kgFelnőttszárnyasgabonamentes&monoprotein", "regular_price": "3 799", "selling_price": "3 299", "price_per_unit": "1 kg=2000 Ft", "product_url": "https://webshop.fressnapf.hu/termekek/real-nature-wilderness-adult-pure-kacsa-12kg/", "product_description": "A Real Nature WILDERNESS a kutya természetét szem előtt tartva készül. Termékeink a kutya elődje, a farkas táplálkozását alapul véve készülnek, így lehetővé teszik az állat igényeinek teljes mértékben megfelelő táplálást. Ez a receptúra 65% kiváló minőségű kacsából, 35% gyümölcsből és zöldségből, valamint értékes összetevőkből áll, gabonatartalma 0%. Kiváló állati fehérjeforrásként többek között friss kacsahúst, szénhidrátforrásként pedig burgonyát tartalmaz. A receptúrát értékes lenmag egészíti ki, amely nélkülözhetetlen omega-3 zsírsavakat biztosít. A Real Nature WILDERNESS természetes alapanyagokat tartalmaz, kiegészítve táplálkozás-élettani szempontból értékes vitaminokkal és ásványi anyagokkal – garantáltan hozzáadott cukor, szója, színezékek és aromaanyagok nélkül. Teljes értékű eledel kifejlett kutyáknak 11–24 hónapos kortól (a kutya termetétől függően). Összetétel: kacsafehérje (30,2%), friss kacsahús (25%), burgonyapehely (19,2%), kacsazsír (6,8%), alma (4%), borsó (3,5%), burgonyakeményítő (3%), kacsafehérje (hidrolizált, 3%), lenmag (1%), sörélesztő (1%), sárgarépa (1%), spenót (0,5%), tengerialgaliszt (0,2%, Ascophyllum nodosum), nátrium-klorid (0,15%), tőzegáfonya (0,1%), cikória-inulin (0,1%), élesztősejtfal (0,1%, megfelel 0,02% mannán-oligoszacharidnak és 0,02% béta-glükánnak), útifűmaghéj (0,03%), kakukkfű (0,02%), borsmenta (0,02%), gyermekláncfű (0,02%), rozmaring (0,02%), petrezselyem (0,02%), állati szövetekből származó glükózamin (0,02%), kondroitin-szulfát (0,01%), Yucca schidigera (0,01%). Nyomokban egyéb összetevőket is tartalmazhat. Analitikai összetevők: fehérje 32%, zsírtartalom 18%, nyershamu 7,9%, nyersrost 2,5%, kalcium 1,75%, foszfor 1,15%. Adalékanyagok/kg: tápértékkel rendelkező adalékanyagok: A-vitamin 12000 NE, D3-vitamin 1500 NE, E-vitamin 400mg, C-vitamin 200mg, vas (3b103) 150mg, réz (3b405) 12mg, jód (3b202) 1,3mg, mangán (3b503) 20mg, szelén (3b801) 0,42mg, cink (3b605) 100mg. Tovább olvasok"}
{"breadcrumb": "Főoldal/Kutya/Eledelek/Nedves eledelek/Real Nature Wilderness Pure Horse kutya konzerv adult lóhús 6x200g", "product_name": "Real Nature Wilderness Pure Horse kutya konzerv adult lóhús 6x200gReal Nature Wilderness Pure Horse kutya konzerv adult lóhús 6x200g", "brand": "Real NatureWilderness101g – 200gFelnőttlókonzervkistestű 10kg-ig", "regular_price": "5 094", "selling_price": "4 794", "price_per_unit": "899 Ft", "product_url": "https://webshop.fressnapf.hu/termekek/real-nature-wilderness-kutya-konzerv-adult-pure-horse-lohus-200g/", "product_description": "Kiemelkedően magas hústartalommal Gyümölcsöket, zöldségeket, gyógynövényeket és értékes összetevőket tartalmaz Gabonamentes receptúra REAL NATURE Wilderness nedves eledel – változatos, akár a vad ösvények. Ezt a nedves eledelt változatos receptúrája és kiemelkedően magas hústartalma teszi különlegessé. A hús kíméletes eljárással készült szószban garnírozott. Az extra méretű hússzeletek a kutyák ősi igényeihez igazodnak. A gyümölcsökkel, zöldségekkel és gyógynövényekkel kiegészítve gabonamentes, a fajta igényeit kielégítő táplálék. A Pure Protein fajták pedig csupán egy állati fehérjeforrást tartalmaznak receptúránként, a különösen könnyű emészthetőségért. Az előnyök áttekintése: Kiemelkedően magas hústartalommal Gyümölcsöket, zöldségeket, gyógynövényeket és értékes összetevőket tartalmaz Gabonamentes receptúra Lazacolaj értékes Omega-3 zsírsavakkal A gyógynövények és a tengeri algák gondoskodnak a fontos fitotápanyagokról mesterséges tartósítószerek, színezékek és aromák hozzáadása nélkül A REAL NATURE a farkasok táplálkozását veszi alapul, és lehetővé teszi, hogy kedvencét úgy táplálja, ahogy az a fajta igényeit a leginkább kielégíti. Analitikai összetevők: 8,1% fehérje, 4,5% zsírtartalom, 2,4% nyershamu, 0,4% nyersrost, 0,21% kalcium, 0,17% foszfor Összetétel: 70% ló (szív, tüdő, máj, zúza, 6% hús), 25% lóhúslé, 2% pasztinák, 1,2% mángold, 1% ásványi anyag, 0,3% lazacolaj, 0,2% gyermekláncfű, 0,1% cickafark, 0,1% csalán, 0,1% galagonyalevél Adalékanyag/kg: Táplálkozásfiziológiai adalékanyagok: 2000 NE A-vitamin, 200 NE D3-vitamin, 25 mg E-vitamin,  1 mg réz (réz(II)-szulfát, pentahidrát), 0,75 mg jód (kalcium-jodát, vízmentes),  18 mg cink (cink-szulfát, monohidrát). Táplálási javaslat: A kutya súlya napi adag 2 kg 160 g 5 kg 320 g 7,5 kg 430 g 10 kg 530 g A megadott adatok irányadó értékek. A tényleges tápanyagigény a fajtától, az életkortól és az aktivitástól függ. Felbontás után hűtőszekrényben tárolja. Szobahőmérsékleten tálalja. Nyomokban tartalmazhat egyéb összetevőket. Hűvös és száraz helyen tárolja Tovább olvasok"}
{"breadcrumb": "Főoldal/Kutya/Eledelek/Nedves eledelek/Real Nature Wilderness Pure Horse kutya konzerv adult lóhús 6x400g", "product_name": "Real Nature Wilderness Pure Horse kutya konzerv adult lóhús 6x400gReal Nature Wilderness Pure Horse kutya konzerv adult lóhús 6x400g", "brand": "Real NatureWilderness201g – 400gFelnőttlókonzervközepes testű 11-25kg", "regular_price": "9 594", "selling_price": "8 994", "price_per_unit": "1 599 Ft", "product_url": "https://webshop.fressnapf.hu/termekek/real-nature-wilderness-kutya-konzerv-adult-pure-horse-lohus-400g/", "product_description": "Kiemelkedően magas hústartalommal Gyümölcsöket, zöldségeket, gyógynövényeket és értékes összetevőket tartalmaz Gabonamentes receptúra REAL NATURE Wilderness nedves eledel – változatos, akár a vad ösvények. Ezt a nedves eledelt változatos receptúrája és kiemelkedően magas hústartalma teszi különlegessé. A hús kíméletes eljárással készült szószban garnírozott. Az extra méretű hússzeletek a kutyák ősi igényeihez igazodnak. A gyümölcsökkel, zöldségekkel és gyógynövényekkel kiegészítve gabonamentes, a fajta igényeit kielégítő táplálék. A Pure Protein fajták pedig csupán egy állati fehérjeforrást tartalmaznak receptúránként, a különösen könnyű emészthetőségért. A Real Nature a legkiválóbb természetes összetevőket ötvözi a táplálkozásfiziológiai szakértelemmel: Lelkiismeretesen válogatjuk és gondosan készítjük el a természetben megtalálható legfinomabb összetevőket, hogy az Ön kutyája a lehető legtermészetesebb táplálékot kapja. TERMÉSZETES TÁPLÁLÉK PRÉMIUM MINŐSÉG ŐSZINTE NYILATKOZAT SZÉLES VÁLASZTÉK A természetes prémium receptúrák nem tartalmaznak sem tartósítószert, színezőanyagokat és aromákat, sem cukrot. A REAL NATURE eledelek esetében Ön pontosan tudja, mit ad a kedvencének: Minden egyes összetevőt feltüntetünk a csomagoláson. Az előnyök áttekintése: Kiemelkedően magas hústartalommal Gyümölcsöket, zöldségeket, gyógynövényeket és értékes összetevőket tartalmaz Gabonamentes receptúra Lazacolaj értékes Omega-3 zsírsavakkal A gyógynövények és a tengeri algák gondoskodnak a fontos fitotápanyagokról mesterséges tartósítószerek, színezékek és aromák hozzáadása nélkül A REAL NATURE a farkasok táplálkozását veszi alapul, és lehetővé teszi, hogy kedvencét úgy táplálja, ahogy az a fajta igényeit a leginkább kielégíti. Analitikai összetevők: 8,1% fehérje, 4,5% zsírtartalom, 2,4% nyershamu, 0,4% nyersrost, 0,21% kalcium, 0,17% foszfor Összetétel: 70% ló (szív, tüdő, máj, zúza, 6% hús), 25% lóhúslé, 2% pasztinák, 1,2% mángold, 1% ásványi anyag, 0,3% lazacolaj, 0,2% gyermekláncfű, 0,1% cickafark, 0,1% csalán, 0,1% galagonyalevél Adalékanyag/kg: Táplálkozásfiziológiai adalékanyagok: 2000 NE A-vitamin, 200 NE D3-vitamin, 25 mg E-vitamin,  1 mg réz (réz(II)-szulfát, pentahidrát), 0,75 mg jód (kalcium-jodát, vízmentes),  18 mg cink (cink-szulfát, monohidrát). Táplálási javaslat: A kutya súlya Napi szükséglet 2 kg 160 g 5 kg 320 g 7,5 kg 430 g 10 kg 530 g 15 kg 720 g 20 kg 890 g A megadott adatok irányadó értékek. A tényleges tápanyagigény a fajtától, az életkortól és az aktivitástól függ. Felbontás után hűtőszekrényben tárolja. Szobahőmérsékleten tálalja. Nyomokban tartalmazhat egyéb összetevőket. Hűvös és száraz helyen tárolja Tovább olvasok"}
{"breadcrumb": "Főoldal/Kutya/Eledelek/Száraz eledelek/Real Nature Wilderness Pure Lamb száraz kutyaeledel bárány 12kg", "product_name": "Real Nature Wilderness Pure Lamb száraz kutyaeledel bárány 12kgReal Nature Wilderness Pure Lamb száraz kutyaeledel bárány 12kg", "brand": "Real NatureWilderness10,1 – 12kgFelnőttjuh&bárány&kecskegabonamentes", "regular_price": "3 699", "selling_price": "3 299", "price_per_unit": "1 kg=2417 Ft", "product_url": "https://webshop.fressnapf.hu/termekek/real-nature-wilderness-pure-barany-12kg/", "product_description": "A Real Nature WILDERNESS a kutya természetét szem előtt tartva készül. Termékeink a kutya elődje, a farkas táplálkozását alapul véve készülnek, így lehetővé teszik az állat igényeinek teljes mértékben megfelelő táplálást. Ez a receptúra 65% kiváló minőségű bárányból, 35% gyümölcsből és zöldségből, valamint értékes összetevőkből áll, gabonatartalma 0%. Kiváló állati fehérjeforrásként többek között friss bárányhúst, szénhidrátforrásként pedig burgonyát tartalmaz. A receptúrát értékes lenmag egészíti ki, amely nélkülözhetetlen omega-3 zsírsavakat biztosít. A Real Nature WILDERNESS természetes alapanyagokat tartalmaz, kiegészítve táplálkozás-élettani szempontból értékes vitaminokkal és ásványi anyagokkal – garantáltan hozzáadott cukor, szója, színezékek és aromaanyagok nélkül. Teljes értékű eledel kifejlett kutyáknak 11–24 hónapos kortól (a kutya termetétől függően). Összetétel: bárányfehérje (32%), friss bárányhús (25%), burgonyapehely (14%), burgonyaliszt (10%), bárányfaggyú (8%), borsó (4%), alma (3%), sörélesztő (1%), sárgarépa (1%), spenót (1%), lenolaj (0,5%), glükózamin (0,03%), kondroitin-szulfát (0,02%), mannán-oligoszacharidok (0,02%), frukto-oligoszacharidok (0,01%), Yucca schidigera (0,01%), tőzegáfonya (0,005%), rozmaring (0,004%), útifűmaghéj (0,002%), alga (Ascophyllum nodosum, 0,002%), kakukkfű (0,001%), borsmenta (0,001%), gyermekláncfű (0,001%), petrezselyem (0,001%). Nyomokban egyéb összetevőket is tartalmazhat. Analitikai összetevők: fehérje 26%, zsírtartalom 16%, nyershamu 8,6%, nyersrost 3,2% kalcium 1,7%, foszfor 1,3%. Adalékanyagok/kg: tápértékkel rendelkező adalékanyagok: A-vitamin 18000 NE, D3-vitamin 1800 NE, E-vitamin 600mg, C-vitamin 19mg, vas (3b103) 91mg, réz (3b405) 16mg, jód (3b201) 1mg, mangán (3b502) 33mg, szelén (3b801) 0,3mg, cink (3b605) 160mg. Tovább olvasok"}
{"breadcrumb": "Főoldal/Kutya/Eledelek/Száraz eledelek/Real Nature Wilderness Pure Lamb száraz kutyaeledel bárány 1kg", "product_name": "Real Nature Wilderness Pure Lamb száraz kutyaeledel bárány 1kgReal Nature Wilderness Pure Lamb száraz kutyaeledel bárány 1kg", "brand": "Real NatureWilderness801g – 1kgFelnőttjuh&bárány&kecskegabonamentes", "regular_price": "4 299", "selling_price": "3 999", "price_per_unit": "1 kg=3999 Ft", "product_url": "https://webshop.fressnapf.hu/termekek/real-nature-wilderness-pure-barany-1kg/", "product_description": "A Real Nature WILDERNESS a kutya természetét szem előtt tartva készül. Termékeink a kutya elődje, a farkas táplálkozását alapul véve készülnek, így lehetővé teszik az állat igényeinek teljes mértékben megfelelő táplálást. Ez a receptúra 65% kiváló minőségű bárányból, 35% gyümölcsből és zöldségből, valamint értékes összetevőkből áll, gabonatartalma 0%. Kiváló állati fehérjeforrásként többek között friss bárányhúst, szénhidrátforrásként pedig burgonyát tartalmaz. A receptúrát értékes lenmag egészíti ki, amely nélkülözhetetlen omega-3 zsírsavakat biztosít. A Real Nature WILDERNESS természetes alapanyagokat tartalmaz, kiegészítve táplálkozás-élettani szempontból értékes vitaminokkal és ásványi anyagokkal – garantáltan hozzáadott cukor, szója, színezékek és aromaanyagok nélkül. Teljes értékű eledel kifejlett kutyáknak 11–24 hónapos kortól (a kutya termetétől függően). Összetétel: bárányfehérje (32%), friss bárányhús (25%), burgonyapehely (14%), burgonyaliszt (10%), bárányfaggyú (8%), borsó (4%), alma (3%), sörélesztő (1%), sárgarépa (1%), spenót (1%), lenolaj (0,5%), glükózamin (0,03%), kondroitin-szulfát (0,02%), mannán-oligoszacharidok (0,02%), frukto-oligoszacharidok (0,01%), Yucca schidigera (0,01%), tőzegáfonya (0,005%), rozmaring (0,004%), útifűmaghéj (0,002%), alga (Ascophyllum nodosum, 0,002%), kakukkfű (0,001%), borsmenta (0,001%), gyermekláncfű (0,001%), petrezselyem (0,001%). Nyomokban egyéb összetevőket is tartalmazhat. Analitikai összetevők: fehérje 26%, zsírtartalom 16%, nyershamu 8,6%, nyersrost 3,2% kalcium 1,7%, foszfor 1,3%. Adalékanyagok/kg: tápértékkel rendelkező adalékanyagok: A-vitamin 18000 NE, D3-vitamin 1800 NE, E-vitamin 600mg, C-vitamin 19mg, vas (3b103) 91mg, réz (3b405) 16mg, jód (3b201) 1mg, mangán (3b502) 33mg, szelén (3b801) 0,3mg, cink (3b605) 160mg. Tovább olvasok"}
{"breadcrumb": "Főoldal/Kutya/Eledelek/Száraz eledelek/Real Nature Wilderness Pure Lamb száraz kutyaeledel bárány 4kg", "product_name": "Real Nature Wilderness Pure Lamb száraz kutyaeledel bárány 4kgReal Nature Wilderness Pure Lamb száraz kutyaeledel bárány 4kg", "brand": "Real NatureWilderness1,1kg – 4kgFelnőttjuh&bárány&kecskegabonamentes", "regular_price": "3 799", "selling_price": "3 299", "price_per_unit": "1 kg=3750 Ft", "product_url": "https://webshop.fressnapf.hu/termekek/real-nature-wilderness-pure-barany-4kg/", "product_description": "A Real Nature WILDERNESS a kutya természetét szem előtt tartva készül. Termékeink a kutya elődje, a farkas táplálkozását alapul véve készülnek, így lehetővé teszik az állat igényeinek teljes mértékben megfelelő táplálást. Ez a receptúra 65% kiváló minőségű bárányból, 35% gyümölcsből és zöldségből, valamint értékes összetevőkből áll, gabonatartalma 0%. Kiváló állati fehérjeforrásként többek között friss bárányhúst, szénhidrátforrásként pedig burgonyát tartalmaz. A receptúrát értékes lenmag egészíti ki, amely nélkülözhetetlen omega-3 zsírsavakat biztosít. A Real Nature WILDERNESS természetes alapanyagokat tartalmaz, kiegészítve táplálkozás-élettani szempontból értékes vitaminokkal és ásványi anyagokkal – garantáltan hozzáadott cukor, szója, színezékek és aromaanyagok nélkül. Teljes értékű eledel kifejlett kutyáknak 11–24 hónapos kortól (a kutya termetétől függően). Összetétel: bárányfehérje (32%), friss bárányhús (25%), burgonyapehely (14%), burgonyaliszt (10%), bárányfaggyú (8%), borsó (4%), alma (3%), sörélesztő (1%), sárgarépa (1%), spenót (1%), lenolaj (0,5%), glükózamin (0,03%), kondroitin-szulfát (0,02%), mannán-oligoszacharidok (0,02%), frukto-oligoszacharidok (0,01%), Yucca schidigera (0,01%), tőzegáfonya (0,005%), rozmaring (0,004%), útifűmaghéj (0,002%), alga (Ascophyllum nodosum, 0,002%), kakukkfű (0,001%), borsmenta (0,001%), gyermekláncfű (0,001%), petrezselyem (0,001%). Nyomokban egyéb összetevőket is tartalmazhat. Analitikai összetevők: fehérje 26%, zsírtartalom 16%, nyershamu 8,6%, nyersrost 3,2% kalcium 1,7%, foszfor 1,3%. Adalékanyagok/kg: tápértékkel rendelkező adalékanyagok: A-vitamin 18000 NE, D3-vitamin 1800 NE, E-vitamin 600mg, C-vitamin 19mg, vas (3b103) 91mg, réz (3b405) 16mg, jód (3b201) 1mg, mangán (3b502) 33mg, szelén (3b801) 0,3mg, cink (3b605) 160mg. Tovább olvasok"}
{"breadcrumb": "Főoldal/Kutya/Eledelek/Száraz eledelek/Real Nature Wilderness Pure Salmon száraz kutyaeledel adult hal 12kg", "product_name": "Real Nature Wilderness Pure Salmon száraz kutyaeledel adult hal 12kgReal Nature Wilderness Pure Salmon száraz kutyaeledel adult hal 12kg", "brand": "Real NatureWilderness Pure10,1 – 12kgFelnőtthal&tenger gyümölcseigabonamentes&monoprotein", "regular_price": "3 799", "selling_price": "3 299", "price_per_unit": "1 kg=2000 Ft", "product_url": "https://webshop.fressnapf.hu/termekek/real-nature-wilderness-pure-szaraz-kutyaeledel-adult-hal-12kg/", "product_description": "A Real Nature WILDERNESS a kutya természetét szem előtt tartva készül. Termékeink a kutya elődje, a farkas táplálkozását alapul véve készülnek, így lehetővé teszik az állat igényeinek teljes mértékben megfelelő táplálást. Ez a receptúra 65% kiváló minőségű lazacból, 35% gyümölcsből és zöldségből, valamint értékes összetevőkből áll, 0% hozzáadott gabonával. Kiváló állati fehérjeforrásként többek között friss lazacot, szénhidrátforrásként pedig édesburgonyát tartalmaz. A receptúrát értékes lazacolaj egészíti ki, amely nélkülözhetetlen omega-3 zsírsavakat biztosít. A Real Nature WILDERNESS természetes nyersanyagokat tartalmaz táplálkozás-élettani szempontból értékes vitaminokkal – garantáltan hozzáadott cukor, szója, tartósítószerek, színezékek és aromaanyagok nélkül. Teljes értékű eledel kifejlett kutyáknak 11–24 hónapos kortól (a kutya termetétől függően). Összetétel: lazacfehérje (29%), friss lazac (29%), édesburgonya (18%), lazacolaj (7%), almapép (4%), borsófehérje (4%), kókuszdióolaj (2%), lignocellulóz (2%), lenmag (2%), hidrolizált élesztőfehérje (2%), spenót (0,5%), állati szövetből kinyert glükózamin (0,03%), kondroitin-szulfát (0,021%), mannán-oligoszacharidok (0,018%), frukto-oligoszacharidok (0,012%), Yucca schidigera (0,012%), rozmaring (0,005%), kakukkfű (0,005%), édeskömény (0,005%), ánizs (0,005%). Nyomokban egyéb összetevőket is tartalmazhat. Analitikai összetevők: fehérje 27%, zsírtartalom 15%, nyershamu 5,8%, nyersrost 3,4%, kalcium 0,9%, foszfor 0,6% Adalékanyagok/kg: tápértékkel rendelkező adalékanyagok: A-vitamin 20000 NE, D3-vitamin 1500 NE, E-vitamin 500 mg, Biotin (3a880) 0,6 mg, vas 3b106) 70 mg, réz (3b406) 15 mg, jód (3b201) 0,65 mg, mangán (3b504) 35 mg, szelén (3b810) 0,18 mg, cink (3b606) 80 mg Tovább olvasok"}
{"breadcrumb": "Főoldal/Kutya/Eledelek/Száraz eledelek/Real Nature Wilderness Pure Salmon száraz kutyaeledel adult hal 1kg", "product_name": "Real Nature Wilderness Pure Salmon száraz kutyaeledel adult hal 1kgReal Nature Wilderness Pure Salmon száraz kutyaeledel adult hal 1kg", "brand": "Real NatureWilderness Pure801g – 1kgFelnőtthal&tenger gyümölcseigabonamentes&monoprotein", "regular_price": "3 699", "selling_price": "3 499", "price_per_unit": "1 kg=3499 Ft", "product_url": "https://webshop.fressnapf.hu/termekek/real-nature-wilderness-pure-szaraz-kutyaeledel-adult-hal-1kg/", "product_description": "A Real Nature WILDERNESS a kutya természetét szem előtt tartva készül. Termékeink a kutya elődje, a farkas táplálkozását alapul véve készülnek, így lehetővé teszik az állat igényeinek teljes mértékben megfelelő táplálást. Ez a receptúra 65% kiváló minőségű lazacból, 35% gyümölcsből és zöldségből, valamint értékes összetevőkből áll, 0% hozzáadott gabonával. Kiváló állati fehérjeforrásként többek között friss lazacot, szénhidrátforrásként pedig édesburgonyát tartalmaz. A receptúrát értékes lazacolaj egészíti ki, amely nélkülözhetetlen omega-3 zsírsavakat biztosít. A Real Nature WILDERNESS természetes nyersanyagokat tartalmaz táplálkozás-élettani szempontból értékes vitaminokkal – garantáltan hozzáadott cukor, szója, tartósítószerek, színezékek és aromaanyagok nélkül. Teljes értékű eledel kifejlett kutyáknak 11–24 hónapos kortól (a kutya termetétől függően). Összetétel: lazacfehérje (29%), friss lazac (29%), édesburgonya (18%), lazacolaj (7%), almapép (4%), borsófehérje (4%), kókuszdióolaj (2%), lignocellulóz (2%), lenmag (2%), hidrolizált élesztőfehérje (2%), spenót (0,5%), állati szövetből kinyert glükózamin (0,03%), kondroitin-szulfát (0,021%), mannán-oligoszacharidok (0,018%), frukto-oligoszacharidok (0,012%), Yucca schidigera (0,012%), rozmaring (0,005%), kakukkfű (0,005%), édeskömény (0,005%), ánizs (0,005%). Nyomokban egyéb összetevőket is tartalmazhat. Analitikai összetevők: fehérje 27%, zsírtartalom 15%, nyershamu 5,8%, nyersrost 3,4%, kalcium 0,9%, foszfor 0,6% Adalékanyagok/kg: tápértékkel rendelkező adalékanyagok: A-vitamin 20000 NE, D3-vitamin 1500 NE, E-vitamin 500 mg, Biotin (3a880) 0,6 mg, vas 3b106) 70 mg, réz (3b406) 15 mg, jód (3b201) 0,65 mg, mangán (3b504) 35 mg, szelén (3b810) 0,18 mg, cink (3b606) 80 mg Tovább olvasok"}
{"breadcrumb": "Főoldal/Kutya/Eledelek/Száraz eledelek/Real Nature Wilderness Pure Salmon száraz kutyaeledel adult hal 4kg", "product_name": "Real Nature Wilderness Pure Salmon száraz kutyaeledel adult hal 4kgReal Nature Wilderness Pure Salmon száraz kutyaeledel adult hal 4kg", "brand": "Real NatureWilderness Pure1,1kg – 4kgFelnőtthal&tenger gyümölcseigabonamentes&monoprotein", "regular_price": "3 399", "selling_price": "2 999", "price_per_unit": "1 kg=3000 Ft", "product_url": "https://webshop.fressnapf.hu/termekek/real-nature-wilderness-pure-szaraz-kutyaeledel-adult-hal-4kg/", "product_description": "A Real Nature WILDERNESS a kutya természetét szem előtt tartva készül. Termékeink a kutya elődje, a farkas táplálkozását alapul véve készülnek, így lehetővé teszik az állat igényeinek teljes mértékben megfelelő táplálást. Ez a receptúra 65% kiváló minőségű lazacból, 35% gyümölcsből és zöldségből, valamint értékes összetevőkből áll, 0% hozzáadott gabonával. Kiváló állati fehérjeforrásként többek között friss lazacot, szénhidrátforrásként pedig édesburgonyát tartalmaz. A receptúrát értékes lazacolaj egészíti ki, amely nélkülözhetetlen omega-3 zsírsavakat biztosít. A Real Nature WILDERNESS természetes nyersanyagokat tartalmaz táplálkozás-élettani szempontból értékes vitaminokkal – garantáltan hozzáadott cukor, szója, tartósítószerek, színezékek és aromaanyagok nélkül. Teljes értékű eledel kifejlett kutyáknak 11–24 hónapos kortól (a kutya termetétől függően). Összetétel: lazacfehérje (29%), friss lazac (29%), édesburgonya (18%), lazacolaj (7%), almapép (4%), borsófehérje (4%), kókuszdióolaj (2%), lignocellulóz (2%), lenmag (2%), hidrolizált élesztőfehérje (2%), spenót (0,5%), állati szövetből kinyert glükózamin (0,03%), kondroitin-szulfát (0,021%), mannán-oligoszacharidok (0,018%), frukto-oligoszacharidok (0,012%), Yucca schidigera (0,012%), rozmaring (0,005%), kakukkfű (0,005%), édeskömény (0,005%), ánizs (0,005%). Nyomokban egyéb összetevőket is tartalmazhat. Analitikai összetevők: fehérje 27%, zsírtartalom 15%, nyershamu 5,8%, nyersrost 3,4%, kalcium 0,9%, foszfor 0,6% Adalékanyagok/kg: tápértékkel rendelkező adalékanyagok: A-vitamin 20000 NE, D3-vitamin 1500 NE, E-vitamin 500 mg, Biotin (3a880) 0,6 mg, vas 3b106) 70 mg, réz (3b406) 15 mg, jód (3b201) 0,65 mg, mangán (3b504) 35 mg, szelén (3b810) 0,18 mg, cink (3b606) 80 mg Tovább olvasok"}
{"breadcrumb": "Főoldal/Kutya/Eledelek/Jutalomfalatok&rágcsák/Real Nature Wilderness Pure Snack kutya jutalomfalat lóhús 150g", "product_name": "Real Nature Wilderness Pure Snack kutya jutalomfalat lóhús 150gReal Nature Wilderness Pure Snack kutya jutalomfalat lóhús 150g", "brand": "Real NatureWilderness101g – 200gFelnőttlószárított&természetes", "regular_price": "2399", "selling_price": "", "price_per_unit": "1 kg=15993 Ft", "product_url": "https://webshop.fressnapf.hu/termekek/real-nature-wilderness-pure-snack-kutya-jutalomfalat-lohus-150g/", "product_description": "Ízletes, légszárítással készült rágcsakeverék Hozzáadott gabona nélkül – ideális táplálékintolerancia esetén Természetes, fajnak megfelelő rágcsálnivaló főétkezések közötti „nassoláshoz” A REAL NATURE WILDERNESS Pure Snack 100% lóból készül és nem tartalmaz mesterséges tartósítószereket, színezékeket és aromákat. A REAL NATURE WILDERNESS kutyája természetéhez igazodik. A REAL NATURE WILDERNESS a kutyák ősének, azaz a farkasnak a táplálkozását veszi alapul, és lehetővé teszi, hogy kedvencét úgy táplálja, ahogy az a faj igényeit a leginkább kielégíti – emellett a táplálékra érzékeny kutyáknak is bátran adható. Az előnyök áttekintése: Ízletes, légszárítással készült rágcsakeverék Hozzáadott gabona nélkül – ideális táplálékintolerancia esetén Nem tartalmaz mesterséges tartósítószereket, színezékeket és aromákat Természetes, fajnak megfelelő rágcsálnivaló főétkezések közötti „nassoláshoz” Bővebb információk a következő címen kérhetők: webshop@fressnapf.hu Analitikai összetevők Lóinak: 85,0% fehérje, 5,0% zsírtartalom. Ló légcső: 76,0% fehérje, 34,29% zsírtartalom. Lótüdő: 76,3% fehérje, 6,7% zsírtartalom Lószív: 76,3% fehérje, 3,6% zsírtartalom Lózúza: 85,0% fehérje, 2,7% zsírtartalom Ló aorta: 77,0% fehérje, 12,8% zsírtartalom Összetétel Lóinak, -légcső, -tüdő, -szív, zúza, aorta. Adalékanyag/kg Nincs Táplálási javaslat Jutalomfalat a fő eledel kiegészítéseként. Szükség szerint csökkenteni kell a fő eledel mennyiségét. Ne használja önálló eledelként. Javasolt a fogyasztás közben felügyelni az állatot. Mindig álljon rendelkezésre friss ivóvíz. Hűvös és száraz helyen tárolja. Tovább olvasok"}
{"breadcrumb": "Főoldal/Kutya/Eledelek/Jutalomfalatok&rágcsák/Real Nature Wilderness Pure Snack kutya jutalomfalat marhafül szőrrel 1db", "product_name": "Real Nature Wilderness Pure Snack kutya jutalomfalat marhafül szőrrel 1dbReal Nature Wilderness Pure Snack kutya jutalomfalat marhafül szőrrel 1db", "brand": "Real NatureWildernessFelnőttmarha&borjúszárított&természetes", "regular_price": "1199", "selling_price": "", "price_per_unit": "1 DB=1199 Ft", "product_url": "https://webshop.fressnapf.hu/termekek/real-nature-wilderness-pure-snack-kutya-jutalomfalat-marhaful-szorrel-1db/", "product_description": "Levegőn szárított ízletes snack – ideális táplálékintolerancia esetén Nem tartalmaz mesterséges tartósítószereket, színezékeket és aromákat Természetes, fajnak megfelelő rágcsálnivaló főétkezések közötti „nassoláshoz” A REAL NATURE WILDERNESS Pure Snacks nem tartalmaz mesterséges tartósítószereket, színezékeket és aromákat. A REAL NATURE WILDERNESS kutyája természetéhez igazodik. A REAL NATURE WILDERNESS a kutyák ősének, azaz a farkasnak a táplálkozását veszi alapul, és lehetővé teszi, hogy kedvencét úgy táplálja, ahogy az a faj igényeit a leginkább kielégíti – emellett a táplálékra érzékeny kutyáknak is bátran adható. Az előnyök áttekintése: Ízletes, légszárítással készült rágcsakeverék Hozzáadott gabona nélkül Ideális táplálékintolerancia esetén Nem tartalmaz mesterséges tartósítószereket, színezékeket és aromákat Természetes, fajnak megfelelő rágcsálnivaló főétkezések közötti „nassoláshoz” Egykomponensű eledel kifejlett kutyáknak. Bővebb információk a következő címen kérhetők: webshop@fressnapf.hu Analitikai összetevők 66,5% fehérje, 9,5% zsírtartalom, 7,8% nyershamu, 3,2% nyersrost. (A megadott adatok a természetes termékeknél általában eltérőek lehetnek.) Nyomokban tartalmazhat egyéb összetevőket. Összetétel 100% marhafül Adalékanyag/kg Nincs. Táplálási javaslat Jutalomfalat a fő eledel kiegészítéseként. Szükség szerint csökkenteni kell a fő eledel mennyiségét. Nem használható önálló eledelként. Javasolt a fogyasztás közben felügyelni az állatot. Mindig álljon rendelkezésre friss ivóvíz. Hűvös és száraz helyen tárolja. Tovább olvasok"}
{"breadcrumb": "Főoldal/Kutya/Eledelek/Jutalomfalatok&rágcsák/Real Nature Wilderness Rocky Hills kutya jutalomfalat kecske&édesburgonya 225g", "product_name": "Real Nature Wilderness Rocky Hills kutya jutalomfalat kecske&édesburgonya 225gReal Nature Wilderness Rocky Hills kutya jutalomfalat kecske&édesburgonya 225g", "brand": "Real NatureWilderness201g – 400gFelnőttjuh&bárány&kecskeropogós falatok", "regular_price": "1699", "selling_price": "", "price_per_unit": "1 kg=7551 Ft", "product_url": "https://webshop.fressnapf.hu/termekek/real-nature-wilderness-kutya-jutalomfalat-rocky-hills-kecskeedesburgonya-225g/", "product_description": "Válogatott állati fehérjeforrásokkal, hozzáadott gabonafélék nélkül – ideális ételintolerancia esetén. Illatos zöldfűszerekkel ízesítve. Különösen ropogósra elkészítve. Összetétel: Kecskehúsliszt (46%), édesburgonya (16%), kecskefehérje (14%), sütőtök (14%), csirkezsír (4%), borsófehérje (2%), lenmag (1%), spenót (1%), repceolaj (1%), sárgarépa (0,67%), pitypang (0,05%), csalán (0,05%), körömvirág (0,05%), borsmenta (0,05%), csicsóka (0,025%), kakukkfű (0,025%), petrezselyem (0,025%), csicsóka (0,015%), áfonya (0,015%), édeskömény (0,015%), ujjhínár (0,01%). Analitikai összetevők: Fehérje 22%, zsírtartalom 10%, nyershamu 9,5%, nyersrost 2%. Tovább olvasok"}
{"breadcrumb": "Főoldal/Kutya/Eledelek/Száraz eledelek/Real Nature Wilderness száraz kutyaeledel adult csirke&hal 12kg", "product_name": "Real Nature Wilderness száraz kutyaeledel adult csirke&hal 12kgReal Nature Wilderness száraz kutyaeledel adult csirke&hal 12kg", "brand": "Real NatureWilderness10,1 – 12kgFelnőttszárnyasgabonamentes", "regular_price": "3 499", "selling_price": "2 999", "price_per_unit": "1 kg=2000 Ft", "product_url": "https://webshop.fressnapf.hu/termekek/real-nature-wilderness-pure-country-adult-chicken-with-fish-12kg/", "product_description": "70% minőségi csirkehúsból és halból, 30% gyümölcsből, zöldségből és gyógynövényekből, valamint 0% gabonából készül nem tartalmat tartósítószereket, aromákat és színezékeket egyetlen szénhidrátforrásként burgonyát tartalmaz A REAL NATURE WILDERNESS True Country Adult optimálisan illeszkedik bármilyen fajtájú és termetű kutya igényeihez, 11-24 hónapos kortól (a kutyamérettől függően). A REAL NATURE WILDERNESS kutyája természetéhez igazodik. A REAL NATURE WILDERNESS a kutyák ősének, azaz a farkasnak a táplálkozását veszi alapul, és lehetővé teszi, hogy kedvencét úgy táplálja, ahogy az a faj igényeit a leginkább kielégíti. A REAL NATURE WILDERNESS 70% minőségi csirkéből és halból, 30% gyümölcsből, zöldségből és értékes összetevőkből, illetve 0% hozzáadott gabonából készül. Burgonyát tartalmaz, továbbá friss csirkét minőségi állati fehérjeforrásként. Az értékes lazacolaj fontos kiegészítője a REAL NATURE WILDERNESS receptúráknak, mivel nélkülözhetetlen omega-3 zsírsavakat biztosít. A REAL NATURE WILDERNESS természetes összetevőket 1 kínál, amelyeket táplálkozásfiziológiailag fontos és értékes vitaminok és ásványi anyagok egészítenek ki – garantáltan mesterséges tartósítószerek, színezékek, aromák vagy emulgeálószerek hozzáadása nélkül. A REAL NATURE WILDERNESS száraz eledel állati összetevőinek aránya 70%. Az állati fehérje különösen értékes a kutyája számára, mivel ez a biológiailag jól hasznosítható aminosavak fő forrása. Ez azt jelenti, hogy a kutyája különösen sokat kap abból, amire a szervezetének szüksége van. Ezt a lazacolaj értékes Omega-3-zsírsavai egészítik ki. A gabona helyett burgonyát tartalmaz könnyen emészthető szénhidrátforrásként. Az előnyök áttekintése: 70% minőségi csirkehús és hal 30% gyümölcs, zöldség és értékes összetevők 0% gabona –  a burgonya szolgál egyedüli szénhidrátforrásként a farkas táplálkozását alapul vevő, fajnak megfelelő eledel magas hústartalommal 100%-ban természetes 1 – tartósítószerek, aromák és színezékek nélkül a kutya életszakaszaihoz igazítva (Junior / Adult) A REAL NATURE WILDERNESS True Country Csirkével és Hallal teljes értékű eledel bármilyen fajtájú és termetű, kifejlett kutya számára 11-24 hónapos korig (a kutya méretétől függően). Bővebb információk a következő címen kérhetők: webshop@fressnapf.hu 1 a válogatott alapanyagokban. Analitikai összetevők 37% fehérje, 20% zsírtartalom, 8,2% nyershamu, 2,8% nyersrost, 1,7% kalcium, 1,2% foszfor, 0,44% omega-3-zsírsavak. Összetétel friss csirkehús (24%), csirkefehérje (18%), burgonya (12%), burgonyaliszt (10%), csirkezsír (6%), hidrolizált csirkefehérje, (4%), friss kacsahús (4%), friss lazac (4%), hering (4%), alma (4%), friss csirkemáj (3%), lazacolaj (3%), sárgarépa (1%), spenót (1%), borsó (1%), glükózamin-szulfát, kondrotin-szulfát, mannán-oligoszacharidok, frukto-oligoszacharidok, Yucca schidigera, tőzegáfonya, rozmaring, útifűmaghéj, algák, kakukkfű, borsmenta, gyermekláncfű (0,0012%), petrezselyem. Adalékanyag/kg 20000 NE A-vitamin, 1500 NE D3-vitamin, 15 mg réz (aminosav-rézkelát, hidrát), 72 mg vas (vas(II)-szulfát, monohidrát), 0,65 mg jód (kálium-jodid), 35 mg mangán (mangán(II)-oxid), 0,25 mg szelén (CNCM I-3060 saccharomyces cerevisiae-ból, inaktivált szelénélesztőből származó szerves szelén), 80 mg cink (aminosav-cinkkelát, hidrát). Táplálási javaslat A kutya súlya kg-ban Napi adagolás g-ban 10 125 g 20 205 g 30 280 g 40 345 g 50 405 g 60 470 g 70 525 g 80 580 g A csomagoláson megadott értékek irányadó értékek. A tényleges tápanyagigény a fajtától, az életkortól és az aktivitástól függ. Mindig álljon rendelkezésre friss ivóvíz. Jutalomfalatok hozzáadása esetén ennek megfelelően csökkentse a táp mennyiségét. Tovább olvasok"}
{"breadcrumb": "Főoldal/Kutya/Eledelek/Száraz eledelek/Real Nature Wilderness száraz kutyaeledel adult csirke&hal 4kg", "product_name": "Real Nature Wilderness száraz kutyaeledel adult csirke&hal 4kgReal Nature Wilderness száraz kutyaeledel adult csirke&hal 4kg", "brand": "Real NatureWilderness1,1kg – 4kgFelnőttszárnyasgabonamentes", "regular_price": "11 499", "selling_price": "9 999", "price_per_unit": "1 kg=3000 Ft", "product_url": "https://webshop.fressnapf.hu/termekek/real-nature-wilderness-pure-country-adult-chicken-with-fish-4kg/", "product_description": "70% minőségi csirkehúsból és halból, 30% gyümölcsből, zöldségből és gyógynövényekből, valamint 0% gabonából készül nem tartalmat tartósítószereket, aromákat és színezékeket egyetlen szénhidrátforrásként burgonyát tartalmaz A REAL NATURE WILDERNESS True Country Adult optimálisan illeszkedik bármilyen fajtájú és termetű kutya igényeihez, 11-24 hónapos kortól (a kutyamérettől függően). A REAL NATURE WILDERNESS kutyája természetéhez igazodik. A REAL NATURE WILDERNESS a kutyák ősének, azaz a farkasnak a táplálkozását veszi alapul, és lehetővé teszi, hogy kedvencét úgy táplálja, ahogy az a faj igényeit a leginkább kielégíti. A REAL NATURE WILDERNESS 70% minőségi csirkéből és halból, 30% gyümölcsből, zöldségből és értékes összetevőkből, illetve 0% hozzáadott gabonából készül. Burgonyát tartalmaz, továbbá friss csirkét minőségi állati fehérjeforrásként. Az értékes lazacolaj fontos kiegészítője a REAL NATURE WILDERNESS receptúráknak, mivel nélkülözhetetlen omega-3 zsírsavakat biztosít. A REAL NATURE WILDERNESS természetes összetevőket 1 kínál, amelyeket táplálkozásfiziológiailag fontos és értékes vitaminok és ásványi anyagok egészítenek ki – garantáltan mesterséges tartósítószerek, színezékek, aromák vagy emulgeálószerek hozzáadása nélkül. A REAL NATURE WILDERNESS száraz eledel állati összetevőinek aránya 70%. Az állati fehérje különösen értékes a kutyája számára, mivel ez a biológiailag jól hasznosítható aminosavak fő forrása. Ez azt jelenti, hogy a kutyája különösen sokat kap abból, amire a szervezetének szüksége van. Ezt a lazacolaj értékes Omega-3-zsírsavai egészítik ki. A gabona helyett burgonyát tartalmaz könnyen emészthető szénhidrátforrásként. Az előnyök áttekintése: 70% minőségi csirkehús és hal 30% gyümölcs, zöldség és értékes összetevők 0% gabona –  a burgonya szolgál egyedüli szénhidrátforrásként a farkas táplálkozását alapul vevő, fajnak megfelelő eledel magas hústartalommal 100%-ban természetes 1 – tartósítószerek, aromák és színezékek nélkül a kutya életszakaszaihoz igazítva (Junior / Adult) A REAL NATURE WILDERNESS True Country Csirkével és Hallal teljes értékű eledel bármilyen fajtájú és termetű, kifejlett kutya számára 11-24 hónapos korig (a kutya méretétől függően). Bővebb információk a következő címen kérhetők: webshop@fressnapf.hu 1 a válogatott alapanyagokban. Analitikai összetevők 37% fehérje, 20% zsírtartalom, 8,2% nyershamu, 2,8% nyersrost, 1,7% kalcium, 1,2% foszfor, 0,44% omega-3-zsírsavak. Összetétel friss csirkehús (24%), csirkefehérje (18%), burgonya (12%), burgonyaliszt (10%), csirkezsír (6%), hidrolizált csirkefehérje, (4%), friss kacsahús (4%), friss lazac (4%), hering (4%), alma (4%), friss csirkemáj (3%), lazacolaj (3%), sárgarépa (1%), spenót (1%), borsó (1%), glükózamin-szulfát, kondrotin-szulfát, mannán-oligoszacharidok, frukto-oligoszacharidok, Yucca schidigera, tőzegáfonya, rozmaring, útifűmaghéj, algák, kakukkfű, borsmenta, gyermekláncfű (0,0012%), petrezselyem. Adalékanyag/kg 20000 NE A-vitamin, 1500 NE D3-vitamin, 15 mg réz (aminosav-rézkelát, hidrát), 72 mg vas (vas(II)-szulfát, monohidrát), 0,65 mg jód (kálium-jodid), 35 mg mangán (mangán(II)-oxid), 0,25 mg szelén (CNCM I-3060 saccharomyces cerevisiae-ból, inaktivált szelénélesztőből származó szerves szelén), 80 mg cink (aminosav-cinkkelát, hidrát). Táplálási javaslat A kutya súlya kg-ban Napi adagolás g-ban 10 125 g 20 205 g 30 280 g 40 345 g 50 405 g 60 470 g 70 525 g 80 580 g A csomagoláson megadott értékek irányadó értékek. A tényleges tápanyagigény a fajtától, az életkortól és az aktivitástól függ. Mindig álljon rendelkezésre friss ivóvíz. Jutalomfalatok hozzáadása esetén ennek megfelelően csökkentse a táp mennyiségét. Tovább olvasok"}
{"breadcrumb": "Főoldal/Kutya/Eledelek/Száraz eledelek/Real Nature Wilderness száraz kutyaeledel adult Dark Fjord gímszarvas&lazac 12kg", "product_name": "Real Nature Wilderness száraz kutyaeledel adult Dark Fjord gímszarvas&lazac 12kgReal Nature Wilderness száraz kutyaeledel adult Dark Fjord gímszarvas&lazac 12kg", "brand": "Real NatureWilderness10,1 – 12kgFelnőttegzotikusgabonamentes", "regular_price": "9 999", "selling_price": "8 999", "price_per_unit": "1 kg=2000 Ft", "product_url": "https://webshop.fressnapf.hu/termekek/real-nature-wilderness-kutya-szarazeledel-renszarvas-lazac-kacsa-12kg/", "product_description": "A Real Nature WILDERNESS a kutya természetét szem előtt tartva készül. Termékeink a kutya elődje, a farkas táplálkozását alapul véve készülnek, így lehetővé teszik az állat igényeinek teljes mértékben megfelelő táplálást. Ez a receptúra 70% kiváló minőségű gímszarvasból, lazacból és kacsából, valamint 30% gyümölcsből, zöldségből és értékes összetevőkből áll, gabonatartalma 0%. Kiváló minőségű állati fehérjeforrásként többek között friss lazacot tartalmaz. A receptúrát kiváló minőségű lazacolaj egészíti ki, amely a nélkülözhetetlen omega-3 zsírsavakat biztosítja. A Real Nature WILDERNESS természetes alapanyagokat tartalmaz táplálkozás-élettani szempontból értékes vitaminokkal és ásványi anyagokkal kiegészítve – garantáltan mentes a hozzáadott cukortól, mesterséges tartósítószerektől, színezékektől és aromaanyagoktól. Teljes értékű eledel kifejlett kutyáknak 11–24 hónapos kortól (a kutya termetétől függően). Összetétel: gímszarvasfehérje (30%), borsó (22%), friss lazac (20%), lazacfehérje (10%), kacsazsír (5%), lazacolaj (5%), almapép (5%), sárgarépa (1%), spenót (1%), glükózamin (0,026%), kondroitin-szulfát (0,018%), mannán-oligoszacharidok (0,015%), frukto-oligoszacharidok (0,01%), Yucca schidigera por (0,01%), tőzegáfonya (0,005%), rozmaring (0,004%), útifűmaghéj és mag (0,002%), algák (Ascophyllum nodosum, 0,002%), kakukkfű (0,001%), borsmenta (0,001%), gyermekláncfű (0,001%), petrezselyem (0,001%). Nyomokban egyéb összetevőket is tartalmazhat. Analitikai összetevők: fehérje 27%, zsírtartalom 18%, nyershamu 8,2%, nyersrost 2,8%, kalcium 1,8%, foszfor 1,3%. Adalékanyagok/kg: tápértékkel rendelkező adalékanyagok: A-vitamin 20000 NE, D3-vitamin 1500 NE, E-vitamin 500mg, B2-vitamin 4mg, vas (3b106) 72mg, réz (3b406) 15mg, jód (3b201) 0,65mg, mangán (3b504) 35mg, szelén (3b810) 0,25mg, cink (3b606) 80mg. Tovább olvasok"}
{"breadcrumb": "Főoldal/Kutya/Eledelek/Száraz eledelek/Real Nature Wilderness száraz kutyaeledel adult Dark Fjord gímszarvas&lazac 1kg", "product_name": "Real Nature Wilderness száraz kutyaeledel adult Dark Fjord gímszarvas&lazac 1kgReal Nature Wilderness száraz kutyaeledel adult Dark Fjord gímszarvas&lazac 1kg", "brand": "Real NatureWilderness801g – 1kgFelnőttegzotikusgabonamentes", "regular_price": "3 699", "selling_price": "3 499", "price_per_unit": "1 kg=3499 Ft", "product_url": "https://webshop.fressnapf.hu/termekek/real-nature-wilderness-kutya-szarazeledel-renszarvas-lazac-kacsa-1kg/", "product_description": "A Real Nature WILDERNESS a kutya természetét szem előtt tartva készül. Termékeink a kutya elődje, a farkas táplálkozását alapul véve készülnek, így lehetővé teszik az állat igényeinek teljes mértékben megfelelő táplálást. Ez a receptúra 70% kiváló minőségű gímszarvasból, lazacból és kacsából, valamint 30% gyümölcsből, zöldségből és értékes összetevőkből áll, gabonatartalma 0%. Kiváló minőségű állati fehérjeforrásként többek között friss lazacot tartalmaz. A receptúrát kiváló minőségű lazacolaj egészíti ki, amely a nélkülözhetetlen omega-3 zsírsavakat biztosítja. A Real Nature WILDERNESS természetes alapanyagokat tartalmaz táplálkozás-élettani szempontból értékes vitaminokkal és ásványi anyagokkal kiegészítve – garantáltan mentes a hozzáadott cukortól, mesterséges tartósítószerektől, színezékektől és aromaanyagoktól. Teljes értékű eledel kifejlett kutyáknak 11–24 hónapos kortól (a kutya termetétől függően). Összetétel: gímszarvasfehérje (30%), borsó (22%), friss lazac (20%), lazacfehérje (10%), kacsazsír (5%), lazacolaj (5%), almapép (5%), sárgarépa (1%), spenót (1%), glükózamin (0,026%), kondroitin-szulfát (0,018%), mannán-oligoszacharidok (0,015%), frukto-oligoszacharidok (0,01%), Yucca schidigera por (0,01%), tőzegáfonya (0,005%), rozmaring (0,004%), útifűmaghéj és mag (0,002%), algák (Ascophyllum nodosum, 0,002%), kakukkfű (0,001%), borsmenta (0,001%), gyermekláncfű (0,001%), petrezselyem (0,001%). Nyomokban egyéb összetevőket is tartalmazhat. Analitikai összetevők: fehérje 27%, zsírtartalom 18%, nyershamu 8,2%, nyersrost 2,8%, kalcium 1,8%, foszfor 1,3%. Adalékanyagok/kg: tápértékkel rendelkező adalékanyagok: A-vitamin 20000 NE, D3-vitamin 1500 NE, E-vitamin 500mg, B2-vitamin 4mg, vas (3b106) 72mg, réz (3b406) 15mg, jód (3b201) 0,65mg, mangán (3b504) 35mg, szelén (3b810) 0,25mg, cink (3b606) 80mg. Tovább olvasok"}
{"breadcrumb": "Főoldal/Kutya/Eledelek/Száraz eledelek/Real Nature Wilderness száraz kutyaeledel adult Dark Fjord gímszarvas&lazac 4kg", "product_name": "Real Nature Wilderness száraz kutyaeledel adult Dark Fjord gímszarvas&lazac 4kgReal Nature Wilderness száraz kutyaeledel adult Dark Fjord gímszarvas&lazac 4kg", "brand": "Real NatureWilderness1,1kg – 4kgFelnőttegzotikusgabonamentes", "regular_price": "11 499", "selling_price": "9 999", "price_per_unit": "1 kg=3000 Ft", "product_url": "https://webshop.fressnapf.hu/termekek/real-nature-wilderness-kutya-szarazeledel-renszarvas-lazac-kacsa-4kg/", "product_description": "A Real Nature WILDERNESS a kutya természetét szem előtt tartva készül. Termékeink a kutya elődje, a farkas táplálkozását alapul véve készülnek, így lehetővé teszik az állat igényeinek teljes mértékben megfelelő táplálást. Ez a receptúra 70% kiváló minőségű gímszarvasból, lazacból és kacsából, valamint 30% gyümölcsből, zöldségből és értékes összetevőkből áll, gabonatartalma 0%. Kiváló minőségű állati fehérjeforrásként többek között friss lazacot tartalmaz. A receptúrát kiváló minőségű lazacolaj egészíti ki, amely a nélkülözhetetlen omega-3 zsírsavakat biztosítja. A Real Nature WILDERNESS természetes alapanyagokat tartalmaz táplálkozás-élettani szempontból értékes vitaminokkal és ásványi anyagokkal kiegészítve – garantáltan mentes a hozzáadott cukortól, mesterséges tartósítószerektől, színezékektől és aromaanyagoktól. Teljes értékű eledel kifejlett kutyáknak 11–24 hónapos kortól (a kutya termetétől függően). Összetétel: gímszarvasfehérje (30%), borsó (22%), friss lazac (20%), lazacfehérje (10%), kacsazsír (5%), lazacolaj (5%), almapép (5%), sárgarépa (1%), spenót (1%), glükózamin (0,026%), kondroitin-szulfát (0,018%), mannán-oligoszacharidok (0,015%), frukto-oligoszacharidok (0,01%), Yucca schidigera por (0,01%), tőzegáfonya (0,005%), rozmaring (0,004%), útifűmaghéj és mag (0,002%), algák (Ascophyllum nodosum, 0,002%), kakukkfű (0,001%), borsmenta (0,001%), gyermekláncfű (0,001%), petrezselyem (0,001%). Nyomokban egyéb összetevőket is tartalmazhat. Analitikai összetevők: fehérje 27%, zsírtartalom 18%, nyershamu 8,2%, nyersrost 2,8%, kalcium 1,8%, foszfor 1,3%. Adalékanyagok/kg: tápértékkel rendelkező adalékanyagok: A-vitamin 20000 NE, D3-vitamin 1500 NE, E-vitamin 500mg, B2-vitamin 4mg, vas (3b106) 72mg, réz (3b406) 15mg, jód (3b201) 0,65mg, mangán (3b504) 35mg, szelén (3b810) 0,25mg, cink (3b606) 80mg. Tovább olvasok"}
{"breadcrumb": "Főoldal/Kutya/Eledelek/Száraz eledelek/Real Nature Wilderness száraz kutyaeledel adult Golden Peak liba&kacsa 1kg", "product_name": "Real Nature Wilderness száraz kutyaeledel adult Golden Peak liba&kacsa 1kgReal Nature Wilderness száraz kutyaeledel adult Golden Peak liba&kacsa 1kg", "brand": "Real NatureWilderness801g – 1kgFelnőttszárnyasközepes testű 11-25kg", "regular_price": "4 299", "selling_price": "3 999", "price_per_unit": "1 kg=3999 Ft", "product_url": "https://webshop.fressnapf.hu/termekek/real-nature-wilderness-kutya-szarazeledel-adult-golden-peak-libakacsa-1kg/", "product_description": "60% baromfiból, 40% gyümölcsből és zöldségből, illetve 0% gabonából készül Nem tartalmat tartósítószereket, aromákat és színezékeket Friss libahússal minőségi állati fehérjeforrásként A REAL NATURE WILDERNESS Golden Peak Adult Liba & Kacsa optimálisan illeszkedik bármilyen fajtájú és termetű kutya igényeihez, 11-24 hónapos kórtól. A REAL NATURE WILDERNESS kutyája természetéhez igazodik. A Real Nature WILDERNESS a kutyák ősének, azaz a farkasnak a táplálkozását veszi alapul, és lehetővé teszi, hogy kedvencét úgy táplálja, ahogy az a faj igényeit a leginkább kielégíti. A REAL NATURE WILDERNESS 60% liba-, kacsa- és baromfihúsból, 40% gyümölcsből, zöldségből és értékes összetevőkből, illetve 0% hozzáadott gabonából és burgonyából készül. Édesburgonyát tartalmaz, valamint friss libahús minőségi állati fehérjeforrásként. A Real Nature WILDERNESS természetes összetevőket kínál*, amelyeket táplálkozásfiziológiailag hasznos és értékes vitaminok és ásványi anyagok egészítenek ki – garantáltan mesterséges tartósítószerek, színezékek, aromák emulgeálószerek és cukor hozzáadása nélkül. Az előnyök áttekintése: 60% baromfihús minőségi állati fehérjeforrásként 40% gyümölcs, zöldség és értékes összetevők 0% gabona A farkas táplálkozását alapul vevő, fajnak megfelelő eledel Magas hústartalommal *a válogatott alapanyagokban Analitikai összetevők 30,1% fehérje, 16,4% zsírtartalom, 8,7% nyershamu, 3,45% nyersrost, 2% kalcium, 1,35% foszfor. Összetétel libafehérje (20%), kacsafehérje (17%), édesburgonya (12,5%), friss libahús (12%), édesburgonyaliszt (10,45%), csicseriborsó (10%), kacsazsír (9%), hidrolizált baromfifehérje (2%), hidrolizált baromfimáj (1%), sárgarépa (1%), spenót (1%), tökliszt (1%), banánliszt (1%), szárított algák (Ascophyllum nodosum), mannán-oligoszacharidok, frukto-oligoszacharidok, vörös áfonya, szeder, málna (0,1%), fekete áfonya, moringa, ginzeng, galagonya, paradicsom, törpeberkenye, bodza, fekete ribizli, csicsóka, útifűmaghéj, majoránna, kakukkfű, borsmenta, gyermekláncfű, csalán, rozmaring (0,02%), petrezselyem, glükózamin, yucca schidigera, kondroitin-szulfát. Nyomokban tartalmazhat egyéb összetevőket. Adalékanyag/kg Táplálkozásfiziológiai adalékanyagok: 18000 NE A-vitamin, 1800 NE D3-vitamin, 16 mg réz (réz(II)-szulfát, pentahidrát), 91 mg vas (vas(II)-szulfát, monohidrát), 1,4 mg jód (kálium-jodid), 33 mg mangán (mangán(II)-oxid), 0,33 mg szelén (nátrium-szelenit), 160 mg cink (cink-szulfát, monohidrát). Táplálási javaslat A kutya testsúlya Napi adag 5 kg 75 g 10 kg 130 g 20 kg 215 g 30 kg 295 g 40 kg 365 g 50 kg 430 g 60 kg 495 g 70 kg 555 g 80 kg 610 g A megadott adatok irányadó értékek. A tényleges tápanyagigény a fajtától, az életkortól és az aktivitástól függ. Jutalomfalatok hozzáadása esetén ennek megfelelően csökkentse a táp mennyiségét. Mindig álljon rendelkezésre friss ivóvíz. Tovább olvasok"}
{"breadcrumb": "Főoldal/Kutya/Eledelek/Száraz eledelek/Real Nature Wilderness száraz kutyaeledel adult halas 12kg", "product_name": "Real Nature Wilderness száraz kutyaeledel adult halas 12kgReal Nature Wilderness száraz kutyaeledel adult halas 12kg", "brand": "Real NatureWilderness10,1 – 12kgFelnőtthal&tenger gyümölcseigabonamentes", "regular_price": "9 999", "selling_price": "8 999", "price_per_unit": "1 kg=2000 Ft", "product_url": "https://webshop.fressnapf.hu/termekek/real-nature-wilderness-fresh-water-adult-fish-12kg/", "product_description": "A Real Nature WILDERNESS a kutya természetét szem előtt tartva készül. Termékeink a kutya elődje, a farkas táplálkozását alapul véve készülnek, így lehetővé teszik az állat igényeinek teljes mértékben megfelelő táplálást. Ez a receptúra 70% kiváló minőségű halból, 30% gyümölcsből és zöldségből, valamint értékes összetevőkből áll, gabonatartalma 0%. Kiváló állati fehérjeforrásként többek között friss lazacot, szénhidrátforrásként pedig burgonyát tartalmaz. A receptúrát értékes lazacolaj egészíti ki, amely a nélkülözhetetlen omega-3 zsírsavakat biztosítja. A Real Nature WILDERNESS természetes alapanyagokat tartalmaz táplálkozás-élettani szempontból értékes vitaminokkal és ásványi anyagokkal kiegészítve – garantáltan mentes a hozzáadott cukortól, mesterséges tartósítószerektől színezékektől és aromaanyagoktól. Teljes értékű eledel kifejlett kutyáknak 11–24 hónapos kortól (a kutya termetétől függően). Összetétel: lazacliszt (24%), keszegből készült halliszt (22%), friss lazac (20%), burgonya (12%), burgonyaliszt (7%), alma (5%), lazacolaj (4%), sárgarépa (2%), spenót (2%), borsó (1%), glükózamin-szulfát (0,026%), kondroitin-szulfát (0,016%), mannán-oligoszacharidok (0,015%), frukto-oligoszacharidok (0,012%), Yucca Schidigera (0,01%), vörös áfonya (0,005%), rozmaring (0,004%), tengeri alga (0,002%), spirulina alga (0,0018%), útifűmaghéj (0,0016%), alga (Ascophyllum nodosum, 0,0014%), kakukkfű (0,0012%), gyermekláncfű (0,001%). Nyomokban egyéb összetevőket is tartalmazhat. Analitikai összetevők: fehérje 32%, zsírtartalom 16%, nyershamu 7,6%, nyersrost 3,4%, kalcium 1,2%, foszfor 0,9%. Adalékanyagok/kg: tápértékkel rendelkező adalékanyagok: A-vitamin 20000 NE, D3-vitamin 1500 NE, E-vitamin 500mg, B2-vitamin 3,8mg, vas (3b106) 72mg, réz (3b406) 15mg, jód (3b201) 0,65mg, mangán (3b504) 35mg, szelén (3b810) 0,25mg, cink (3b606) 80mg. Tovább olvasok"}
{"breadcrumb": "Főoldal/Kutya/Eledelek/Száraz eledelek/Real Nature Wilderness száraz kutyaeledel adult halas 1kg", "product_name": "Real Nature Wilderness száraz kutyaeledel adult halas 1kgReal Nature Wilderness száraz kutyaeledel adult halas 1kg", "brand": "Real NatureWilderness801g – 1kgFelnőtthal&tenger gyümölcseigabonamentes", "regular_price": "3 699", "selling_price": "3 499", "price_per_unit": "1 kg=3499 Ft", "product_url": "https://webshop.fressnapf.hu/termekek/real-nature-wilderness-fresh-water-adult-fish-1kg/", "product_description": "70% minőségi hallal, 30% gyümölccsel, zöldséggel és gyógynövényekkel, valamint 0% gabonával Nem tartalmat tartósítószereket, aromákat és színezékeket Friss hallal egyedüli állati fehérjeforrásként A REAL NATURE WILDERNESS Fresh Water Adult Hal optimálisan illeszkedik bármilyen fajtájú és termetű kutya igényeihez, 11-24 hónapos kórtól. A REAL NATURE WILDERNESS kutyája természetéhez igazodik. A REAL NATURE WILDERNESS a kutyák ősének, azaz a farkasnak a táplálkozását veszi alapul, és lehetővé teszi, hogy kedvencét úgy táplálja, ahogy az a faj igényeit a leginkább kielégíti. A REAL NATURE WILDERNESS Fresh Water 70% minőségi halból, 30% gyümölcsből, zöldségből és gyógynövényekből, illetve 0% gabonából 1 készül. Szénhidrátforrásként burgonyát tartalmaz, egyetlen állati fehérjeforrásként pedig friss halat. Az értékes lazacolaj fontos kiegészítője a Real Nature WILDERNESS receptúráknak, mivel nélkülözhetetlen zsírsavakat biztosít. A REAL NATURE WILDERNESS 100%-ban természetes 2 , azaz nem tartalmaz tartósítószereket, aromákat és színezékeket. A REAL NATURE WILDERNESS száraz eledel állati összetevőinek aránya 70%. Az állati fehérje különösen értékes a kutyája számára, mivel ez a biológiailag jól hasznosítható aminosavak fő forrása. Ez azt jelenti, hogy a kutyája különösen sokat kap abból, amire a szervezetének szüksége van. A gabona helyett burgonyát tartalmaz könnyen emészthető szénhidrátforrásként. Emellett a REAL NATURE WILDERNESS Fresh Water válogatott gyümölcs- és zöldségfajtákat, valamint gyógynövényeket is tartalmaz. Az előnyök áttekintése: 70% minőségi hal egyedüli állati fehérjeforrásként 30% gyümölcs, zöldség és gyógynövények 0% gabona A farkas táplálkozását alapul vevő, fajnak megfelelő eledel Nagy arányban tartalmaz állati fehérjét 100%-ban természetes 2 – tartósítószerek, aromák és színezékek nélkül A REAL NATURE WILDERNESS Wide Savannah Adult teljes értékű eledel bármilyen fajtájú és termetű, kifejlett kutya számára 11-24 hónapos korig (a kutya méretétől függően). Bővebb információk a következő címen kérhetők: webshop@fressnapf.hu 1 Nyomokban korábban gyártott termékek egyéb összetevőit is tartalmazhatja. 2 a felhasznált alapanyagokban. Analitikai összetevők 32% fehérje, 16% zsírtartalom, 7,6% nyershamu, 3,4% nyersrost, 1,2% kalcium, 0,9% foszfor, 0,86% omega-3-zsírsavak. Összetétel lazacliszt (24%), fehér húsú halliszt (22%), friss lazac (20%), burgonya (12%), burgonyaliszt (7%), alma (5%), lazacolaj (4%), sárgarépa (2%), spenót (2%), borsó (1%), glükózamin-szulfát, kondroitin-szulfát, mannán oligoszacharidok, frukto-oligoszacharidok, Yucca schidigera, vörös áfonya, rozmaring, tengeri algák (0,002%), spirulina, útifűmaghéj, algák (0,0014%), kakukkfű, gyermekláncfű. Nyomokban tartalmazhat egyéb összetevőket. Adalékanyag/kg Táplálkozásfiziológiai adalékanyagok: 20000 NE A-vitamin, 1500 NE D3-vitamin, 15 mg réz (aminosav-rézkelát, hidrát), 72 mg vas (vas(II)-szulfát, monohidrát), 0,65 mg jód (kálium-jodid), 35 mg mangán (mangán(II)-oxid), 0,25 mg szelén (CNCM I-3060 saccharomyces cerevisiae-ból (inaktivált szelénélesztőből) származó szerves szelén), 80 mg cink (aminosav-cinkkelát, hidrát). Táplálási javaslat A kutya testsúlya Napi adag 10 kg 130 g 20 kg 220 g 30 kg 295 g 40 kg 365 g 50 kg 430 g 60 kg 495 g 70 kg 555 g 80 kg 615 g A csomagoláson megadott értékek irányadó értékek. A tényleges táplálékszükséglet kutyája életkorától és aktivitásától függ. Tovább olvasok"}
{"breadcrumb": "Főoldal/Kutya/Eledelek/Száraz eledelek/Real Nature Wilderness száraz kutyaeledel adult halas 4kg", "product_name": "Real Nature Wilderness száraz kutyaeledel adult halas 4kgReal Nature Wilderness száraz kutyaeledel adult halas 4kg", "brand": "Real NatureWilderness1,1kg – 4kgFelnőtthal&tenger gyümölcseigabonamentes", "regular_price": "3 499", "selling_price": "2 999", "price_per_unit": "1 kg=3000 Ft", "product_url": "https://webshop.fressnapf.hu/termekek/real-nature-wilderness-fresh-water-adult-fish-4kg/", "product_description": "70% minőségi hallal, 30% gyümölccsel, zöldséggel és gyógynövényekkel, valamint 0% gabonával Nem tartalmat tartósítószereket, aromákat és színezékeket Friss hallal egyedüli állati fehérjeforrásként A REAL NATURE WILDERNESS Fresh Water Adult Hal optimálisan illeszkedik bármilyen fajtájú és termetű kutya igényeihez, 11-24 hónapos kórtól. A REAL NATURE WILDERNESS kutyája természetéhez igazodik. A REAL NATURE WILDERNESS a kutyák ősének, azaz a farkasnak a táplálkozását veszi alapul, és lehetővé teszi, hogy kedvencét úgy táplálja, ahogy az a faj igényeit a leginkább kielégíti. A REAL NATURE WILDERNESS Fresh Water 70% minőségi halból, 30% gyümölcsből, zöldségből és gyógynövényekből, illetve 0% gabonából 1 készül. Szénhidrátforrásként burgonyát tartalmaz, egyetlen állati fehérjeforrásként pedig friss halat. Az értékes lazacolaj fontos kiegészítője a Real Nature WILDERNESS receptúráknak, mivel nélkülözhetetlen zsírsavakat biztosít. A REAL NATURE WILDERNESS 100%-ban természetes 2 , azaz nem tartalmaz tartósítószereket, aromákat és színezékeket. A REAL NATURE WILDERNESS száraz eledel állati összetevőinek aránya 70%. Az állati fehérje különösen értékes a kutyája számára, mivel ez a biológiailag jól hasznosítható aminosavak fő forrása. Ez azt jelenti, hogy a kutyája különösen sokat kap abból, amire a szervezetének szüksége van. A gabona helyett burgonyát tartalmaz könnyen emészthető szénhidrátforrásként. Emellett a REAL NATURE WILDERNESS Fresh Water válogatott gyümölcs- és zöldségfajtákat, valamint gyógynövényeket is tartalmaz. Az előnyök áttekintése: 70% minőségi hal egyedüli állati fehérjeforrásként 30% gyümölcs, zöldség és gyógynövények 0% gabona A farkas táplálkozását alapul vevő, fajnak megfelelő eledel Nagy arányban tartalmaz állati fehérjét 100%-ban természetes 2 – tartósítószerek, aromák és színezékek nélkül A REAL NATURE WILDERNESS Wide Savannah Adult teljes értékű eledel bármilyen fajtájú és termetű, kifejlett kutya számára 11-24 hónapos korig (a kutya méretétől függően). Bővebb információk a következő címen kérhetők: webshop@fressnapf.hu 1 Nyomokban korábban gyártott termékek egyéb összetevőit is tartalmazhatja. 2 a felhasznált alapanyagokban. Analitikai összetevők 32% fehérje, 16% zsírtartalom, 7,6% nyershamu, 3,4% nyersrost, 1,2% kalcium, 0,9% foszfor, 0,86% omega-3-zsírsavak. Összetétel lazacliszt (24%), fehér húsú halliszt (22%), friss lazac (20%), burgonya (12%), burgonyaliszt (7%), alma (5%), lazacolaj (4%), sárgarépa (2%), spenót (2%), borsó (1%), glükózamin-szulfát, kondroitin-szulfát, mannán-oligoszacharidok, frukto-oligoszacharidok, Yucca schidigera, vörös áfonya, rozmaring, tengeri algák (0,002%), spirulina, útifűmaghéj, algák (0,0014%), kakukkfű, gyermekláncfű. Nyomokban tartalmazhat egyéb összetevőket. Adalékanyag/kg Táplálkozásfiziológiai adalékanyagok: 20000 NE A-vitamin, 1500 NE D3-vitamin, 15 mg réz (aminosav-rézkelát, hidrát), 72 mg vas (vas(II)-szulfát, monohidrát), 0,65 mg jód (kálium-jodid), 35 mg mangán (mangán(II)-oxid), 0,25 mg szelén (CNCM I-3060 saccharomyces cerevisiae-ból (inaktivált szelénélesztőből) származó szerves szelén), 80 mg cink (aminosav-cinkkelát, hidrát). Táplálási javaslat A kutya testsúlya Napi adag 10 kg 130 g 20 kg 220 g 30 kg 295 g 40 kg 365 g 50 kg 430 g 60 kg 495 g 70 kg 555 g 80 kg 615 g A csomagoláson megadott értékek irányadó értékek. A tényleges táplálékszükséglet kutyája életkorától és aktivitásától függ. Tovább olvasok"}
{"breadcrumb": "Főoldal/Kutya/Eledelek/Száraz eledelek/Real Nature Wilderness száraz kutyaeledel adult kecske&marha 12kg", "product_name": "Real Nature Wilderness száraz kutyaeledel adult kecske&marha 12kgReal Nature Wilderness száraz kutyaeledel adult kecske&marha 12kg", "brand": "Real NatureWilderness10,1 – 12kgFelnőttjuh&bárány&kecske", "regular_price": "11 499", "selling_price": "9 999", "price_per_unit": "1 kg=2000 Ft", "product_url": "https://webshop.fressnapf.hu/termekek/real-nature-wilderness-adult-kecskemarha-12kg/", "product_description": "A Real Nature WILDERNESS a kutya természetét szem előtt tartva készül. Termékeink a kutya elődje, a farkas táplálkozását alapul véve készülnek, így lehetővé teszik az állat igényeinek teljes mértékben megfelelő táplálást. Ez a receptúra 70% kiváló minőségű marhahúsból és kecskehúsból, valamint 30% gyümölcsből, zöldségből és értékes összetevőkből áll, gabonatartalma 0%. Kiváló állati fehérjeforrásként többek között friss marhát, szénhidrátforrásként pedig burgonyát tartalmaz. A receptúrát kiváló minőségű lazacolaj egészíti ki, amely a nélkülözhetetlen omega-3 zsírsavakat biztosítja. A Real Nature WILDERNESS természetes alapanyagokat tartalmaz táplálkozás-élettani szempontból értékes vitaminokkal és ásványi anyagokkal kiegészítve – garantáltan mentes a hozzáadott cukortól, mesterséges tartósítószerektől, színezékektől és aromaanyagoktól. Teljes értékű eledel kifejlett kutyáknak 11–24 hónapos kortól (a kutya termetétől függően). Összetétel: marhafehérje (30%), friss marhahús (20%), friss kecskehús (14%), burgonyapehely (10%), marhafaggyú (6%), borsó (5%), almapép (4,5%), fehérjehidrolizátum (élesztőből, 2%), kalcium-karbonát (2%), sárgarépa (1%), tök (1%), spenót (1%), lignocellulóz (1%), lazacolaj (1%), napraforgóolaj (0,5%), alga (Ascophyllum nodosum, 0,2%), kősó (0,2%), glükózamin (0,026%), kondroitin-szulfát (0,018%), mannán-oligoszacharidok (0,015%), frukto-oligoszacharidok (0,01%), Yucca schidigera por (0,01%), bodzabogyó (0,005%), fekete áfonya (0,005%), tőzegáfonya (0,005%), rozmaring (0,004%), útifűmaghéj és mag (0,002%), kakukkfű (0,001%), borsmenta (0,001%), gyermekláncfű (0,001%), petrezselyem (0,001%). Nyomokban egyéb összetevőket is tartalmazhat. Analitikai összetevők: fehérje 35%, zsírtartalom 18%, nyershamu 5,9%, nyersrost 2,5%, kalcium 1,1%, foszfor 0,7%. Adalékanyagok/kg: tápértékkel rendelkező adalékanyagok: A-vitamin 20000 NE, D3-vitamin 1500 NE, E-vitamin 500mg, B2-vitamin 4mg, vas (3b106) 72mg, réz (3b406) 15mg, jód (3b201) 0,65mg, mangán (3b504) 35mg, szelén (3b810) 0,25mg, cink (3b606) 80mg. Tovább olvasok"}
{"breadcrumb": "Főoldal/Kutya/Eledelek/Száraz eledelek/Real Nature Wilderness száraz kutyaeledel adult kecske&marha 1kg", "product_name": "Real Nature Wilderness száraz kutyaeledel adult kecske&marha 1kgReal Nature Wilderness száraz kutyaeledel adult kecske&marha 1kg", "brand": "Real NatureWilderness801g – 1kgFelnőttjuh&bárány&kecske", "regular_price": "3 699", "selling_price": "3 499", "price_per_unit": "1 kg=3499 Ft", "product_url": "https://webshop.fressnapf.hu/termekek/real-nature-wilderness-adult-kecskemarha-1kg/", "product_description": "A Real Nature WILDERNESS a kutya természetét szem előtt tartva készül. Termékeink a kutya elődje, a farkas táplálkozását alapul véve készülnek, így lehetővé teszik az állat igényeinek teljes mértékben megfelelő táplálást. Ez a receptúra 70% kiváló minőségű marhahúsból és kecskehúsból, valamint 30% gyümölcsből, zöldségből és értékes összetevőkből áll, gabonatartalma 0%. Kiváló állati fehérjeforrásként többek között friss marhát, szénhidrátforrásként pedig burgonyát tartalmaz. A receptúrát kiváló minőségű lazacolaj egészíti ki, amely a nélkülözhetetlen omega-3 zsírsavakat biztosítja. A Real Nature WILDERNESS természetes alapanyagokat tartalmaz táplálkozás-élettani szempontból értékes vitaminokkal és ásványi anyagokkal kiegészítve – garantáltan mentes a hozzáadott cukortól, mesterséges tartósítószerektől, színezékektől és aromaanyagoktól. Teljes értékű eledel kifejlett kutyáknak 11–24 hónapos kortól (a kutya termetétől függően). Összetétel: marhafehérje (30%), friss marhahús (20%), friss kecskehús (14%), burgonyapehely (10%), marhafaggyú (6%), borsó (5%), almapép (4,5%), fehérjehidrolizátum (élesztőből, 2%), kalcium-karbonát (2%), sárgarépa (1%), tök (1%), spenót (1%), lignocellulóz (1%), lazacolaj (1%), napraforgóolaj (0,5%), alga (Ascophyllum nodosum, 0,2%), kősó (0,2%), glükózamin (0,026%), kondroitin-szulfát (0,018%), mannán-oligoszacharidok (0,015%), frukto-oligoszacharidok (0,01%), Yucca schidigera por (0,01%), bodzabogyó (0,005%), fekete áfonya (0,005%), tőzegáfonya (0,005%), rozmaring (0,004%), útifűmaghéj és mag (0,002%), kakukkfű (0,001%), borsmenta (0,001%), gyermekláncfű (0,001%), petrezselyem (0,001%). Nyomokban egyéb összetevőket is tartalmazhat. Analitikai összetevők: fehérje 35%, zsírtartalom 18%, nyershamu 5,9%, nyersrost 2,5%, kalcium 1,1%, foszfor 0,7%. Adalékanyagok/kg: tápértékkel rendelkező adalékanyagok: A-vitamin 20000 NE, D3-vitamin 1500 NE, E-vitamin 500mg, B2-vitamin 4mg, vas (3b106) 72mg, réz (3b406) 15mg, jód (3b201) 0,65mg, mangán (3b504) 35mg, szelén (3b810) 0,25mg, cink (3b606) 80mg. Tovább olvasok"}
{"breadcrumb": "Főoldal/Kutya/Eledelek/Száraz eledelek/Real Nature Wilderness száraz kutyaeledel adult liba&kacsa 12kg", "product_name": "Real Nature Wilderness száraz kutyaeledel adult liba&kacsa 12kgReal Nature Wilderness száraz kutyaeledel adult liba&kacsa 12kg", "brand": "Real NatureWilderness10,1 – 12kgFelnőttszárnyasgabonamentes", "regular_price": "3 799", "selling_price": "3 299", "price_per_unit": "1 kg=2417 Ft", "product_url": "https://webshop.fressnapf.hu/termekek/real-nature-wilderness-adult-liba-12kg/", "product_description": "A Real Nature WILDERNESS a kutya természetét szem előtt tartva készül. Termékeink a kutya elődje, a farkas táplálkozását alapul véve készülnek, így lehetővé teszik az állat igényeinek teljes mértékben megfelelő táplálást. Ez a receptúra 60% kiváló minőségű libából, kacsából és baromfiból, valamint 40% gyümölcsből, zöldségből és értékes összetevőkből áll, gabonatartalma 0%. Kiváló állati fehérjeforrásként többek között friss libahúst, szénhidrátforrásként pedig édesburgonyát tartalmaz. A receptúrát értékes lenmag egészíti ki, amely nélkülözhetetlen omega-3 zsírsavakat biztosít. A Real Nature WILDERNESS természetes alapanyagokat tartalmaz, kiegészítve táplálkozás-élettani szempontból értékes vitaminokkal és ásványi anyagokkal – garantáltan hozzáadott cukor, szója, színezékek és aromaanyagok nélkül. Teljes értékű takarmány kifejlett kutyáknak 11–24 hónapos kortól (a kutya termetétől függően). Összetétel: libafehérje (20%), kacsafehérje (17%), édesburgonya (12,5%), friss libahús (12%), édesburgonyaliszt (10,5%), csicseriborsó (9%), kacsazsír (9%), baromfifehérje (hidrolizált, 2%), baromfimáj (hidrolizált, 1%), sárgarépa (1%), spenót (1%), tökliszt (1%), banánliszt (1%), lenolaj (1%), alga (Ascophyllum nodosum, 0,2%), mannán-oligoszacharidok (0,1%), frukto-oligoszacharidok (0,1%), tőzegáfonya (0,1%), szeder (0,1%), málna (0,1%), fekete áfonya (0,1%), moringa (0,05%), ginszeng (0,05%), paradicsom (0,05%), fekete berkenye (0,05%), fekete bodza (0,05%), fekete ribizli (0,05%), csicsóka (0,05%), útifűmaghéj (0,03%), majoránna (0,03%), kakukkfű (0,03%), borsmenta (0,03%), gyermekláncfű (0,03%), csalán (0,03%), rozmaring (0,02%), petrezselyem (0,02%), glükózamin (0,01%), Yucca schidigera (0,01%), kondroitin-szulfát (0,005%). Nyomokban egyéb összetevőket is tartalmazhat. Analitikai összetevők: fehérje 30%, zsírtartalom 16,4%, nyershamu 8,7%, nyersrost 3,45%, kalcium 2%, foszfor 1,35%. Adalékanyagok/kg: tápértékkel rendelkező adalékanyagok: A-vitamin 18000 NE, D3-vitamin 1800 NE, E-vitamin 600mg, C-vitamin 19mg, vas (3b103) 91mg, réz (3b405) 16mg, jód (3b201) 1mg, mangán (3b502) 33mg, szelén (3b801) 0,3mg, cink (3b605) 160mg. Tovább olvasok"}
{"breadcrumb": "Főoldal/Kutya/Eledelek/Száraz eledelek/Real Nature Wilderness száraz kutyaeledel adult liba&kacsa 4kg", "product_name": "Real Nature Wilderness száraz kutyaeledel adult liba&kacsa 4kgReal Nature Wilderness száraz kutyaeledel adult liba&kacsa 4kg", "brand": "Real NatureWilderness1,1kg – 4kgFelnőttszárnyasgabonamentes", "regular_price": "9 999", "selling_price": "8 999", "price_per_unit": "1 kg=3750 Ft", "product_url": "https://webshop.fressnapf.hu/termekek/real-nature-wilderness-adult-liba-4kg/", "product_description": "A Real Nature WILDERNESS a kutya természetét szem előtt tartva készül. Termékeink a kutya elődje, a farkas táplálkozását alapul véve készülnek, így lehetővé teszik az állat igényeinek teljes mértékben megfelelő táplálást. Ez a receptúra 60% kiváló minőségű libából, kacsából és baromfiból, valamint 40% gyümölcsből, zöldségből és értékes összetevőkből áll, gabonatartalma 0%. Kiváló állati fehérjeforrásként többek között friss libahúst, szénhidrátforrásként pedig édesburgonyát tartalmaz. A receptúrát értékes lenmag egészíti ki, amely nélkülözhetetlen omega-3 zsírsavakat biztosít. A Real Nature WILDERNESS természetes alapanyagokat tartalmaz, kiegészítve táplálkozás-élettani szempontból értékes vitaminokkal és ásványi anyagokkal – garantáltan hozzáadott cukor, szója, színezékek és aromaanyagok nélkül. Teljes értékű takarmány kifejlett kutyáknak 11–24 hónapos kortól (a kutya termetétől függően). Összetétel: libafehérje (20%), kacsafehérje (17%), édesburgonya (12,5%), friss libahús (12%), édesburgonyaliszt (10,5%), csicseriborsó (9%), kacsazsír (9%), baromfifehérje (hidrolizált, 2%), baromfimáj (hidrolizált, 1%), sárgarépa (1%), spenót (1%), tökliszt (1%), banánliszt (1%), lenolaj (1%), alga (Ascophyllum nodosum, 0,2%), mannán-oligoszacharidok (0,1%), frukto-oligoszacharidok (0,1%), tőzegáfonya (0,1%), szeder (0,1%), málna (0,1%), fekete áfonya (0,1%), moringa (0,05%), ginszeng (0,05%), paradicsom (0,05%), fekete berkenye (0,05%), fekete bodza (0,05%), fekete ribizli (0,05%), csicsóka (0,05%), útifűmaghéj (0,03%), majoránna (0,03%), kakukkfű (0,03%), borsmenta (0,03%), gyermekláncfű (0,03%), csalán (0,03%), rozmaring (0,02%), petrezselyem (0,02%), glükózamin (0,01%), Yucca schidigera (0,01%), kondroitin-szulfát (0,005%). Nyomokban egyéb összetevőket is tartalmazhat. Analitikai összetevők: fehérje 30%, zsírtartalom 16,4%, nyershamu 8,7%, nyersrost 3,45%, kalcium 2%, foszfor 1,35%. Adalékanyagok/kg: tápértékkel rendelkező adalékanyagok: A-vitamin 18000 NE, D3-vitamin 1800 NE, E-vitamin 600mg, C-vitamin 19mg, vas (3b103) 91mg, réz (3b405) 16mg, jód (3b201) 1mg, mangán (3b502) 33mg, szelén (3b801) 0,3mg, cink (3b605) 160mg. Tovább olvasok"}
{"breadcrumb": "Főoldal/Kutya/Eledelek/Száraz eledelek/Real Nature Wilderness száraz kutyaeledel adult ló&marha 12kg", "product_name": "Real Nature Wilderness száraz kutyaeledel adult ló&marha 12kgReal Nature Wilderness száraz kutyaeledel adult ló&marha 12kg", "brand": "Real NatureWilderness10,1 – 12kgFelnőttlógabonamentes", "regular_price": "3 799", "selling_price": "3 299", "price_per_unit": "1 kg=2000 Ft", "product_url": "https://webshop.fressnapf.hu/termekek/real-nature-wilderness-kutya-szarazeledel-lo-es-marha-12kg/", "product_description": "A Real Nature WILDERNESS a kutya természetét szem előtt tartva készül. Termékeink a kutya elődje, a farkas táplálkozását alapul véve készülnek, így lehetővé teszik az állat igényeinek teljes mértékben megfelelő táplálást. Ez a receptúra 60% kiváló minőségű lóhúsból és marhahúsból, valamint 40% gyümölcsből, zöldségből és értékes összetevőkből áll, gabonatartalma 0%. Kiváló állati fehérjeforrásként többek között friss marhát, szénhidrátforrásként pedig burgonyát tartalmaz. A receptúrát kiváló minőségű lenolaj egészíti ki, amely a nélkülözhetetlen omega-3 zsírsavakat biztosítja. A Real Nature WILDERNESS természetes alapanyagokat tartalmaz táplálkozás-élettani szempontból értékes vitaminokkal és ásványi anyagokkal kiegészítve – garantáltan mentes a hozzáadott cukortól, mesterséges tartósítószerektől, színezékektől és aromaanyagoktól. Teljes értékű eledel kifejlett kutyáknak 11–24 hónapos kortól (a kutya termetétől függően). Összetétel: lófehérje (26%), burgonya (20%), marhafehérje (14%), friss marhahús (10%), marhafaggyú (10%), burgonyaliszt (10%), almapép (5%), sárgarépa (1%), spenót (1%), borsó (1%), lenolaj (1%), glükózamin (0,026%), kondroitin-szulfát (0,018%), mannán-oligoszacharidok (0,015%), frukto-oligoszacharidok (0,01%), Yucca schidigera por (0,01%), tőzegáfonya (0,005%), rozmaring (0,004%), útifűmaghéj és mag (0,002%), alga (Ascophyllum nodosum, 0,002%), kakukkfű (0,001%), borsmenta (0,001%), gyermekláncfű (0,001%), petrezselyem (0,001%). Nyomokban egyéb összetevőket is tartalmazhat. Analitikai összetevők: fehérje 31%, zsírtartalom 18%, nyershamu 8,5%, nyersrost 3,2%, kalcium 1,6%, foszfor 1,2%. Adalékanyagok/kg: tápértékkel rendelkező adalékanyagok: A-vitamin 20000 NE, D3-vitamin 1500 NE, E-vitamin 500mg, B2-vitamin 4mg, vas (3b106) 72mg, réz (3b406) 15mg, jód (3b201) 0,65mg, mangán (3b504) 35mg, szelén (3b810) 0,2mg, cink (3b606) 80mg. Tovább olvasok"}
{"breadcrumb": "Főoldal/Kutya/Eledelek/Száraz eledelek/Real Nature Wilderness száraz kutyaeledel adult ló&marha 1kg", "product_name": "Real Nature Wilderness száraz kutyaeledel adult ló&marha 1kgReal Nature Wilderness száraz kutyaeledel adult ló&marha 1kg", "brand": "Real NatureWilderness801g – 1kgFelnőttlógabonamentes", "regular_price": "3 699", "selling_price": "3 499", "price_per_unit": "1 kg=3499 Ft", "product_url": "https://webshop.fressnapf.hu/termekek/real-nature-wilderness-kutya-szarazeledel-lo-es-marha-1kg/", "product_description": "A Real Nature WILDERNESS a kutya természetét szem előtt tartva készül. Termékeink a kutya elődje, a farkas táplálkozását alapul véve készülnek, így lehetővé teszik az állat igényeinek teljes mértékben megfelelő táplálást. Ez a receptúra 60% kiváló minőségű lóhúsból és marhahúsból, valamint 40% gyümölcsből, zöldségből és értékes összetevőkből áll, gabonatartalma 0%. Kiváló állati fehérjeforrásként többek között friss marhát, szénhidrátforrásként pedig burgonyát tartalmaz. A receptúrát kiváló minőségű lenolaj egészíti ki, amely a nélkülözhetetlen omega-3 zsírsavakat biztosítja. A Real Nature WILDERNESS természetes alapanyagokat tartalmaz táplálkozás-élettani szempontból értékes vitaminokkal és ásványi anyagokkal kiegészítve – garantáltan mentes a hozzáadott cukortól, mesterséges tartósítószerektől, színezékektől és aromaanyagoktól. Teljes értékű eledel kifejlett kutyáknak 11–24 hónapos kortól (a kutya termetétől függően). Összetétel: lófehérje (26%), burgonya (20%), marhafehérje (14%), friss marhahús (10%), marhafaggyú (10%), burgonyaliszt (10%), almapép (5%), sárgarépa (1%), spenót (1%), borsó (1%), lenolaj (1%), glükózamin (0,026%), kondroitin-szulfát (0,018%), mannán-oligoszacharidok (0,015%), frukto-oligoszacharidok (0,01%), Yucca schidigera por (0,01%), tőzegáfonya (0,005%), rozmaring (0,004%), útifűmaghéj és mag (0,002%), alga (Ascophyllum nodosum, 0,002%), kakukkfű (0,001%), borsmenta (0,001%), gyermekláncfű (0,001%), petrezselyem (0,001%). Nyomokban egyéb összetevőket is tartalmazhat. Analitikai összetevők: fehérje 31%, zsírtartalom 18%, nyershamu 8,5%, nyersrost 3,2%, kalcium 1,6%, foszfor 1,2%. Adalékanyagok/kg: tápértékkel rendelkező adalékanyagok: A-vitamin 20000 NE, D3-vitamin 1500 NE, E-vitamin 500mg, B2-vitamin 4mg, vas (3b106) 72mg, réz (3b406) 15mg, jód (3b201) 0,65mg, mangán (3b504) 35mg, szelén (3b810) 0,2mg, cink (3b606) 80mg. Tovább olvasok"}
{"breadcrumb": "Főoldal/Kutya/Eledelek/Száraz eledelek/Real Nature Wilderness száraz kutyaeledel adult ló&marha 4kg", "product_name": "Real Nature Wilderness száraz kutyaeledel adult ló&marha 4kgReal Nature Wilderness száraz kutyaeledel adult ló&marha 4kg", "brand": "Real NatureWilderness1,1kg – 4kgFelnőttlógabonamentes", "regular_price": "3 699", "selling_price": "3 299", "price_per_unit": "1 kg=3000 Ft", "product_url": "https://webshop.fressnapf.hu/termekek/real-nature-wilderness-kutya-szarazeledel-lo-es-marha-4kg/", "product_description": "A Real Nature WILDERNESS a kutya természetét szem előtt tartva készül. Termékeink a kutya elődje, a farkas táplálkozását alapul véve készülnek, így lehetővé teszik az állat igényeinek teljes mértékben megfelelő táplálást. Ez a receptúra 60% kiváló minőségű lóhúsból és marhahúsból, valamint 40% gyümölcsből, zöldségből és értékes összetevőkből áll, gabonatartalma 0%. Kiváló állati fehérjeforrásként többek között friss marhát, szénhidrátforrásként pedig burgonyát tartalmaz. A receptúrát kiváló minőségű lenolaj egészíti ki, amely a nélkülözhetetlen omega-3 zsírsavakat biztosítja. A Real Nature WILDERNESS természetes alapanyagokat tartalmaz táplálkozás-élettani szempontból értékes vitaminokkal és ásványi anyagokkal kiegészítve – garantáltan mentes a hozzáadott cukortól, mesterséges tartósítószerektől, színezékektől és aromaanyagoktól. Teljes értékű eledel kifejlett kutyáknak 11–24 hónapos kortól (a kutya termetétől függően). Összetétel: lófehérje (26%), burgonya (20%), marhafehérje (14%), friss marhahús (10%), marhafaggyú (10%), burgonyaliszt (10%), almapép (5%), sárgarépa (1%), spenót (1%), borsó (1%), lenolaj (1%), glükózamin (0,026%), kondroitin-szulfát (0,018%), mannán-oligoszacharidok (0,015%), frukto-oligoszacharidok (0,01%), Yucca schidigera por (0,01%), tőzegáfonya (0,005%), rozmaring (0,004%), útifűmaghéj és mag (0,002%), alga (Ascophyllum nodosum, 0,002%), kakukkfű (0,001%), borsmenta (0,001%), gyermekláncfű (0,001%), petrezselyem (0,001%). Nyomokban egyéb összetevőket is tartalmazhat. Analitikai összetevők: fehérje 31%, zsírtartalom 18%, nyershamu 8,5%, nyersrost 3,2%, kalcium 1,6%, foszfor 1,2%. Adalékanyagok/kg: tápértékkel rendelkező adalékanyagok: A-vitamin 20000 NE, D3-vitamin 1500 NE, E-vitamin 500mg, B2-vitamin 4mg, vas (3b106) 72mg, réz (3b406) 15mg, jód (3b201) 0,65mg, mangán (3b504) 35mg, szelén (3b810) 0,2mg, cink (3b606) 80mg. Tovább olvasok"}
{"breadcrumb": "Főoldal/Kutya/Eledelek/Száraz eledelek/Real Nature Wilderness száraz kutyaeledel adult nyúl&kenguru 12kg", "product_name": "Real Nature Wilderness száraz kutyaeledel adult nyúl&kenguru 12kgReal Nature Wilderness száraz kutyaeledel adult nyúl&kenguru 12kg", "brand": "Real NatureWilderness10,1 – 12kgFelnőttnyúlgabonamentes", "regular_price": "3 799", "selling_price": "3 299", "price_per_unit": "1 kg=2000 Ft", "product_url": "https://webshop.fressnapf.hu/termekek/real-nature-wilderness-kutya-szarazeledel-nyul-kenguru-marha-12kg/", "product_description": "A Real Nature WILDERNESS a kutya természetét szem előtt tartva készül. Termékeink a kutya elődje, a farkas táplálkozását alapul véve készülnek, így lehetővé teszik az állat igényeinek teljes mértékben megfelelő táplálást. Ez a receptúra 70% kiváló minőségű nyúlból, kenguruból és marhából, valamint 30% gyümölcsből, zöldségből és értékes összetevőkből áll, gabonatartalma 0%. Kiváló állati fehérjeforrásként többek között friss marhát, szénhidrátforrásként pedig burgonyát tartalmaz. A receptúrát kiváló minőségű lenolaj egészíti ki, amely a nélkülözhetetlen omega-3 zsírsavakat biztosítja. A Real Nature WILDERNESS természetes alapanyagokat tartalmaz táplálkozás-élettani szempontból értékes vitaminokkal és ásványi anyagokkal kiegészítve – garantáltan mentes a hozzáadott cukortól, mesterséges tartósítószerektől, színezékektől és aromaanyagoktól. Teljes értékű eledel kifejlett kutyáknak 11–24 hónapos kortól (a kutya termetétől függően). Összetétel: nyúlfehérje (30%), kengurufehérje (16%), burgonyapehely (15%), marhafaggyú (7%), marhafehérje (7%), burgonyaliszt (7%), friss marhahús (7%), friss nyúlhús (3%), almapép (3%), sárgarépa (1%), spenót (1%), borsó (1%) lenolaj (1%), glükózamin (0,026%), kondroitin-szulfát (0,018%), mannán-oligoszacharidok (0,015%), frukto-oligoszacharidok (0,01%), Yucca schidigera por (0,01%), tőzegáfonya (0,005%), rozmaring (0,004%), útifűmaghéj és mag (0,002%), alga (Ascophyllum nodosum, 0,002%), borsmenta (0,0014%), kakukkfű (0,001%), gyermekláncfű (0,001%), petrezselyem (0,001%). Nyomokban egyéb összetevőket is tartalmazhat. Analitikai összetevők: fehérje 30%, zsírtartalom 26%, nyershamu 8%, nyersrost 3%, kalcium 1,9%, foszfor 1,5%. Adalékanyagok/kg: tápértékkel rendelkező adalékanyagok: A-vitamin 20000 NE, D3-vitamin 1500 NE, E-vitamin 500mg, B2-vitamin 4mg, vas (3b106) 72mg, réz (3b406) 15mg, jód (3b201) 0,65mg, mangán (3b504) 35mg, szelén (3b810) 0,25mg, cink (3b606) 80mg. Tovább olvasok"}
{"breadcrumb": "Főoldal/Kutya/Eledelek/Száraz eledelek/Real Nature Wilderness száraz kutyaeledel adult nyúl&kenguru 4kg", "product_name": "Real Nature Wilderness száraz kutyaeledel adult nyúl&kenguru 4kgReal Nature Wilderness száraz kutyaeledel adult nyúl&kenguru 4kg", "brand": "Real NatureWilderness1,1kg – 4kgFelnőttnyúlgabonamentes", "regular_price": "3 799", "selling_price": "3 299", "price_per_unit": "1 kg=3000 Ft", "product_url": "https://webshop.fressnapf.hu/termekek/real-nature-wilderness-kutya-szarazeledel-nyul-kenguru-marha-4kg/", "product_description": "A Real Nature WILDERNESS a kutya természetét szem előtt tartva készül. Termékeink a kutya elődje, a farkas táplálkozását alapul véve készülnek, így lehetővé teszik az állat igényeinek teljes mértékben megfelelő táplálást. Ez a receptúra 70% kiváló minőségű nyúlból, kenguruból és marhából, valamint 30% gyümölcsből, zöldségből és értékes összetevőkből áll, gabonatartalma 0%. Kiváló állati fehérjeforrásként többek között friss marhát, szénhidrátforrásként pedig burgonyát tartalmaz. A receptúrát kiváló minőségű lenolaj egészíti ki, amely a nélkülözhetetlen omega-3 zsírsavakat biztosítja. A Real Nature WILDERNESS természetes alapanyagokat tartalmaz táplálkozás-élettani szempontból értékes vitaminokkal és ásványi anyagokkal kiegészítve – garantáltan mentes a hozzáadott cukortól, mesterséges tartósítószerektől, színezékektől és aromaanyagoktól. Teljes értékű eledel kifejlett kutyáknak 11–24 hónapos kortól (a kutya termetétől függően). Összetétel: nyúlfehérje (30%), kengurufehérje (16%), burgonyapehely (15%), marhafaggyú (7%), marhafehérje (7%), burgonyaliszt (7%), friss marhahús (7%), friss nyúlhús (3%), almapép (3%), sárgarépa (1%), spenót (1%), borsó (1%) lenolaj (1%), glükózamin (0,026%), kondroitin-szulfát (0,018%), mannán-oligoszacharidok (0,015%), frukto-oligoszacharidok (0,01%), Yucca schidigera por (0,01%), tőzegáfonya (0,005%), rozmaring (0,004%), útifűmaghéj és mag (0,002%), alga (Ascophyllum nodosum, 0,002%), borsmenta (0,0014%), kakukkfű (0,001%), gyermekláncfű (0,001%), petrezselyem (0,001%). Nyomokban egyéb összetevőket is tartalmazhat. Analitikai összetevők: fehérje 30%, zsírtartalom 26%, nyershamu 8%, nyersrost 3%, kalcium 1,9%, foszfor 1,5%. Adalékanyagok/kg: tápértékkel rendelkező adalékanyagok: A-vitamin 20000 NE, D3-vitamin 1500 NE, E-vitamin 500mg, B2-vitamin 4mg, vas (3b106) 72mg, réz (3b406) 15mg, jód (3b201) 0,65mg, mangán (3b504) 35mg, szelén (3b810) 0,25mg, cink (3b606) 80mg. Tovább olvasok"}
{"breadcrumb": "Főoldal/Kutya/Eledelek/Száraz eledelek/Real Nature Wilderness száraz kutyaeledel adult strucc&bivaly 12kg", "product_name": "Real Nature Wilderness száraz kutyaeledel adult strucc&bivaly 12kgReal Nature Wilderness száraz kutyaeledel adult strucc&bivaly 12kg", "brand": "Real NatureWilderness10,1 – 12kgFelnőttegzotikusgabonamentes", "regular_price": "3 799", "selling_price": "3 299", "price_per_unit": "1 kg=2000 Ft", "product_url": "https://webshop.fressnapf.hu/termekek/real-nature-wilderness-kutya-szarazeledel-marha-strucc-bivaly-12kg/", "product_description": "A Real Nature WILDERNESS a kutya természetét szem előtt tartva készül. Termékeink a kutya elődje, a farkas táplálkozását alapul véve készülnek, így lehetővé teszik az állat igényeinek teljes mértékben megfelelő táplálást. Ez a receptúra 70% kiváló minőségű marhából, struccból és bivalyból, valamint 30% gyümölcsből, zöldségből és értékes összetevőkből áll, gabonatartalma 0%. Kiváló állati fehérjeforrásként többek között friss marhát, szénhidrátforrásként pedig édesburgonyát tartalmaz. A receptúrát kiváló minőségű lenolaj egészíti ki, amely nélkülözhetetlen omega-3 zsírsavakat biztosít. A Real Nature WILDERNESS természetes alapanyagokat tartalmaz táplálkozás-élettani szempontból értékes vitaminokkal és ásványi anyagokkal kiegészítve – garantáltan mentes a hozzáadott cukortól, mesterséges tartósítószerektől, színezékektől és aromaanyagoktól. Teljes értékű eledel kifejlett kutyáknak 11–24 hónapos kortól (a kutya termetétől függően). Összetétel: friss marhahús (26%), marhafehérje (16%), borsó (12%), vízibivalyfehérje (10%), édesburgonya (9%), marhafaggyú (8%), struccfehérje (6%), friss marhamáj (4%), almapép (2%), fehérje-hidrolizátum (élesztőből, 2%), sárgarépa (1%), spenót (1%), tök (1%), lenolaj (1%), glükózamin (0,026%), mannán-oligoszacharidok (0,015%), kondroitin-szulfát (0,018%), frukto-oligoszacharidok (0,01%), Yucca schidigera por (0,01%), cikóriagyökér (0,005%), tőzegáfonya (0,005%), rozmaring (0,004%), útifűmaghéj és mag (0,002%), alga (Ascophyllum nodosum, 0,002%), kakukkfű (0,001%), borsmenta (0,001%), petrezselyem (0,001%). Nyomokban egyéb összetevőket is tartalmazhat. Analitikai összetevők: fehérje 30%, zsírtartalom 17%, nyershamu 7%, nyersrost 2,8%, kalcium 1,6%, foszfor 1,2%. Adalékanyagok/kg: tápértékkel rendelkező adalékanyagok: A-vitamin 20000 NE, D3-vitamin 1500 NE, E-vitamin 500mg, B2-vitamin 4mg, vas (3b106) 72mg, réz (3b406) 15mg, jód (3b201) 0,65mg, mangán (3b504) 35mg, szelén (3b810) 0,25mg, cink (3b606) 80mg. Tovább olvasok"}
{"breadcrumb": "Főoldal/Kutya/Eledelek/Száraz eledelek/Real Nature Wilderness száraz kutyaeledel adult strucc&bivaly 1kg", "product_name": "Real Nature Wilderness száraz kutyaeledel adult strucc&bivaly 1kgReal Nature Wilderness száraz kutyaeledel adult strucc&bivaly 1kg", "brand": "Real NatureWilderness801g – 1kgFelnőttegzotikusgabonamentes", "regular_price": "3 699", "selling_price": "3 499", "price_per_unit": "1 kg=3499 Ft", "product_url": "https://webshop.fressnapf.hu/termekek/real-nature-wilderness-kutya-szarazeledel-marha-strucc-bivaly-1kg/", "product_description": "A Real Nature WILDERNESS a kutya természetét szem előtt tartva készül. Termékeink a kutya elődje, a farkas táplálkozását alapul véve készülnek, így lehetővé teszik az állat igényeinek teljes mértékben megfelelő táplálást. Ez a receptúra 70% kiváló minőségű marhából, struccból és bivalyból, valamint 30% gyümölcsből, zöldségből és értékes összetevőkből áll, gabonatartalma 0%. Kiváló állati fehérjeforrásként többek között friss marhát, szénhidrátforrásként pedig édesburgonyát tartalmaz. A receptúrát kiváló minőségű lenolaj egészíti ki, amely nélkülözhetetlen omega-3 zsírsavakat biztosít. A Real Nature WILDERNESS természetes alapanyagokat tartalmaz táplálkozás-élettani szempontból értékes vitaminokkal és ásványi anyagokkal kiegészítve – garantáltan mentes a hozzáadott cukortól, mesterséges tartósítószerektől, színezékektől és aromaanyagoktól. Teljes értékű eledel kifejlett kutyáknak 11–24 hónapos kortól (a kutya termetétől függően). Összetétel: friss marhahús (26%), marhafehérje (16%), borsó (12%), vízibivalyfehérje (10%), édesburgonya (9%), marhafaggyú (8%), struccfehérje (6%), friss marhamáj (4%), almapép (2%), fehérje-hidrolizátum (élesztőből, 2%), sárgarépa (1%), spenót (1%), tök (1%), lenolaj (1%), glükózamin (0,026%), mannán-oligoszacharidok (0,015%), kondroitin-szulfát (0,018%), frukto-oligoszacharidok (0,01%), Yucca schidigera por (0,01%), cikóriagyökér (0,005%), tőzegáfonya (0,005%), rozmaring (0,004%), útifűmaghéj és mag (0,002%), alga (Ascophyllum nodosum, 0,002%), kakukkfű (0,001%), borsmenta (0,001%), petrezselyem (0,001%). Nyomokban egyéb összetevőket is tartalmazhat. Analitikai összetevők: fehérje 30%, zsírtartalom 17%, nyershamu 7%, nyersrost 2,8%, kalcium 1,6%, foszfor 1,2%. Adalékanyagok/kg: tápértékkel rendelkező adalékanyagok: A-vitamin 20000 NE, D3-vitamin 1500 NE, E-vitamin 500mg, B2-vitamin 4mg, vas (3b106) 72mg, réz (3b406) 15mg, jód (3b201) 0,65mg, mangán (3b504) 35mg, szelén (3b810) 0,25mg, cink (3b606) 80mg. Tovább olvasok"}
{"breadcrumb": "Főoldal/Kutya/Eledelek/Száraz eledelek/Real Nature Wilderness száraz kutyaeledel adult strucc&bivaly 4kg", "product_name": "Real Nature Wilderness száraz kutyaeledel adult strucc&bivaly 4kgReal Nature Wilderness száraz kutyaeledel adult strucc&bivaly 4kg", "brand": "Real NatureWilderness1,1kg – 4kgFelnőttszárnyasgabonamentesközepes testű 11-25kg", "regular_price": "9 999", "selling_price": "8 999", "price_per_unit": "1 kg=3250 Ft", "product_url": "https://webshop.fressnapf.hu/termekek/real-nature-wilderness-kutya-szarazeledel-marha-strucc-bivaly-4kg/", "product_description": "70% marha-, bivaly- és strucchússal, 30% gyümölccsel, zöldséggel, értékes összetevőkkel és 0% hozzáadott gabonával és étkezési burgonyával Nem tartalmat tartósítószereket, aromákat és színezékeket Friss marhamájjal minőségi állati fehérjeforrásként. A strucc- és bivalyhúst tartalmazó REAL NATURE WILDERNESS Black Earth Adult Marha optimálisan illeszkedik bármilyen fajtájú és termetű kutya igényeihez, 11-24 hónapos kórtól. A REAL NATURE WILDERNESS kutyája természetéhez igazodik. A REAL NATURE WILDERNESS a kutyák ősének, azaz a farkasnak a táplálkozását veszi alapul, és lehetővé teszi, hogy kedvencét úgy táplálja, ahogy az a faj igényeit a leginkább kielégíti. A REAL NATURE WILDERNESS Black Earth 70%-ban marha-, bivaly- és strucchúsból készül, emellett 30% gyümölcsöt, zöldséget és értékes összetevőket, de 0% hozzáadott gabonát és étkezési burgonyát tartalmaz. Friss csirkemájat tartalmaz minőségi állati fehérjeforrásként. Ezt a lazacolaj értékes Omega-3-zsírsavai egészítik ki. A REAL NATURE WILDERNESS 100%-ban természetes 1 , azaz nem tartalmaz tartósítószereket, aromákat és színezékeket. A REAL NATURE WILDERNESS száraz eledel állati összetevőinek aránya 70%. Az állati fehérje különösen értékes a kutyája számára, mivel ez a biológiailag jól hasznosítható aminosavak fő forrása. Ez azt jelenti, hogy a kutyája különösen sokat kap abból, amire a szervezetének szüksége van. A REAL NATURE WILDERNESS Black Earth hozzáadott gabona és étkezési burgonya helyett válogatott gyümölcs- és zöldségféléket, valamint gyógynövényeket tartalmaz. Az előnyök áttekintése: 70% marha-, strucc- és bivalyhús minőségi fehérjeforrásként 30% gyümölcs, zöldség és egyéb válogatott összetevők 0% gabona és étkezési burgonya A farkas táplálkozását alapul vevő, fajnak megfelelő eledel Magas hústartalommal 100%-ban természetes 1 – tartósítószerek, aromák és színezékek nélkül A REAL NATURE WILDERNESS Black Earth Adult teljes értékű eledel bármilyen fajtájú és termetű kifejlett kutya számára 11-24 hónapos korig (a kutya méretétől függően). Bővebb információk a következő címen kérhetők: webshop@fressnapf.hu 1 a felhasznált alapanyagokban. Analitikai összetevők 30% fehérje, 18% zsírtartalom, 8,5% nyershamu, 2,6% nyersrost, 1,7% kalcium, 1,1% foszfor. Összetétel friss marhahús (26%), friss marhatüdő (26%), borsókeményítő (10%), édesburgonya (10%), struccfehérje (5%), marhafehérje (5%), vízibivalyfehérje (4%), friss marhamáj (4%), alma (4%), fehérje hidrolizátum (élesztőből, 2%), sárgarépa (1%), spenót (1%), tök (1%), kondroitin-szulfát (0,005%), glükózamin (0,005%), mannán-oligoszacharidok (0,005%), cikória (0,005%), Yucca schidigera (0,005%), vörös áfonya (0,005%), rozmaring (0,004%), útifűmaghéj (0,002%), tengeri alga (0,0018%), kakukkfű (0,0014%), borsmenta (0,0014%), petrezselyem (0,001%), Nyomokban tartalmazhat egyéb összetevőket. Adalékanyag/kg Táplálkozásfiziológiai adalékanyagok: 20000 NE A-vitamin, 1500 NE D3-vitamin, 500 mg taurin, 13 mg réz (réz(II)-szulfát, pentahidrát), 2,5 mg jód (kalcium-jodát, vízmentes), 0,25 mg szelén (nátrium-szelenit), 57 mg cink (aminosav-cinkkelát, hidrát), 113 mg cink (cink-oxid), 1500 mg DL-metionin, 25 mg L-lizin-monohidroklorid, technikai tisztaságú. Táplálási javaslat A kutya testsúlya Napi adag 5 kg 85 g 10 kg 140 g 20 kg 235 g 30 kg 315 g 40 kg 395 g 50 kg 465 g 60 kg 535 g 70 kg 600 g 80 kg 660 g A csomagoláson megadott értékek irányadó értékek. A tényleges táplálékszükséglet kutyája korától és aktivitásától függ. Mindig álljon rendelkezésre friss ivóvíz. Tovább olvasok"}
{"breadcrumb": "Főoldal/Kutya/Eledelek/Száraz eledelek/Real Nature Wilderness száraz kutyaeledel adult vad&bárány 12kg", "product_name": "Real Nature Wilderness száraz kutyaeledel adult vad&bárány 12kgReal Nature Wilderness száraz kutyaeledel adult vad&bárány 12kg", "brand": "Real NatureWilderness10,1 – 12kgFelnőttvadgabonamentes", "regular_price": "3 499", "selling_price": "2 999", "price_per_unit": "1 kg=2417 Ft", "product_url": "https://webshop.fressnapf.hu/termekek/real-nature-wilderness-adult-vadbarany-12kg/", "product_description": "A Real Nature WILDERNESS a kutya természetét szem előtt tartva készül. Termékeink a kutya elődje, a farkas táplálkozását alapul véve készülnek, így lehetővé teszik az állat igényeinek teljes mértékben megfelelő táplálást. Ez a receptúra 60% kiváló minőségű bárányból, szarvasból és fácánból, valamint 40% gyümölcsből, zöldségből és értékes összetevőkből áll, gabonatartalma 0%. Kiváló állati fehérjeforrásként többek között friss bárányhúst, szénhidrátforrásként pedig édesburgonyát tartalmaz. A receptúrát értékes lenmag egészíti ki, amely nélkülözhetetlen omega-3 zsírsavakat biztosít. A Real Nature WILDERNESS természetes alapanyagokat tartalmaz, kiegészítve táplálkozás-élettani szempontból értékes vitaminokkal és ásványi anyagokkal – garantáltan hozzáadott cukor, szója, színezékek és aromaanyagok nélkül. Teljes értékű takarmány kifejlett kutyáknak 11–24 hónapos kortól (a kutya termetétől függően). Összetétel: friss bárányhús (18%), édesburgonya (12%), bárányfehérje (12%), édesburgonyaliszt (12%), fácánfehérje (10%), szarvasfehérje (10%), birkafaggyú (10%), csicseriborsó (9%), baromfifehérje (hidrolizált, 2%), baromfimáj (hidrolizált, 1%), lenolaj (1%), alga (Ascophyllum nodosum, 0,2%), mannán-oligoszacharidok (0,1%), frukto-oligoszacharidok (0,1%), tőzegáfonya (0,1%), szeder (0,1%), málna (0,1%), fekete áfonya (0,1%), csicsóka (0,05%), paradicsom (0,05%), fekete ribizli (0,05%), fekete bodza (0,05%), fekete berkenye (0,05%), ginszeng (0,05%), útifűmaghéj (0,03%), kakukkfű (0,03%), borsmenta 0,03%), gyermekláncfű (0,03%), csalán (0,03%), rozmaring (0,02%), petrezselyem (0,02%), glükózamin (0,01%), Yucca schidigera (0,01%), kondroitin-szulfát (0,005%). Nyomokban egyéb összetevőket is tartalmazhat. Analitikai összetevők: fehérje 30%, zsírtartalom 18,6%, nyershamu 9%, nyersrost 3,2%, kalcium 2%, foszfor 1,2%. Adalékanyagok/ kg: tápértékkel rendelkező adalékanyagok: A-vitamin 18000 NE, D3-vitamin 1800 NE, E-vitamin 600mg, C-vitamin 19mg, vas (3b103) 91mg, réz (3b405) 16mg, jód (3b201) 1mg, mangán (3b502) 33mg, szelén (3b801) 0,3mg, cink (3b605) 160mg. Tovább olvasok"}
{"breadcrumb": "Főoldal/Kutya/Eledelek/Száraz eledelek/Real Nature Wilderness száraz kutyaeledel adult vad&bárány 1kg", "product_name": "Real Nature Wilderness száraz kutyaeledel adult vad&bárány 1kgReal Nature Wilderness száraz kutyaeledel adult vad&bárány 1kg", "brand": "Real NatureWilderness801g – 1kgFelnőttvadgabonamentes", "regular_price": "4 299", "selling_price": "3 999", "price_per_unit": "1 kg=3999 Ft", "product_url": "https://webshop.fressnapf.hu/termekek/real-nature-wilderness-adult-vadbarany-1kg/", "product_description": "Real Nature WILDERNESS a kutya természetét szem előtt tartva készül. Termékeink a kutya elődje, a farkas táplálkozását alapul véve készülnek, így lehetővé teszik az állat igényeinek teljes mértékben megfelelő táplálást. Ez a receptúra 60% kiváló minőségű bárányból, szarvasból és fácánból, valamint 40% gyümölcsből, zöldségből és értékes összetevőkből áll, gabonatartalma 0%. Kiváló állati fehérjeforrásként többek között friss bárányhúst, szénhidrátforrásként pedig édesburgonyát tartalmaz. A receptúrát értékes lenmag egészíti ki, amely nélkülözhetetlen omega-3 zsírsavakat biztosít. A Real Nature WILDERNESS természetes alapanyagokat tartalmaz, kiegészítve táplálkozás-élettani szempontból értékes vitaminokkal és ásványi anyagokkal – garantáltan hozzáadott cukor, szója, színezékek és aromaanyagok nélkül. Teljes értékű takarmány kifejlett kutyáknak 11–24 hónapos kortól (a kutya termetétől függően). Összetétel: friss bárányhús (18%), édesburgonya (12%), bárányfehérje (12%), édesburgonyaliszt (12%), fácánfehérje (10%), szarvasfehérje (10%), birkafaggyú (10%), csicseriborsó (9%), baromfifehérje (hidrolizált, 2%), baromfimáj (hidrolizált, 1%), lenolaj (1%), alga (Ascophyllum nodosum, 0,2%), mannán-oligoszacharidok (0,1%), frukto-oligoszacharidok (0,1%), tőzegáfonya (0,1%), szeder (0,1%), málna (0,1%), fekete áfonya (0,1%), csicsóka (0,05%), paradicsom (0,05%), fekete ribizli (0,05%), fekete bodza (0,05%), fekete berkenye (0,05%), ginszeng (0,05%), útifűmaghéj (0,03%), kakukkfű (0,03%), borsmenta 0,03%), gyermekláncfű (0,03%), csalán (0,03%), rozmaring (0,02%), petrezselyem (0,02%), glükózamin (0,01%), Yucca schidigera (0,01%), kondroitin-szulfát (0,005%). Nyomokban egyéb összetevőket is tartalmazhat. Analitikai összetevők: fehérje 30%, zsírtartalom 18,6%, nyershamu 9%, nyersrost 3,2%, kalcium 2%, foszfor 1,2%. Adalékanyagok/ kg: tápértékkel rendelkező adalékanyagok: A-vitamin 18000 NE, D3-vitamin 1800 NE, E-vitamin 600mg, C-vitamin 19mg, vas (3b103) 91mg, réz (3b405) 16mg, jód (3b201) 1mg, mangán (3b502) 33mg, szelén (3b801) 0,3mg, cink (3b605) 160mg. Tovább olvasok"}
{"breadcrumb": "Főoldal/Kutya/Eledelek/Száraz eledelek/Real Nature Wilderness száraz kutyaeledel adult vad&bárány 4kg", "product_name": "Real Nature Wilderness száraz kutyaeledel adult vad&bárány 4kgReal Nature Wilderness száraz kutyaeledel adult vad&bárány 4kg", "brand": "Real NatureWilderness1,1kg – 4kgFelnőttvadgabonamentes", "regular_price": "3 799", "selling_price": "3 299", "price_per_unit": "1 kg=3750 Ft", "product_url": "https://webshop.fressnapf.hu/termekek/real-nature-wilderness-adult-vadbarany-4kg/", "product_description": "Real Nature WILDERNESS a kutya természetét szem előtt tartva készül. Termékeink a kutya elődje, a farkas táplálkozását alapul véve készülnek, így lehetővé teszik az állat igényeinek teljes mértékben megfelelő táplálást. Ez a receptúra 60% kiváló minőségű bárányból, szarvasból és fácánból, valamint 40% gyümölcsből, zöldségből és értékes összetevőkből áll, gabonatartalma 0%. Kiváló állati fehérjeforrásként többek között friss bárányhúst, szénhidrátforrásként pedig édesburgonyát tartalmaz. A receptúrát értékes lenmag egészíti ki, amely nélkülözhetetlen omega-3 zsírsavakat biztosít. A Real Nature WILDERNESS természetes alapanyagokat tartalmaz, kiegészítve táplálkozás-élettani szempontból értékes vitaminokkal és ásványi anyagokkal – garantáltan hozzáadott cukor, szója, színezékek és aromaanyagok nélkül. Teljes értékű takarmány kifejlett kutyáknak 11–24 hónapos kortól (a kutya termetétől függően). Összetétel: friss bárányhús (18%), édesburgonya (12%), bárányfehérje (12%), édesburgonyaliszt (12%), fácánfehérje (10%), szarvasfehérje (10%), birkafaggyú (10%), csicseriborsó (9%), baromfifehérje (hidrolizált, 2%), baromfimáj (hidrolizált, 1%), lenolaj (1%), alga (Ascophyllum nodosum, 0,2%), mannán-oligoszacharidok (0,1%), frukto-oligoszacharidok (0,1%), tőzegáfonya (0,1%), szeder (0,1%), málna (0,1%), fekete áfonya (0,1%), csicsóka (0,05%), paradicsom (0,05%), fekete ribizli (0,05%), fekete bodza (0,05%), fekete berkenye (0,05%), ginszeng (0,05%), útifűmaghéj (0,03%), kakukkfű (0,03%), borsmenta 0,03%), gyermekláncfű (0,03%), csalán (0,03%), rozmaring (0,02%), petrezselyem (0,02%), glükózamin (0,01%), Yucca schidigera (0,01%), kondroitin-szulfát (0,005%). Nyomokban egyéb összetevőket is tartalmazhat. Analitikai összetevők: fehérje 30%, zsírtartalom 18,6%, nyershamu 9%, nyersrost 3,2%, kalcium 2%, foszfor 1,2%. Adalékanyagok/ kg: tápértékkel rendelkező adalékanyagok: A-vitamin 18000 NE, D3-vitamin 1800 NE, E-vitamin 600mg, C-vitamin 19mg, vas (3b103) 91mg, réz (3b405) 16mg, jód (3b201) 1mg, mangán (3b502) 33mg, szelén (3b801) 0,3mg, cink (3b605) 160mg. Tovább olvasok"}
{"breadcrumb": "Főoldal/Kutya/Eledelek/Száraz eledelek/Real Nature Wilderness száraz kutyaeledel adult vaddisznó 12kg", "product_name": "Real Nature Wilderness száraz kutyaeledel adult vaddisznó 12kgReal Nature Wilderness száraz kutyaeledel adult vaddisznó 12kg", "brand": "Real NatureWilderness10,1 – 12kgFelnőttvadgabonamentes", "regular_price": "11 499", "selling_price": "9 999", "price_per_unit": "1 kg=2000 Ft", "product_url": "https://webshop.fressnapf.hu/termekek/real-nature-wilderness-kutya-szarazeledel-vaddiszno-12kg/", "product_description": "A Real Nature WILDERNESS a kutya természetét szem előtt tartva készül. Termékeink a kutya elődje, a farkas táplálkozását alapul véve készülnek, így lehetővé teszik az állat igényeinek teljes mértékben megfelelő táplálást. Ez a receptúra 70% kiváló minőségű vaddisznóból, bárányból és kacsából, valamint 30% gyümölcsből, zöldségből és értékes összetevőkből áll, gabonatartalma 0%. Kiváló állati fehérjeforrásként többek között friss kacsahúst, szénhidrátforrásként pedig burgonyát tartalmaz. A receptúrát kiváló minőségű lenolaj egészíti ki, amely a nélkülözhetetlen omega-3 zsírsavakat biztosítja. A Real Nature WILDERNESS természetes alapanyagokat tartalmaz táplálkozás-élettani szempontból értékes vitaminokkal és ásványi anyagokkal kiegészítve – garantáltan mentes a hozzáadott cukortól, mesterséges tartósítószerektől, színezékektől és aromaanyagoktól. Teljes értékű eledel kifejlett kutyáknak 11–24 hónapos kortól (a kutya termetétől függően). Összetétel: vaddisznófehérje (30%), bárányfehérje (20%), burgonya (14%), friss kacsahús (10%), kacsazsír (10%), burgonyaliszt (8%), almapép (3%), sárgarépa (1%), spenót (1%), borsó (1%), lenolaj (1%), glükózamin (0,026%), kondroitin-szulfát (0,018%), mannán-oligoszacharidok (0,015%), frukto-oligoszacharidok (0,01%), Yucca schidigera por (0,01%), tőzegáfonya (0,005%), rozmaring (0,004%), útifűmaghéj és mag (0,002%), alga (Ascophyllum nodosum, 0,002%), kakukkfű (0,001%), borsmenta (0,001%), gyermekláncfű (0,001%), petrezselyem (0,001%). Nyomokban egyéb összetevőket is tartalmazhat. Analitikai összetevők: fehérje 37%, zsírtartalom 16%, nyershamu 6,8%, nyersrost 3,8%, kalcium 1,3%, foszfor 1%. Adalékanyagok/kg: tápértékkel rendelkező adalékanyagok: A-vitamin 20000 NE, D3-vitamin 1500 NE, E-vitamin 500mg, B2-vitamin 4mg, vas (3b106) 72mg, réz (3b406) 15mg, jód (3b201) 0,65mg, mangán (3b504) 35mg, szelén (3b810) 0,2mg, cink (3b606) 80mg. Tovább olvasok"}
{"breadcrumb": "Főoldal/Kutya/Eledelek/Száraz eledelek/Real Nature Wilderness száraz kutyaeledel adult vaddisznó 1kg", "product_name": "Real Nature Wilderness száraz kutyaeledel adult vaddisznó 1kgReal Nature Wilderness száraz kutyaeledel adult vaddisznó 1kg", "brand": "Real NatureWilderness801g – 1kgFelnőttvegyesgabonamentes", "regular_price": "3 699", "selling_price": "3 499", "price_per_unit": "1 kg=3499 Ft", "product_url": "https://webshop.fressnapf.hu/termekek/real-nature-wilderness-szaraz-kutyaeledel-adult-vaddiszno-1kg/", "product_description": "A Real Nature WILDERNESS a kutya természetét szem előtt tartva készül. Termékeink a kutya elődje, a farkas táplálkozását alapul véve készülnek, így lehetővé teszik az állat igényeinek teljes mértékben megfelelő táplálást. Ez a receptúra 70% kiváló minőségű vaddisznóból, bárányból és kacsából, valamint 30% gyümölcsből, zöldségből és értékes összetevőkből áll, gabonatartalma 0%. Kiváló állati fehérjeforrásként többek között friss kacsahúst, szénhidrátforrásként pedig burgonyát tartalmaz. A receptúrát kiváló minőségű lenolaj egészíti ki, amely a nélkülözhetetlen omega-3 zsírsavakat biztosítja. A Real Nature WILDERNESS természetes alapanyagokat tartalmaz táplálkozás-élettani szempontból értékes vitaminokkal és ásványi anyagokkal kiegészítve – garantáltan mentes a hozzáadott cukortól, mesterséges tartósítószerektől, színezékektől és aromaanyagoktól. Teljes értékű eledel kifejlett kutyáknak 11–24 hónapos kortól (a kutya termetétől függően). Összetétel: vaddisznófehérje (30%), bárányfehérje (20%), burgonya (14%), friss kacsahús (10%), kacsazsír (10%), burgonyaliszt (8%), almapép (3%), sárgarépa (1%), spenót (1%), borsó (1%), lenolaj (1%), glükózamin (0,026%), kondroitin-szulfát (0,018%), mannán-oligoszacharidok (0,015%), frukto-oligoszacharidok (0,01%), Yucca schidigera por (0,01%), tőzegáfonya (0,005%), rozmaring (0,004%), útifűmaghéj és mag (0,002%), alga (Ascophyllum nodosum, 0,002%), kakukkfű (0,001%), borsmenta (0,001%), gyermekláncfű (0,001%), petrezselyem (0,001%). Nyomokban egyéb összetevőket is tartalmazhat. Analitikai összetevők: fehérje 37%, zsírtartalom 16%, nyershamu 6,8%, nyersrost 3,8%, kalcium 1,3%, foszfor 1%. Adalékanyagok/kg: tápértékkel rendelkező adalékanyagok: A-vitamin 20000 NE, D3-vitamin 1500 NE, E-vitamin 500mg, B2-vitamin 4mg, vas (3b106) 72mg, réz (3b406) 15mg, jód (3b201) 0,65mg, mangán (3b504) 35mg, szelén (3b810) 0,2mg, cink (3b606) 80mg. Tovább olvasok"}
{"breadcrumb": "Főoldal/Kutya/Eledelek/Száraz eledelek/Real Nature Wilderness száraz kutyaeledel adult vaddisznó 4kg", "product_name": "Real Nature Wilderness száraz kutyaeledel adult vaddisznó 4kgReal Nature Wilderness száraz kutyaeledel adult vaddisznó 4kg", "brand": "Real NatureWilderness1,1kg – 4kgFelnőttvadgabonamentes", "regular_price": "3 799", "selling_price": "3 299", "price_per_unit": "1 kg=3000 Ft", "product_url": "https://webshop.fressnapf.hu/termekek/real-nature-wilderness-kutya-szarazeledel-vaddiszno-4kg/", "product_description": "A Real Nature WILDERNESS a kutya természetét szem előtt tartva készül. Termékeink a kutya elődje, a farkas táplálkozását alapul véve készülnek, így lehetővé teszik az állat igényeinek teljes mértékben megfelelő táplálást. Ez a receptúra 70% kiváló minőségű vaddisznóból, bárányból és kacsából, valamint 30% gyümölcsből, zöldségből és értékes összetevőkből áll, gabonatartalma 0%. Kiváló állati fehérjeforrásként többek között friss kacsahúst, szénhidrátforrásként pedig burgonyát tartalmaz. A receptúrát kiváló minőségű lenolaj egészíti ki, amely a nélkülözhetetlen omega-3 zsírsavakat biztosítja. A Real Nature WILDERNESS természetes alapanyagokat tartalmaz táplálkozás-élettani szempontból értékes vitaminokkal és ásványi anyagokkal kiegészítve – garantáltan mentes a hozzáadott cukortól, mesterséges tartósítószerektől, színezékektől és aromaanyagoktól. Teljes értékű eledel kifejlett kutyáknak 11–24 hónapos kortól (a kutya termetétől függően). Összetétel: vaddisznófehérje (30%), bárányfehérje (20%), burgonya (14%), friss kacsahús (10%), kacsazsír (10%), burgonyaliszt (8%), almapép (3%), sárgarépa (1%), spenót (1%), borsó (1%), lenolaj (1%), glükózamin (0,026%), kondroitin-szulfát (0,018%), mannán-oligoszacharidok (0,015%), frukto-oligoszacharidok (0,01%), Yucca schidigera por (0,01%), tőzegáfonya (0,005%), rozmaring (0,004%), útifűmaghéj és mag (0,002%), alga (Ascophyllum nodosum, 0,002%), kakukkfű (0,001%), borsmenta (0,001%), gyermekláncfű (0,001%), petrezselyem (0,001%). Nyomokban egyéb összetevőket is tartalmazhat. Analitikai összetevők: fehérje 37%, zsírtartalom 16%, nyershamu 6,8%, nyersrost 3,8%, kalcium 1,3%, foszfor 1%. Adalékanyagok/kg: tápértékkel rendelkező adalékanyagok: A-vitamin 20000 NE, D3-vitamin 1500 NE, E-vitamin 500mg, B2-vitamin 4mg, vas (3b106) 72mg, réz (3b406) 15mg, jód (3b201) 0,65mg, mangán (3b504) 35mg, szelén (3b810) 0,2mg, cink (3b606) 80mg. Tovább olvasok"}
{"breadcrumb": "Főoldal/Kutya/Eledelek/Száraz eledelek/Real Nature Wilderness száraz kutyaeledel hal 1kg", "product_name": "Real Nature Wilderness száraz kutyaeledel hal 1kgReal Nature Wilderness száraz kutyaeledel hal 1kg", "brand": "Real NatureWilderness801g – 1kgFelnőtthal&tenger gyümölcseigabonamentes", "regular_price": "4 499", "selling_price": "3 999", "price_per_unit": "1 kg=3999 Ft", "product_url": "https://webshop.fressnapf.hu/termekek/real-nature-wilderness-szaraz-kutyaeledel-hal-1kg/", "product_description": "FRESH FISH Adult Lazac. Real NatureWILDERNESS FRESH FISH, 60%-ban friss halból készült, megfelel kutyája természetének, különösen ízletes, és ezért a kutyák nagyon jól elfogadják. Termékeink a kutya elődje, a farkas táplálkozását alapul véve készülnek, így lehetővé teszik az állat igényeinek teljes mértékben megfelelő táplálást. Ez a receptúra 60% friss lazacból, mint kiváló minőségű állati fehérjeforrásból, 40% zöldségből és értékes összetevőkből, valamint 0% hozzáadott gabonaféléből és burgonyából áll. Az értékes lazacolaj omega-3 zsírsavak forrásaként szolgál. A Real Nature WILDERNESS FRESH FISH gondosan válogatott természetes nyersanyagokat kínál, táplálkozás-fiziológiailag ésszerű módon értékes vitaminokkal és ásványi anyagokkal kiegészítve – garantáltan hozzáadott cukor, szója, mesterséges aromaanyagok, tartósítószerek és emulgeálószerek nélkül. Teljes értékű eledel kifejlett kutyák számára. Összetétel: friss lazac (60%), borsó (14%), csicseriborsó (4%), lencse (4%), csirkezsír (4%), sütőtök (3%), lazacolaj (3%), szárított almapép (3%), természetes aromák (2%), sárgarépa (1%), szárított tojáshéj (0,5%), szárított kelp (Ascophyllum nodosum, 0,5%), borsóliszt, szárított homoktövis (0,1%), szárított gyömbérgyökér (0,1%), szárított rozmaring (0,1%), szárított kakukkfű (0,1%), szárított vörösáfonya (0,05%), szárított kékáfonya (0,05%), frukto-oligoszacharidok (0,016%), zöldkagyló (0,015%), mannán-oligoszacharidok (0,013%), Yucca schidigera (0,05%), frukto-oligoszacharidok (0,016%), zöldkagyló (0,015%), mannán-oligoszacharidok (0,013%), Yucca schidigera (0,009%). Nyomokban egyéb összetevőket is tartalmazhat. Analitikai összetevők: fehérje 26%, zsírtartalom 18%, nyershamu 7,2%, nyersrost 3%, kalcium 1,1%, foszfor 0,8%. Adalékanyagok/kg: tápértékkel rendelkező adalékanyagok: A-vitamin 22000 NE, D3-vitamin 1400 NE, taurin 1500mg, réz (3b406) 12mg, vas (3b106) 60mg, jód (3b201) 0,55mg, mangán (3b504) 40mg, szelén (3b810) 0,16mg, cink (3b606) 70mg. Tovább olvasok"}
{"breadcrumb": "Főoldal/Kutya/Eledelek/Száraz eledelek/Real Nature Wilderness száraz kutyaeledel hal 4kg", "product_name": "Real Nature Wilderness száraz kutyaeledel hal 4kgReal Nature Wilderness száraz kutyaeledel hal 4kg", "brand": "Real NatureWilderness1,1kg – 4kgFelnőtthal&tenger gyümölcseigabonamentes", "regular_price": "3 499", "selling_price": "2 999", "price_per_unit": "1 KG=3750 Ft", "product_url": "https://webshop.fressnapf.hu/termekek/real-nature-wilderness-szaraz-kutyaeledel-hal-4kg/", "product_description": "FRESH FISH Adult Lazac. Real NatureWILDERNESS FRESH FISH, 60%-ban friss halból készült, megfelel kutyája természetének, különösen ízletes, és ezért a kutyák nagyon jól elfogadják. Termékeink a kutya elődje, a farkas táplálkozását alapul véve készülnek, így lehetővé teszik az állat igényeinek teljes mértékben megfelelő táplálást. Ez a receptúra 60% friss lazacból, mint kiváló minőségű állati fehérjeforrásból, 40% zöldségből és értékes összetevőkből, valamint 0% hozzáadott gabonaféléből és burgonyából áll. Az értékes lazacolaj omega-3 zsírsavak forrásaként szolgál. A Real Nature WILDERNESS FRESH FISH gondosan válogatott természetes nyersanyagokat kínál, táplálkozás-fiziológiailag ésszerű módon értékes vitaminokkal és ásványi anyagokkal kiegészítve – garantáltan hozzáadott cukor, szója, mesterséges aromaanyagok, tartósítószerek és emulgeálószerek nélkül. Teljes értékű eledel kifejlett kutyák számára. Összetétel: friss lazac (60%), borsó (14%), csicseriborsó (4%), lencse (4%), csirkezsír (4%), sütőtök (3%), lazacolaj (3%), szárított almapép (3%), természetes aromák (2%), sárgarépa (1%), szárított tojáshéj (0,5%), szárított kelp (Ascophyllum nodosum, 0,5%), borsóliszt, szárított homoktövis (0,1%), szárított gyömbérgyökér (0,1%), szárított rozmaring (0,1%), szárított kakukkfű (0,1%), szárított vörösáfonya (0,05%), szárított kékáfonya (0,05%), frukto-oligoszacharidok (0,016%), zöldkagyló (0,015%), mannán-oligoszacharidok (0,013%), Yucca schidigera (0,05%), frukto-oligoszacharidok (0,016%), zöldkagyló (0,015%), mannán-oligoszacharidok (0,013%), Yucca schidigera (0,009%). Nyomokban egyéb összetevőket is tartalmazhat. Analitikai összetevők: fehérje 26%, zsírtartalom 18%, nyershamu 7,2%, nyersrost 3%, kalcium 1,1%, foszfor 0,8%. Adalékanyagok/kg: tápértékkel rendelkező adalékanyagok: A-vitamin 22000 NE, D3-vitamin 1400 NE, taurin 1500mg, réz (3b406) 12mg, vas (3b106) 60mg, jód (3b201) 0,55mg, mangán (3b504) 40mg, szelén (3b810) 0,16mg, cink (3b606) 70mg. Tovább olvasok"}
{"breadcrumb": "Főoldal/Kutya/Eledelek/Száraz eledelek/Real Nature Wilderness száraz kutyaeledel junior csirke&hal 12kg", "product_name": "Real Nature Wilderness száraz kutyaeledel junior csirke&hal 12kgReal Nature Wilderness száraz kutyaeledel junior csirke&hal 12kg", "brand": "Real NatureWilderness10,1 – 12kgKölyökszárnyasgabonamentes", "regular_price": "9 999", "selling_price": "8 999", "price_per_unit": "1 kg=2000 Ft", "product_url": "https://webshop.fressnapf.hu/termekek/real-nature-wn-k-12kg-sz-jun-csirkehal/", "product_description": "70% minőségi csirkehúsból és halból, 30% gyümölcsből, zöldségből és gyógynövényekből készül tartósítószerek, aromák és színezékek nélkül gabonamentes A REAL NATURE WILDERNESS Junior Csirkével és Hallal optimális bármilyen fajtájú és termetű kölyökkutya és fiatal kutya számára az elválasztástól egészen a kb. 24 hónapos korig. A REAL NATURE WILDERNESS kutyája természetéhez igazodik. A kutyák ősének, azaz a farkasnak a táplálkozását veszi alapul, és lehetővé teszi, hogy kedvencét úgy táplálja, ahogy az a faj igényeit a leginkább kielégíti. A REAL NATURE WILDERNESS 70% minőségi csirkehúsból és/vagy halból, 30% gyümölcsből, zöldségből és gyógynövényekből, valamint 0% gabonából készül. Egyetlen szénhidrátforrásként burgonyát tartalmaz, minőségi állati fehérjeforrásként pedig friss csirkehúst. Az értékes lazacolaj fontos kiegészítője a REAL NATURE WILDERNESS receptúráknak, mivel nélkülözhetetlen zsírsavakat biztosít. A REAL NATURE WILDERNESS 100%-ban természetes 1 , és nem tartalmaz tartósítószereket, aromákat és színezékeket. A Junior receptúra optimálisan igazodik a fiatal kutyák igényeihez. Az előnyök áttekintése: 100%-ban természetes 1 – tartósítószerek, aromák és színezékek nélkül 70% baromfihús és/vagy hal, pl. csirke, lazac, vagy fehér halhús minőségi állati fehérjeforrásként 30% gyümölcs, zöldség és gyógynövények, mint például gyermekláncfű, tőzegáfonya, alma vagy kakukkfű gabonamentes –  a burgonya szolgál egyedüli szénhidrátforrásként a farkas táplálkozását alapul vevő, fajnak megfelelő eledel magas hústartalommal a kutya életszakaszaihoz igazítva (Junior / Adult) 1 a felhasznált alapanyagokban Analitikai összetevők 39% fehérje, 20% zsírtartalom, 7% nyershamu, 3,5% nyersrost, 1,6% kalcium, 1,1% foszfor. Összetétel csirkefehérje (20%), friss csirkehús (18%), burgonya (12%), burgonyaliszt (10%), friss lazac (8%), csirkezsír (5%), hidrolizált csirkefehérjet (4%), friss kacsahús (4%), hering (4%), alma (4%), lazacolaj (4%), friss csirkemáj (3%), sárgarépa (1%), spenót (1%), borsó (1%), glükózamin-szulfát, kondroitin-szulfát, mannán-oligoszacharidok, frukto-oligoszacharidok, Yucca schidigera, tőzegáfonya, rozmaring, útifűmaghéj, algák, kakukkfű, borsmenta, gyermekláncfű (0,0012%), petrezselyem. Nyomokban tartalmazhat egyéb összetevőket. Adalékanyag/kg Táplálkozásfiziológiai adalékanyagok: 20000 NE A -vitamin, 1500 NE D3 -vitamin, 15 mg réz (aminosav-rézkelát, hidrát), 72 mg vas mg (vas(II)-szulfát, monohidrát), 0,65 mg jód (kálium-jodid), 35 mg mangán (mangán(II)-oxid), 0,25 mg szelén (CNCM I-3060 saccharomyces cerevisiae-ból (inaktivált szelénélesztőből) származó szerves szelén), 80 mg cink (aminosav-cinkkelát, hidrát) Táplálási javaslat A kutya végleges súlya kg-ban A kutya életkora hónapokban 2 3-5 6-7 8 – 10 11-14 15-17 18-24 2 50 g 55 g 60 g 55 g Adult Adult Adult 5 100 g 115 g 120 g 115 g Adult Adult Adult 7,5 125 g 150 g 160 g 155 g Adult Adult Adult 10 150 g 185 g 200 g 190 g Adult Adult Adult 15 200 g 250 g 270 g 270 g 260 g Adult Adult 20 240 g 310 g 335 g 335 g 320 g Adult Adult 25 280 g 360 g 395 g 395 g 380 g Adult Adult 30 295 g 415 g 445 g 455 g 460 g Adult Adult 35 310 g 460 g 500 g 515 g 515 g Adult Adult 40 325 g 505 g 555 g 565 g 570 g 545 g Adult 45 340 g 550 g 605 g 615 g 620 g 615 g 590 g 50 350 g 590 g 650 g 665 g 670 g 670 g 640 g 60 375 g 665 g 750 g 765 g 770 g 765 g 735 g 70 400 g 740 g 840 g 860 g 865 g 860 g 825 g 80 420 g 810 g 930 g 950 g 955 g 950 g 895 g A megadott értékek irányadó értékek. A tényleges táplálékszükséglet kutyája életkorától és aktivitásától függ. Ügyeljen arra, hogy jutalomfalatok hozzáadása esetén csökkentse a megadott tápmennyiséget. Tovább olvasok"}
{"breadcrumb": "Főoldal/Kutya/Eledelek/Száraz eledelek/Real Nature Wilderness száraz kutyaeledel junior csirke&hal 1kg", "product_name": "Real Nature Wilderness száraz kutyaeledel junior csirke&hal 1kgReal Nature Wilderness száraz kutyaeledel junior csirke&hal 1kg", "brand": "Real NatureWilderness801g – 1kgKölyökszárnyasgabonamentes", "regular_price": "3 699", "selling_price": "3 499", "price_per_unit": "1 kg=3499 Ft", "product_url": "https://webshop.fressnapf.hu/termekek/real-nature-wilderness-pure-country-junior-chickenfish-1kg/", "product_description": "70% minőségi csirkehúsból és halból, 30% gyümölcsből, zöldségből és gyógynövényekből készül tartósítószerek, aromák és színezékek nélkül gabonamentes A REAL NATURE WILDERNESS Junior Csirkével és Hallal optimális bármilyen fajtájú és termetű kölyökkutya és fiatal kutya számára az elválasztástól egészen a kb. 24 hónapos korig. A REAL NATURE WILDERNESS kutyája természetéhez igazodik. A kutyák ősének, azaz a farkasnak a táplálkozását veszi alapul, és lehetővé teszi, hogy kedvencét úgy táplálja, ahogy az a faj igényeit a leginkább kielégíti. A REAL NATURE WILDERNESS 70% minőségi csirkehúsból és/vagy halból, 30% gyümölcsből, zöldségből és gyógynövényekből, valamint 0% gabonából készül. Egyetlen szénhidrátforrásként burgonyát tartalmaz, minőségi állati fehérjeforrásként pedig friss csirkehúst. Az értékes lazacolaj fontos kiegészítője a REAL NATURE WILDERNESS receptúráknak, mivel nélkülözhetetlen zsírsavakat biztosít. A REAL NATURE WILDERNESS 100%-ban természetes 1 , és nem tartalmaz tartósítószereket, aromákat és színezékeket. A Junior receptúra optimálisan igazodik a fiatal kutyák igényeihez. Az előnyök áttekintése: 100%-ban természetes 1 – tartósítószerek, aromák és színezékek nélkül 70% baromfihús és/vagy hal, pl. csirke, lazac, vagy fehér halhús minőségi állati fehérjeforrásként 30% gyümölcs, zöldség és gyógynövények, mint például gyermekláncfű, tőzegáfonya, alma vagy kakukkfű gabonamentes –  a burgonya szolgál egyedüli szénhidrátforrásként a farkas táplálkozását alapul vevő, fajnak megfelelő eledel magas hústartalommal a kutya életszakaszaihoz igazítva (Junior / Adult) 1 a felhasznált alapanyagokban Analitikai összetevők 39% fehérje, 20% zsírtartalom, 7% nyershamu, 3,5% nyersrost, 1,6% kalcium, 1,1% foszfor. Összetétel csirkefehérje (20%), friss csirkehús (18%), burgonya (12%), burgonyaliszt (10%), friss lazac (8%), csirkezsír (5%), hidrolizált csirkefehérjet (4%), friss kacsahús (4%), hering (4%), alma (4%), lazacolaj (4%), friss csirkemáj (3%), sárgarépa (1%), spenót (1%), borsó (1%), glükózamin-szulfát, kondroitin-szulfát, mannán-oligoszacharidok, frukto-oligoszacharidok, Yucca schidigera, tőzegáfonya, rozmaring, útifűmaghéj, algák, kakukkfű, borsmenta, gyermekláncfű (0,0012%), petrezselyem. Nyomokban tartalmazhat egyéb összetevőket. Adalékanyag/kg Táplálkozásfiziológiai adalékanyagok: 20000 NE A -vitamin, 1500 NE D3 -vitamin, 15 mg réz (aminosav-rézkelát, hidrát), 72 mg vas mg (vas(II)-szulfát, monohidrát), 0,65 mg jód (kálium-jodid), 35 mg mangán (mangán(II)-oxid), 0,25 mg szelén (CNCM I-3060 saccharomyces cerevisiae-ból (inaktivált szelénélesztőből) származó szerves szelén), 80 mg cink (aminosav-cinkkelát, hidrát) Táplálási javaslat A kutya végleges súlya kg-ban A kutya életkora hónapokban 2 3-5 6-7 8 – 10 11-14 15-17 18-24 2 50 g 55 g 60 g 55 g Adult Adult Adult 5 100 g 115 g 120 g 115 g Adult Adult Adult 7,5 125 g 150 g 160 g 155 g Adult Adult Adult 10 150 g 185 g 200 g 190 g Adult Adult Adult 15 200 g 250 g 270 g 270 g 260 g Adult Adult 20 240 g 310 g 335 g 335 g 320 g Adult Adult 25 280 g 360 g 395 g 395 g 380 g Adult Adult 30 295 g 415 g 445 g 455 g 460 g Adult Adult 35 310 g 460 g 500 g 515 g 515 g Adult Adult 40 325 g 505 g 555 g 565 g 570 g 545 g Adult 45 340 g 550 g 605 g 615 g 620 g 615 g 590 g 50 350 g 590 g 650 g 665 g 670 g 670 g 640 g 60 375 g 665 g 750 g 765 g 770 g 765 g 735 g 70 400 g 740 g 840 g 860 g 865 g 860 g 825 g 80 420 g 810 g 930 g 950 g 955 g 950 g 895 g A megadott értékek irányadó értékek. A tényleges táplálékszükséglet kutyája életkorától és aktivitásától függ. Ügyeljen arra, hogy jutalomfalatok hozzáadása esetén csökkentse a megadott tápmennyiséget. Tovább olvasok"}
{"breadcrumb": "Főoldal/Kutya/Eledelek/Száraz eledelek/Real Nature Wilderness száraz kutyaeledel junior csirke&hal 4kg", "product_name": "Real Nature Wilderness száraz kutyaeledel junior csirke&hal 4kgReal Nature Wilderness száraz kutyaeledel junior csirke&hal 4kg", "brand": "Real NatureWilderness1,1kg – 4kgKölyökszárnyasgabonamentes", "regular_price": "3 799", "selling_price": "3 299", "price_per_unit": "1 kg=3000 Ft", "product_url": "https://webshop.fressnapf.hu/termekek/real-nature-wilderness-pure-country-junior-chickenfish-4kg/", "product_description": "70% minőségi csirkehúsból és halból, 30% gyümölcsből, zöldségből és gyógynövényekből készül tartósítószerek, aromák és színezékek nélkül gabonamentes A REAL NATURE WILDERNESS Junior Csirkével és Hallal optimális bármilyen fajtájú és termetű kölyökkutya és fiatal kutya számára az elválasztástól egészen a kb. 24 hónapos korig. A REAL NATURE WILDERNESS kutyája természetéhez igazodik. A kutyák ősének, azaz a farkasnak a táplálkozását veszi alapul, és lehetővé teszi, hogy kedvencét úgy táplálja, ahogy az a faj igényeit a leginkább kielégíti. A REAL NATURE WILDERNESS 70% minőségi csirkehúsból és/vagy halból, 30% gyümölcsből, zöldségből és gyógynövényekből, valamint 0% gabonából készül. Egyetlen szénhidrátforrásként burgonyát tartalmaz, minőségi állati fehérjeforrásként pedig friss csirkehúst. Az értékes lazacolaj fontos kiegészítője a REAL NATURE WILDERNESS receptúráknak, mivel nélkülözhetetlen zsírsavakat biztosít. A REAL NATURE WILDERNESS 100%-ban természetes 1 , és nem tartalmaz tartósítószereket, aromákat és színezékeket. A Junior receptúra optimálisan igazodik a fiatal kutyák igényeihez. Az előnyök áttekintése: 100%-ban természetes 1 – tartósítószerek, aromák és színezékek nélkül 70% baromfihús és/vagy hal, pl. csirke, lazac, vagy fehér halhús minőségi állati fehérjeforrásként 30% gyümölcs, zöldség és gyógynövények, mint például gyermekláncfű, tőzegáfonya, alma vagy kakukkfű gabonamentes –  a burgonya szolgál egyedüli szénhidrátforrásként a farkas táplálkozását alapul vevő, fajnak megfelelő eledel magas hústartalommal a kutya életszakaszaihoz igazítva (Junior / Adult) 1 a felhasznált alapanyagokban Analitikai összetevők 39% fehérje, 20% zsírtartalom, 7% nyershamu, 3,5% nyersrost, 1,6% kalcium, 1,1% foszfor, 0,53% omega-3-zsírsavak. Összetétel csirkefehérje (20%), friss csirkehús (18%), burgonya (12%), burgonyaliszt (10%), friss lazac (8%), csirkezsír (5%), hidrolizált csirkefehérjet (4%), friss kacsahús (4%), hering (4%), alma (4%), lazacolaj (4%), friss csirkemáj (3%), sárgarépa (1%), spenót (1%), borsó (1%), glükózamin-szulfát, kondroitin-szulfát, mannán-oligoszacharidok, frukto-oligoszacharidok, Yucca schidigera, tőzegáfonya, rozmaring, útifűmaghéj, algák, kakukkfű, borsmenta, gyermekláncfű (0,0012%), petrezselyem. Nyomokban egyéb összetevőket tartalmazhat Adalékanyag/kg Táplálkozásfiziológiai adalékanyagok: 20000 NE A -vitamin, 1500 NE D3 -vitamin, 15 mg réz (aminosav-rézkelát, hidrát), 72 mg vas (vas(II)-szulfát, monohidrát), 0,65 mg jód (kálium-jodid), 35 mg mangán (mangán(II)-oxid), 0,25 mg szelén (CNCM I-3060 saccharomyces cerevisiae-ból (inaktivált szelénélesztőből) származó szerves szelén), 80 mg cink (aminosav-cinkkelát, hidrát). Táplálási javaslat A kutya végleges súlya kg-ban A kutya életkora hónapokban 2 3-5 6-7 8 – 10 11-14 15-17 18-24 2 50 g 55 g 60 g 55 g Adult Adult Adult 5 100 g 115 g 120 g 115 g Adult Adult Adult 7,5 125 g 150 g 160 g 155 g Adult Adult Adult 10 150 g 185 g 200 g 190 g Adult Adult Adult 15 200 g 250 g 270 g 270 g 260 g Adult Adult 20 240 g 310 g 335 g 335 g 320 g Adult Adult 25 280 g 360 g 395 g 395 g 380 g Adult Adult 30 295 g 415 g 445 g 455 g 460 g Adult Adult 35 310 g 460 g 500 g 515 g 515 g Adult Adult 40 325 g 505 g 555 g 565 g 570 g 545 g Adult 45 340 g 550 g 605 g 615 g 620 g 615 g 590 g 50 350 g 590 g 650 g 665 g 670 g 670 g 640 g 60 375 g 665 g 750 g 765 g 770 g 765 g 735 g 70 400 g 740 g 840 g 860 g 865 g 860 g 825 g 80 420 g 810 g 930 g 950 g 955 g 950 g 895 g A megadott értékek irányadó értékek. A tényleges táplálékszükséglet kutyája életkorától és aktivitásától függ. Ügyeljen arra, hogy jutalomfalatok hozzáadása esetén csökkentse a megadott tápmennyiséget. Tovább olvasok"}
{"breadcrumb": "Főoldal/Kutya/Eledelek/Száraz eledelek/Real Nature Wilderness száraz kutyaeledel junior large breed kacsa 12kg", "product_name": "Real Nature Wilderness száraz kutyaeledel junior large breed kacsa 12kgReal Nature Wilderness száraz kutyaeledel junior large breed kacsa 12kg", "brand": "Real NatureWilderness Pure10,1 – 12kgKölyökszárnyasgabonamentes", "regular_price": "3 699", "selling_price": "3 499", "price_per_unit": "1 kg=2000 Ft", "product_url": "https://webshop.fressnapf.hu/termekek/real-nature-wilderness-junior-large-breed-kacsa-12kg/", "product_description": "A Real Nature WILDERNESS a kutya természetét szem előtt tartva készül. Termékeink a kutya elődje, a farkas táplálkozását alapul véve készülnek, így lehetővé teszik az állat igényeinek teljes mértékben megfelelő táplálást. Ez a receptúra 60% kiváló minőségű kacsából, 40% gyümölcsből és zöldségből, valamint értékes összetevőkből áll, gabonatartalma 0%. Kiváló minőségű állati fehérjeforrásként többek között friss kacsahúst tartalmaz. A receptúrát értékes lenmag egészíti ki, amely nélkülözhetetlen omega-3 zsírsavakat biztosít. A Real Nature WILDERNESS természetes alapanyagokat tartalmaz, kiegészítve táplálkozás-élettani szempontból értékes vitaminokkal és ásványi anyagokkal – garantáltan hozzáadott cukor, szója, színezékek és aromaanyagok nélkül. A receptúra tökéletesen igazodik a kölykök és a növendék kutyák szükségleteihez. A glükózamin és a kondroitin-szulfát hozzájárulhat az ízületek megerősítéséhez. A megfelelően kialakított kalcium-foszfor arány elősegítheti a csontok és fogak helyes fejlődését. Teljes értékű takarmány minden fajtájú és termetű (végsúly > 25kg) kölyök- és növendék kutya számára, az elválasztástól kb. 24 hónapos életkorig (a kutya termetétől függően). Összetétel: kacsafehérje (27%), friss kacsahús (25%), burgonyapehely (23,6%), kacsazsír (5,1%), borsó (4,5%), alma (4%), kacsafehérje (hidrolizált, 3%), lenmag (2%), sörélesztő (1%), sárgarépa (1%), spenót (0,8%), tengerialgaliszt (0,2%, Ascophyllum nodosum), nátrium-klorid (0,15%), tőzegáfonya (0,1%), cikória-inulin (0,1%), élesztősejtfal (0,1%, megfelel 0,02% mannán-oligoszacharidnak és 0,02% béta-glükánnak), útifűmaghéj (0,03%), kakukkfű (0,02%), borsmenta (0,02%), gyermekláncfű (0,02%), rozmaring (0,02%), petrezselyem (0,02%), állati szövetekből származó glükózamin (0,02%), kondroitin-szulfát (0,01%), Yucca schidigera (0,01%). Nyomokban egyéb összetevőket is tartalmazhat. Analitikai összetevők: Fehérje 31%, zsírtartalom 16%, nyershamu 7%, nyersrost 3,5%, kalcium 1,5%, foszfor 1,1%, omega-3 zsírsavak 0,18%. Adalékanyagok / kg: A -vitamin 23000 NE, D3 -vitamin 1800 NE, réz (aminosav réz -kelát, hidrát) 18 mg, vas (vas (II) -szulfát, monohidrát) 85 mg, jód (kálium -jodid) 0,78 mg, mangán (mangán (II) -oxid) 42 mg , szelén (szelén szerves formában a Saccharomyces cerevisiae CNCM I-3060-tól) 0,2 mg, cink (aminosav-cink-kelát, hidrát) 100 mg. Tovább olvasok"}
{"breadcrumb": "Főoldal/Kutya/Eledelek/Száraz eledelek/Real Nature Wilderness száraz kutyaeledel junior lóhús&marha 12kg", "product_name": "Real Nature Wilderness száraz kutyaeledel junior lóhús&marha 12kgReal Nature Wilderness száraz kutyaeledel junior lóhús&marha 12kg", "brand": "Real NatureWilderness10,1 – 12kgKölyöklógabonamentes", "regular_price": "3 499", "selling_price": "2 999", "price_per_unit": "1 kg=2000 Ft", "product_url": "https://webshop.fressnapf.hu/termekek/real-nature-wilderness-junior-lohusmarha-12kg/", "product_description": "A Real Nature WILDERNESS a kutya természetét szem előtt tartva készül. Termékeink a kutya elődje, a farkas táplálkozását alapul véve készülnek, így lehetővé teszik az állat igényeinek teljes mértékben megfelelő táplálást. Ez a receptúra 70% kiváló minőségű lóhúsból és marhahúsból, valamint 30% gyümölcsből, zöldségből és értékes összetevőkből áll, gabonatartalma 0%. Kiváló állati fehérjeforrásként többek között friss marhát, szénhidrátforrásként pedig burgonyát tartalmaz. A receptúrát kiváló minőségű lenolaj egészíti ki, amely a nélkülözhetetlen omega-3 zsírsavakat biztosítja. A Real Nature WILDERNESS természetes alapanyagokat tartalmaz táplálkozás-élettani szempontból értékes vitaminokkal és ásványi anyagokkal kiegészítve – garantáltan mentes a hozzáadott cukortól, mesterséges tartósítószerektől, színezékektől és aromaanyagoktól. A receptúra tökéletesen igazodik a kölykök és a növendék kutyák szükségleteihez. A glükózamin és a kondroitin-szulfát hozzájárulhat az ízületek megerősítéséhez. A megfelelően kialakított kalcium-foszfor arány elősegítheti a csontok és fogak helyes fejlődését. Teljes értékű takarmány bármilyen fajtájú és termetű kölyök- és növendék kutyának, az elválasztástól kb. 24 hónapos életkorig (a kutya termetétől függően). Összetétel: lófehérje (28%), burgonya (17%), marhafehérje (15%), friss marhahús (15%), marhafaggyú (12%), burgonyaliszt (4%), almapép (3%), borsó (2%), sárgarépa (1%), spenót (1%), lenmag (1%), glükózamin (0,026%), kondroitin-szulfát (0,018%), mannánoligoszacharidok (0,015%), frukto-oligoszacharidok (0,01%), Yucca schidigera por (0,01%), tőzegáfonya (0,005%), rozmaring (0,004%), útifűmaghéj és mag (0,002%), alga (Ascophyllum nodosum, 0,002%), kakukkfű (0,001%), borsmenta (0,001%), gyermekláncfű (0,001%), zöldkagyló-por (0,001%), petrezselyem (0,001%). Nyomokban egyéb összetevőket is tartalmazhat. Analitikai összetevők: fehérje 38%, zsírtartalom 18%, nyershamu 6,5%, nyersrost 2,5%, kalcium 1,4%, foszfor 1%. Adalékanyagok/kg: tápértékkel rendelkező adalékanyagok: A-vitamin 20000 NE, D3-vitamin 1500 NE, E-vitamin 500mg, B2-vitamin 4mg, vas (3b106) 72mg, réz (3b406) 15mg, jód (3b201) 0,65mg, mangán (3b504) 35mg, szelén (3b810) 0,25mg, cink (3b606) 80mg. Tovább olvasok"}
{"breadcrumb": "Főoldal/Kutya/Eledelek/Száraz eledelek/Real Nature Wilderness száraz kutyaeledel junior lóhús&marha 1kg", "product_name": "Real Nature Wilderness száraz kutyaeledel junior lóhús&marha 1kgReal Nature Wilderness száraz kutyaeledel junior lóhús&marha 1kg", "brand": "Real NatureWilderness801g – 1kgKölyöklógabonamentes", "regular_price": "3 699", "selling_price": "3 499", "price_per_unit": "1 kg=3499 Ft", "product_url": "https://webshop.fressnapf.hu/termekek/real-nature-wilderness-junior-lohusmarha-1kg/", "product_description": "A Real Nature WILDERNESS a kutya természetét szem előtt tartva készül. Termékeink a kutya elődje, a farkas táplálkozását alapul véve készülnek, így lehetővé teszik az állat igényeinek teljes mértékben megfelelő táplálást. Ez a receptúra 70% kiváló minőségű lóhúsból és marhahúsból, valamint 30% gyümölcsből, zöldségből és értékes összetevőkből áll, gabonatartalma 0%. Kiváló állati fehérjeforrásként többek között friss marhát, szénhidrátforrásként pedig burgonyát tartalmaz. A receptúrát kiváló minőségű lenolaj egészíti ki, amely a nélkülözhetetlen omega-3 zsírsavakat biztosítja. A Real Nature WILDERNESS természetes alapanyagokat tartalmaz táplálkozás-élettani szempontból értékes vitaminokkal és ásványi anyagokkal kiegészítve – garantáltan mentes a hozzáadott cukortól, mesterséges tartósítószerektől, színezékektől és aromaanyagoktól. A receptúra tökéletesen igazodik a kölykök és a növendék kutyák szükségleteihez. A glükózamin és a kondroitin-szulfát hozzájárulhat az ízületek megerősítéséhez. A megfelelően kialakított kalcium-foszfor arány elősegítheti a csontok és fogak helyes fejlődését. Teljes értékű takarmány bármilyen fajtájú és termetű kölyök- és növendék kutyának, az elválasztástól kb. 24 hónapos életkorig (a kutya termetétől függően). Összetétel: lófehérje (28%), burgonya (17%), marhafehérje (15%), friss marhahús (15%), marhafaggyú (12%), burgonyaliszt (4%), almapép (3%), borsó (2%), sárgarépa (1%), spenót (1%), lenmag (1%), glükózamin (0,026%), kondroitin-szulfát (0,018%), mannánoligoszacharidok (0,015%), frukto-oligoszacharidok (0,01%), Yucca schidigera por (0,01%), tőzegáfonya (0,005%), rozmaring (0,004%), útifűmaghéj és mag (0,002%), alga (Ascophyllum nodosum, 0,002%), kakukkfű (0,001%), borsmenta (0,001%), gyermekláncfű (0,001%), zöldkagyló-por (0,001%), petrezselyem (0,001%). Nyomokban egyéb összetevőket is tartalmazhat. Analitikai összetevők: fehérje 38%, zsírtartalom 18%, nyershamu 6,5%, nyersrost 2,5%, kalcium 1,4%, foszfor 1%. Adalékanyagok/kg: tápértékkel rendelkező adalékanyagok: A-vitamin 20000 NE, D3-vitamin 1500 NE, E-vitamin 500mg, B2-vitamin 4mg, vas (3b106) 72mg, réz (3b406) 15mg, jód (3b201) 0,65mg, mangán (3b504) 35mg, szelén (3b810) 0,25mg, cink (3b606) 80mg. Tovább olvasok"}
{"breadcrumb": "Főoldal/Kutya/Eledelek/Száraz eledelek/Real Nature Wilderness száraz kutyaeledel junior lóhús&marha 4kg", "product_name": "Real Nature Wilderness száraz kutyaeledel junior lóhús&marha 4kgReal Nature Wilderness száraz kutyaeledel junior lóhús&marha 4kg", "brand": "Real NatureWilderness1,1kg – 4kgKölyöklógabonamentes", "regular_price": "9 999", "selling_price": "8 999", "price_per_unit": "1 kg=3000 Ft", "product_url": "https://webshop.fressnapf.hu/termekek/real-nature-wilderness-junior-lohusmarha-4kg/", "product_description": "A Real Nature WILDERNESS a kutya természetét szem előtt tartva készül. Termékeink a kutya elődje, a farkas táplálkozását alapul véve készülnek, így lehetővé teszik az állat igényeinek teljes mértékben megfelelő táplálást. Ez a receptúra 70% kiváló minőségű lóhúsból és marhahúsból, valamint 30% gyümölcsből, zöldségből és értékes összetevőkből áll, gabonatartalma 0%. Kiváló állati fehérjeforrásként többek között friss marhát, szénhidrátforrásként pedig burgonyát tartalmaz. A receptúrát kiváló minőségű lenolaj egészíti ki, amely a nélkülözhetetlen omega-3 zsírsavakat biztosítja. A Real Nature WILDERNESS természetes alapanyagokat tartalmaz táplálkozás-élettani szempontból értékes vitaminokkal és ásványi anyagokkal kiegészítve – garantáltan mentes a hozzáadott cukortól, mesterséges tartósítószerektől, színezékektől és aromaanyagoktól. A receptúra tökéletesen igazodik a kölykök és a növendék kutyák szükségleteihez. A glükózamin és a kondroitin-szulfát hozzájárulhat az ízületek megerősítéséhez. A megfelelően kialakított kalcium-foszfor arány elősegítheti a csontok és fogak helyes fejlődését. Teljes értékű takarmány bármilyen fajtájú és termetű kölyök- és növendék kutyának, az elválasztástól kb. 24 hónapos életkorig (a kutya termetétől függően). Összetétel: lófehérje (28%), burgonya (17%), marhafehérje (15%), friss marhahús (15%), marhafaggyú (12%), burgonyaliszt (4%), almapép (3%), borsó (2%), sárgarépa (1%), spenót (1%), lenmag (1%), glükózamin (0,026%), kondroitin-szulfát (0,018%), mannánoligoszacharidok (0,015%), frukto-oligoszacharidok (0,01%), Yucca schidigera por (0,01%), tőzegáfonya (0,005%), rozmaring (0,004%), útifűmaghéj és mag (0,002%), alga (Ascophyllum nodosum, 0,002%), kakukkfű (0,001%), borsmenta (0,001%), gyermekláncfű (0,001%), zöldkagyló-por (0,001%), petrezselyem (0,001%). Nyomokban egyéb összetevőket is tartalmazhat. Analitikai összetevők: fehérje 38%, zsírtartalom 18%, nyershamu 6,5%, nyersrost 2,5%, kalcium 1,4%, foszfor 1%. Adalékanyagok/kg: tápértékkel rendelkező adalékanyagok: A-vitamin 20000 NE, D3-vitamin 1500 NE, E-vitamin 500mg, B2-vitamin 4mg, vas (3b106) 72mg, réz (3b406) 15mg, jód (3b201) 0,65mg, mangán (3b504) 35mg, szelén (3b810) 0,25mg, cink (3b606) 80mg. Tovább olvasok"}
{"breadcrumb": "Főoldal/Kutya/Eledelek/Száraz eledelek/Real Nature Wilderness száraz kutyaeledel marha 4kg", "product_name": "Real Nature Wilderness száraz kutyaeledel marha 4kgReal Nature Wilderness száraz kutyaeledel marha 4kg", "brand": "Real NatureWilderness1,1kg – 4kgFelnőttmarha&borjúgabonamentes", "regular_price": "3 699", "selling_price": "3 299", "price_per_unit": "1 KG=3750 Ft", "product_url": "https://webshop.fressnapf.hu/termekek/real-nature-wilderness-szaraz-kutyaeledel-marha-4kg/", "product_description": "FRESH MEAT Adult Marha. A Real Nature WILDERNESS FRESH MEAT, 60%-ban friss hússal készült a húsrészben, megfelel kutyája természetének, különösen ízletes, és ezért a kutyák nagyon jól elfogadják. Termékeink a kutya elődje, a farkas táplálkozását alapul véve készülnek, így lehetővé teszik az állat igényeinek teljes mértékben megfelelő táplálást.. Ez a receptúra 60% friss húsból, mint kiváló minőségű állati fehérjeforrásból, 40% zöldségből, gyümölcsből és értékes összetevőkből, valamint 0% hozzáadott gabonaféléből és burgonyából áll. A Real Nature WILDERNESS FRESH MEAT gondosan válogatott természetes alapanyagokat kínál, táplálkozás-fiziológiai szempontból észszerű módon értékes vitaminokkal és ásványi anyagokkal kiegészítve – garantáltan hozzáadott cukor, szója, tartósítószerek és emulgeálószerek nélkül. Teljes értékű eledel kifejlett kutyák számára. Összetétel: friss marhahús (60%), borsó (14%), sütőtök (4%), marhafaggyú (4%), csicseriborsó (4%), szárított almapép (4%), lencse (4%), természetes aromák (2%), lazacolaj (1%), sárgarépa (1%), szárított tojáshéj (0,5%), szárított kelp (Ascophyllum nodosum, 0,5%), borsóliszt, szárított homoktövis (0,1%), szárított gyömbérgyökér (0,1%), szárított rozmaring (0,1%), szárított kakukkfű (0,1%), szárított vörösáfonya (0,05%), szárított kékáfonya (0,05%), frukto-oligoszacharidok (0,016%), zöldkagyló (0,015%), mannán-oligoszacharidok (0,013%), Yucca schidigera (0,009%). Nyomokban egyéb összetevőket is tartalmazhat. Analitikai összetevők: fehérje 24%, zsírtartalom 20%, nyershamu 7%, nyersrost 4,2%, kalcium 1,2%, foszfor 0,8%. Adalékanyagok/kg: tápértékkel rendelkező adalékanyagok:A-vitamin 22000 NE, D3-vitamin 1400 NE, taurin 1500mg, réz (3b406) 12mg, vas (3b106) 60mg, jód (3b201) 0,55mg, mangán (3b504) 40mg, szelén (3b810) 0,16mg, cink (3b606) 70mg. Tovább olvasok"}
{"breadcrumb": "Főoldal/Kutya/Eledelek/Száraz eledelek/Real Nature Wilderness száraz kutyaeledel maxi adult strucc 12kg", "product_name": "Real Nature Wilderness száraz kutyaeledel maxi adult strucc 12kgReal Nature Wilderness száraz kutyaeledel maxi adult strucc 12kg", "brand": "Real NatureWilderness10,1 – 12kgFelnőttegzotikusgabonamentesnagytestű 26kg-tól", "regular_price": "3 499", "selling_price": "2 999", "price_per_unit": "1 kg=2000 Ft", "product_url": "https://webshop.fressnapf.hu/termekek/real-nature-wilderness-maxi-adult-strucc-12kg/", "product_description": "A Real Nature WILDERNESS a kutya természetét szem előtt tartva készül. Termékeink a kutya elődje, a farkas táplálkozását alapul véve készülnek, így lehetővé teszik az állat igényeinek teljes mértékben megfelelő táplálást. Ez a receptúra 70% kiváló minőségű marhából, struccból és bivalyból, valamint 30% gyümölcsből, zöldségből és értékes összetevőkből áll, gabonatartalma 0%. Kiváló állati fehérjeforrásként többek között friss marhát, szénhidrátforrásként pedig édesburgonyát tartalmaz. A receptúrát kiváló minőségű lenolaj egészíti ki, amely nélkülözhetetlen omega-3 zsírsavakat biztosít. A Real Nature WILDERNESS természetes alapanyagokat tartalmaz táplálkozás-élettani szempontból értékes vitaminokkal és ásványi anyagokkal kiegészítve – garantáltan mentes a hozzáadott cukortól, mesterséges tartósítószerektől, színezékektől és aromaanyagoktól. Teljes értékű eledel nagy termetű (>25kg) kifejlett kutyák számára, 11 hónapos kortól (a kutya termetétől függően). Összetétel: friss marhahús (25%), marhafehérje (19%), borsó (11%), struccfehérje (10%), vízibivalyfehérje (8%), marhafaggyú (8%), édesburgonya (8%), almapép (4%), lazacolaj (2%), sárgarépa (1%), spenót (1%), tök (1%), lenolaj (1%), kagylómész (tengeri állatok mésztartalmú héja, 0,09%), glükózamin (0,026%), kondroitin-szulfát (0,018%), mannánoligoszacharidok (0,015%), frukto-oligoszacharidok (0,01%), Yucca schidigera por (0,01%), tőzegáfonya (0,005%), rozmaring (0,004%), útifűmaghéj és mag (0,002%), alga (Ascophyllum nodosum, 0,002%), kakukkfű (0,001%), borsmenta (0,001%), gyermekláncfű (0,001%), petrezselyem (0,001%). Nyomokban egyéb összetevőket is tartalmazhat. Analitikai összetevők: Fehérje 31%, zsírtartalom 16%, nyershamu 8%, nyersrost 2,9%, kalcium 1,6%, foszfor 1,2%, omega-3 zsírsavak 0,6% Adalékanyagok / kg: Tápértékkel rendelkező adalékanyagok: A-vitamin 20000 NE, D3-vitamin 1500 NE, DL-metionin (műszakilag tiszta) 125 mg, L-lizin-monohidroklorid (műszakilag tiszta) 25 mg, réz (aminosav réz-kelát, hidrát) 15 mg, vas (vas (II)-) szulfát, monohidrát) 72 mg, jód (kálium-jodid) 0,65 mg, mangán (mangán (II) oxid) 35 mg, szelén (szelén szerves formában a Saccharomyces cerevisiae-ból CNCM I-3060) 0,25 mg, cink (aminosavak cink-kelát, hidrát) 80 mg. Tovább olvasok"}
{"breadcrumb": "Főoldal/Kutya/Eledelek/Száraz eledelek/Real Nature Wilderness száraz kutyaeledel maxi adult strucc 4kg", "product_name": "Real Nature Wilderness száraz kutyaeledel maxi adult strucc 4kgReal Nature Wilderness száraz kutyaeledel maxi adult strucc 4kg", "brand": "Real NatureWilderness1,1kg – 4kgFelnőttegzotikusgabonamentesnagytestű 26kg-tól", "regular_price": "3 499", "selling_price": "2 999", "price_per_unit": "1 kg=3000 Ft", "product_url": "https://webshop.fressnapf.hu/termekek/real-nature-wilderness-maxi-adult-strucc-4kg/", "product_description": "A Real Nature WILDERNESS a kutya természetét szem előtt tartva készül. Termékeink a kutya elődje, a farkas táplálkozását alapul véve készülnek, így lehetővé teszik az állat igényeinek teljes mértékben megfelelő táplálást. Ez a receptúra 70% kiváló minőségű marhából, struccból és bivalyból, valamint 30% gyümölcsből, zöldségből és értékes összetevőkből áll, gabonatartalma 0%. Kiváló állati fehérjeforrásként többek között friss marhát, szénhidrátforrásként pedig édesburgonyát tartalmaz. A receptúrát kiváló minőségű lenolaj egészíti ki, amely nélkülözhetetlen omega-3 zsírsavakat biztosít. A Real Nature WILDERNESS természetes alapanyagokat tartalmaz táplálkozás-élettani szempontból értékes vitaminokkal és ásványi anyagokkal kiegészítve – garantáltan mentes a hozzáadott cukortól, mesterséges tartósítószerektől, színezékektől és aromaanyagoktól. Teljes értékű eledel nagy termetű (>25kg) kifejlett kutyák számára, 11 hónapos kortól (a kutya termetétől függően). Összetétel: friss marhahús (25%), marhafehérje (19%), borsó (11%), struccfehérje (10%), vízibivalyfehérje (8%), marhafaggyú (8%), édesburgonya (8%), almapép (4%), lazacolaj (2%), sárgarépa (1%), spenót (1%), tök (1%), lenolaj (1%), kagylómész (tengeri állatok mésztartalmú héja, 0,09%), glükózamin (0,026%), kondroitin-szulfát (0,018%), mannánoligoszacharidok (0,015%), frukto-oligoszacharidok (0,01%), Yucca schidigera por (0,01%), tőzegáfonya (0,005%), rozmaring (0,004%), útifűmaghéj és mag (0,002%), alga (Ascophyllum nodosum, 0,002%), kakukkfű (0,001%), borsmenta (0,001%), gyermekláncfű (0,001%), petrezselyem (0,001%). Nyomokban egyéb összetevőket is tartalmazhat. Analitikai összetevők: Fehérje 31%, zsírtartalom 16%, nyershamu 8%, nyersrost 2,9%, kalcium 1,6%, foszfor 1,2%, omega-3 zsírsavak 0,6% Adalékanyagok / kg: Tápértékkel rendelkező adalékanyagok: A-vitamin 20000 NE, D3-vitamin 1500 NE, DL-metionin (műszakilag tiszta) 125 mg, L-lizin-monohidroklorid (műszakilag tiszta) 25 mg, réz (aminosav réz-kelát, hidrát) 15 mg, vas (vas (II)-) szulfát, monohidrát) 72 mg, jód (kálium-jodid) 0,65 mg, mangán (mangán (II) oxid) 35 mg, szelén (szelén szerves formában a Saccharomyces cerevisiae-ból CNCM I-3060) 0,25 mg, cink (aminosavak cink-kelát, hidrát) 80 mg. Tovább olvasok"}
{"breadcrumb": "Főoldal/Kutya/Eledelek/Száraz eledelek/Real Nature Wilderness száraz kutyaeledel maxi adult vaddisznó 12kg", "product_name": "Real Nature Wilderness száraz kutyaeledel maxi adult vaddisznó 12kgReal Nature Wilderness száraz kutyaeledel maxi adult vaddisznó 12kg", "brand": "Real NatureWilderness10,1 – 12kgFelnőttvadgabonamentesnagytestű 26kg-tól", "regular_price": "9 999", "selling_price": "8 999", "price_per_unit": "1 kg=2000 Ft", "product_url": "https://webshop.fressnapf.hu/termekek/real-nature-wilderness-maxi-adult-vaddiszno-12kg/", "product_description": "A Real Nature WILDERNESS a kutya természetét szem előtt tartva készül. Termékeink a kutya elődje, a farkas táplálkozását alapul véve készülnek, így lehetővé teszik az állat igényeinek teljes mértékben megfelelő táplálást. Ez a receptúra 60% kiváló minőségű vaddisznóból, bárányból és kacsából, valamint 40% gyümölcsből, zöldségből és értékes összetevőkből áll, gabonatartalma 0%. Kiváló állati fehérjeforrásként többek között friss kacsahúst, szénhidrátforrásként pedig burgonyát tartalmaz. A receptúrát kiváló minőségű lazacolaj egészíti ki, amely a nélkülözhetetlen omega-3 zsírsavakat biztosítja. A Real Nature WILDERNESS természetes alapanyagokat tartalmaz táplálkozás-élettani szempontból értékes vitaminokkal és ásványi anyagokkal kiegészítve – garantáltan mentes a hozzáadott cukortól, mesterséges tartósítószerektől, színezékektől és aromaanyagoktól. Teljes értékű eledel nagy termetű (>25kg) kifejlett kutyák számára, 11 hónapos kortól (a kutya termetétől függően). Összetétel: vaddisznófehérje (26%), bárányfehérje (16%), burgonya (16%), friss kacsahús (14%), burgonyaliszt (12%), kacsazsír (8%), almapép (3%), lazacolaj (2%), borsó (2%), sárgarépa (2%), spenót (1%), paradicsom (1%), kagylómész (tengeri állatok mésztartalmú héja, 0,09%), glükózamin (0,026%), kondroitin-szulfát (0,018%), mannán-oligoszacharidok (0,015%), frukto-oligoszacharidok (0,01%), Yucca schidigera por (0,01%), tőzegáfonya (0,005%), rozmaring (0,004%), útifűmaghéj és mag (0,002%), alga (Ascophyllum nodosum, 0,002%), kakukkfű (0,001%), borsmenta (0,001%), gyermekláncfű (0,001%), petrezselyem (0,001%), fekete áfonya (0,001%). Nyomokban egyéb összetevőket is tartalmazhat. Analitikai összetevők: Fehérje 29%, zsírtartalom 14%, nyershamu 7,2%, nyersrost 3,5%, kalcium 1,5%, foszfor 1,1%, omega-3 zsírsavak 0,3% Adalékanyagok / kg: Tápértékkel rendelkező adalékanyagok: A-vitamin 20000 NE, D3-vitamin 1500 NE, DL-metionin (technikailag tiszta) 125 mg, L-lizin-monohidroklorid 25 mg, réz (aminosav réz-kelát, hidrát) 15 mg, vas (vas (II) -szulfát, monohidrát) 72 mg, jód ( Kálium-jodid) 0,65 mg, mangán (mangán (II) oxid) 35 mg, szelén (szelén szerves formában a Saccharomyces cerevisiae-ból CNCM I-3060 (inaktivált szelénélesztő)) 0,25 mg, cink (aminosav-cink-kelát, hidrát) 80 mg Tovább olvasok"}
{"breadcrumb": "Főoldal/Kutya/Eledelek/Száraz eledelek/Real Nature Wilderness száraz kutyaeledel mini adult kecske 1kg", "product_name": "Real Nature Wilderness száraz kutyaeledel mini adult kecske 1kgReal Nature Wilderness száraz kutyaeledel mini adult kecske 1kg", "brand": "Real NatureWilderness801g – 1kgFelnőttjuh&bárány&kecskekistestű 10kg-ig", "regular_price": "3 699", "selling_price": "3 499", "price_per_unit": "1 kg=3499 Ft", "product_url": "https://webshop.fressnapf.hu/termekek/real-nature-wilderness-mini-adult-kecske-1kg/", "product_description": "ROCKY HILLS ADULT MINI Kecskében gazdag teljes értékű eledel kis termetű (1-10kg) kifejlett kutyák számára 11 hónapos kortól (a kutya termetétől függően). A farkas táplálkozásának mintájára Magas hústartalommal Gyümölcsöt, zöldséget & értékes összetevőket tartalmaz Gabonaféléktől mentes receptúra Természetes összetevők, táplálkozásélettani szempontból hasznos értékes vitaminokkal és ásványi anyagokkal kiegészítve; hozzáadott mesterséges tartósítószerek, színezékek és ízesítők nélkül Analitikai összetevők: Fehérje 35%, zsírtartalom 18%, nyershamu 5,9%, nyersrost 2,5%, kalcium 1,1%, foszfor 0,7%. Összetétel: Marhafehérje (30%), friss marhahús (20%), friss kecskehús (14%), burgonyapehely (10%), marhafaggyú (6%), borsó (5%), almapép (4,5%), fehérjehidrolizátum (élesztőből, 2%), kalcium-karbonát (2%), sárgarépa (1%), sütőtök (1%), spenót (1%), lignocellulóz (1%), lazacolaj (1%), napraforgóolaj (0,5%), alga (Ascophyllum nodosum, szárított, 0,2%), kősó (0,2%), glükozamin (0,026%), kondroitin-szulfát (0,018%), mannán-oligoszacharidok (0,015%), frukto-oligoszacharidok (0,01%), yucca schidigera por (0,01%), bodza (0, 005%), áfonya (0,005%), áfonya (0,005%), rozmaring (0,004%), psylliumhéj és magvak (0,002%), kakukkfű (0,001%), borsmenta (0,001%), pitypang (0,001%), petrezselyem (0,001%). Nyomokban más összetevőket tartalmazhat. Adalékanyagok kg-onként: Táplálkozási adalékanyagok: A-vitamin 20000 NE, D3-vitamin 1500 NE, E-vitamin 500mg, B2-vitamin 4mg, vas (3b106) 72mg, réz (3b406) 15mg, jód (3b201) 0,65mg, mangán (3b504) 35mg, szelén (3b810) 0,25mg, cink (3b606) 80mg. Tovább olvasok"}
{"breadcrumb": "Főoldal/Kutya/Eledelek/Száraz eledelek/Real Nature Wilderness száraz kutyaeledel mini adult kecske 4kg", "product_name": "Real Nature Wilderness száraz kutyaeledel mini adult kecske 4kgReal Nature Wilderness száraz kutyaeledel mini adult kecske 4kg", "brand": "Real NatureWilderness1,1kg – 4kgFelnőttjuh&bárány&kecskekistestű 10kg-ig", "regular_price": "9 999", "selling_price": "8 999", "price_per_unit": "1 kg=3000 Ft", "product_url": "https://webshop.fressnapf.hu/termekek/real-nature-wilderness-mini-adult-kecske-4kg/", "product_description": "ROCKY HILLS ADULT MINI Kecskében gazdag teljes értékű eledel kis termetű (1-10kg) kifejlett kutyák számára 11 hónapos kortól (a kutya termetétől függően). A farkas táplálkozásának mintájára Magas hústartalommal Gyümölcsöt, zöldséget & értékes összetevőket tartalmaz Gabonaféléktől mentes receptúra Természetes összetevők, táplálkozásélettani szempontból hasznos értékes vitaminokkal és ásványi anyagokkal kiegészítve; hozzáadott mesterséges tartósítószerek, színezékek és ízesítők nélkül Analitikai összetevők: Fehérje 35%, zsírtartalom 18%, nyershamu 5,9%, nyersrost 2,5%, kalcium 1,1%, foszfor 0,7%. Összetétel: Marhafehérje (30%), friss marhahús (20%), friss kecskehús (14%), burgonyapehely (10%), marhafaggyú (6%), borsó (5%), almapép (4,5%), fehérjehidrolizátum (élesztőből, 2%), kalcium-karbonát (2%), sárgarépa (1%), sütőtök (1%), spenót (1%), lignocellulóz (1%), lazacolaj (1%), napraforgóolaj (0,5%), alga (Ascophyllum nodosum, szárított, 0,2%), kősó (0,2%), glükozamin (0,026%), kondroitin-szulfát (0,018%), mannán-oligoszacharidok (0,015%), frukto-oligoszacharidok (0,01%), yucca schidigera por (0,01%), bodza (0, 005%), áfonya (0,005%), áfonya (0,005%), rozmaring (0,004%), psylliumhéj és magvak (0,002%), kakukkfű (0,001%), borsmenta (0,001%), pitypang (0,001%), petrezselyem (0,001%). Nyomokban más összetevőket tartalmazhat. Adalékanyagok kg-onként: Táplálkozási adalékanyagok: A-vitamin 20000 NE, D3-vitamin 1500 NE, E-vitamin 500mg, B2-vitamin 4mg, vas (3b106) 72mg, réz (3b406) 15mg, jód (3b201) 0,65mg, mangán (3b504) 35mg, szelén (3b810) 0,25mg, cink (3b606) 80mg. Tovább olvasok"}
{"breadcrumb": "Főoldal/Kutya/Eledelek/Száraz eledelek/Real Nature Wilderness száraz kutyaeledel mini adult lazac&garnéla 1kg", "product_name": "Real Nature Wilderness száraz kutyaeledel mini adult lazac&garnéla 1kgReal Nature Wilderness száraz kutyaeledel mini adult lazac&garnéla 1kg", "brand": "Real NatureWilderness801g – 1kgFelnőtthal&tenger gyümölcseigabonamenteskistestű 10kg-ig", "regular_price": "3 699", "selling_price": "3 499", "price_per_unit": "1 kg=3499 Ft", "product_url": "https://webshop.fressnapf.hu/termekek/real-nature-wilderness-kutya-szarazeledel-mini-kacsa-lazac-garnela-1kg/", "product_description": "A Real Nature WILDERNESS a kutya természetét szem előtt tartva készül. Termékeink a kutya elődje, a farkas táplálkozását alapul véve készülnek, így lehetővé teszik az állat igényeinek teljes mértékben megfelelő táplálást. Ez a receptúra 70% kiváló minőségű kacsából, lazacból és tengeri rákból, valamint 30% gyümölcsből, zöldségből és értékes összetevőkből áll, gabonatartalma 0%. Kiváló minőségű állati fehérjeforrásként többek között friss lazacot tartalmaz. A receptúrát kiváló minőségű lazacolaj egészíti ki, amely a nélkülözhetetlen omega-3 zsírsavakat biztosítja. A Real Nature WILDERNESS természetes alapanyagokat tartalmaz táplálkozás-élettani szempontból értékes vitaminokkal és ásványi anyagokkal kiegészítve – garantáltan mentes a hozzáadott cukortól, mesterséges tartósítószerektől, színezékektől és aromaanyagoktól. Teljes értékű eledel kis termetű (1–10kg) kifejlett kutyák számára, 11 hónapos kortól (a kutya termetétől függően). Összetétel: friss kacsahús (26%), burgonyaliszt (22%), friss lazac (14%), kacsafehérje (hidrolizált, 14%), garnélafehérje (10%), almapép (4%), kacsazsír (3%), lazacolaj (3%), sárgarépa (1%), spenót (1%), borsó (1%), glükózamin (0,026%), kondroitin-szulfát (0,018%), mannán-oligoszacharidok (0,015%), frukto-oligoszacharidok (0,01%), Yucca schidigera por (0,01%), tőzegáfonya (0,005%), rozmaring (0,004%), útifűmaghéj és mag (0,002%), alga (Ascophyllum nodosum, 0,002%), kakukkfű (0,001%), borsmenta (0,001%), petrezselyem (0,001%). Nyomokban egyéb összetevőket is tartalmazhat. Analitikai összetevők: fehérje 30%, zsírtartalom 18%, nyershamu 8%, nyersrost 2,8%, kalcium 1,9%, foszfor 1,3%. Adalékanyagok/kg: tápértékkel rendelkező adalékanyagok: A-vitamin 20000 NE, D3-vitamin 1500 NE, E-vitamin 500mg, B2-vitamin 4mg, vas (3b106) 72mg, réz (3b406) 15mg, jód (3b201) 0,65mg, mangán (3b504) 35mg, szelén (3b810) 0,25mg, cink (3b606) 80mg. Tovább olvasok"}
{"breadcrumb": "Főoldal/Kutya/Eledelek/Száraz eledelek/Real Nature Wilderness száraz kutyaeledel mini adult lazac&garnéla 4kg", "product_name": "Real Nature Wilderness száraz kutyaeledel mini adult lazac&garnéla 4kgReal Nature Wilderness száraz kutyaeledel mini adult lazac&garnéla 4kg", "brand": "Real NatureWilderness1,1kg – 4kgFelnőtthal&tenger gyümölcseikistestű 10kg-ig", "regular_price": "3 499", "selling_price": "2 999", "price_per_unit": "1 kg=3250 Ft", "product_url": "https://webshop.fressnapf.hu/termekek/real-nature-wilderness-kutya-szarazeledel-mini-kacsa-lazac-garnela-4kg/", "product_description": "A Real Nature WILDERNESS a kutya természetét szem előtt tartva készül. Termékeink a kutya elődje, a farkas táplálkozását alapul véve készülnek, így lehetővé teszik az állat igényeinek teljes mértékben megfelelő táplálást. Ez a receptúra 70% kiváló minőségű kacsából, lazacból és tengeri rákból, valamint 30% gyümölcsből, zöldségből és értékes összetevőkből áll, gabonatartalma 0%. Kiváló minőségű állati fehérjeforrásként többek között friss lazacot tartalmaz. A receptúrát kiváló minőségű lazacolaj egészíti ki, amely a nélkülözhetetlen omega-3 zsírsavakat biztosítja. A Real Nature WILDERNESS természetes alapanyagokat tartalmaz táplálkozás-élettani szempontból értékes vitaminokkal és ásványi anyagokkal kiegészítve – garantáltan mentes a hozzáadott cukortól, mesterséges tartósítószerektől, színezékektől és aromaanyagoktól. Teljes értékű eledel kis termetű (1–10kg) kifejlett kutyák számára, 11 hónapos kortól (a kutya termetétől függően). Összetétel: friss kacsahús (26%), burgonyaliszt (22%), friss lazac (14%), kacsafehérje (hidrolizált, 14%), garnélafehérje (10%), almapép (4%), kacsazsír (3%), lazacolaj (3%), sárgarépa (1%), spenót (1%), borsó (1%), glükózamin (0,026%), kondroitin-szulfát (0,018%), mannán-oligoszacharidok (0,015%), frukto-oligoszacharidok (0,01%), Yucca schidigera por (0,01%), tőzegáfonya (0,005%), rozmaring (0,004%), útifűmaghéj és mag (0,002%), alga (Ascophyllum nodosum, 0,002%), kakukkfű (0,001%), borsmenta (0,001%), petrezselyem (0,001%). Nyomokban egyéb összetevőket is tartalmazhat. Analitikai összetevők: fehérje 30%, zsírtartalom 18%, nyershamu 8%, nyersrost 2,8%, kalcium 1,9%, foszfor 1,3%. Adalékanyagok/kg: tápértékkel rendelkező adalékanyagok: A-vitamin 20000 NE, D3-vitamin 1500 NE, E-vitamin 500mg, B2-vitamin 4mg, vas (3b106) 72mg, réz (3b406) 15mg, jód (3b201) 0,65mg, mangán (3b504) 35mg, szelén (3b810) 0,25mg, cink (3b606) 80mg. Tovább olvasok"}
{"breadcrumb": "Főoldal/Kutya/Eledelek/Száraz eledelek/Real Nature Wilderness száraz kutyaeledel pulyka 1kg", "product_name": "Real Nature Wilderness száraz kutyaeledel pulyka 1kgReal Nature Wilderness száraz kutyaeledel pulyka 1kg", "brand": "Real NatureWilderness801g – 1kgFelnőttszárnyasgabonamentes", "regular_price": "4 499", "selling_price": "3 999", "price_per_unit": "1 kg=3999 Ft", "product_url": "https://webshop.fressnapf.hu/termekek/real-nature-wilderness-szaraz-kutyaeledel-pulyka-1kg/", "product_description": "FRESH MEAT Adult Pulyka. A Real Nature WILDERNESS FRESH MEAT, 60%-ban friss hússal készült a húsrészben, megfelel kutyája természetének, különösen ízletes, és ezért a kutyák nagyon jól elfogadják. Termékeink a kutya elődje, a farkas táplálkozását alapul véve készülnek, így lehetővé teszik az állat igényeinek teljes mértékben megfelelő táplálást. Ez a receptúra 60% friss húsból, mint kiváló minőségű állati fehérjeforrásból, 40% zöldségből, gyümölcsből és értékes összetevőkből, valamint 0% hozzáadott gabonaféléből és burgonyából áll. A Real Nature WILDERNESS FRESH MEAT gondosan válogatott természetes alapanyagokat kínál, táplálkozás-fiziológiai szempontból észszerű módon értékes vitaminokkal és ásványi anyagokkal kiegészítve – garantáltan hozzáadott cukor, szója, tartósítószerek és emulgeálószerek nélkül. Teljes értékű eledel kifejlett kutyák számára. Összetétel: friss pulykahús (60%), borsó (14%), csicseriborsó (5%), szárított almapép (4%), lencse (4%), csirkezsír (4%), sütőtök (3%), lazacolaj (2%), természetes aromák (2%), szárított tojáshéj (0,5%), szárított kelp (Ascophyllum nodosum, 0,5%), borsóliszt, szárított homoktövis (0,1%), szárított gyömbérgyökér (0,1%), szárított rozmaring (0,1%), szárított kakukkfű (0,1%), szárított vörösáfonya (0,05%), szárított kékáfonya (0,05%), frukto-oligoszacharidok (0,016%), zöldkagyló (0,015%), mannán-oligoszacharidok (0,013%), Yucca schidigera (0,009%). Nyomokban egyéb összetevőket is tartalmazhat. Analitikai összetevők: fehérje 25%, zsírtartalom 18%, nyershamu 7,5%, nyersrost 4,2%, kalcium 1,2%, foszfor 0,9%. Adalékanyagok/kg: tápértékkel rendelkező adalékanyagok: A-vitamin 22000 NE, D3-vitamin 1400 NE, taurin 1500mg, réz (3b406) 12mg, vas (3b106) 60mg, jód (3b201) 0,55mg, mangán (3b504) 40mg, szelén (3b810) 0,16mg, cink (3b606) 70mg. Tovább olvasok"}
{"breadcrumb": "Főoldal/Kutya/Eledelek/Száraz eledelek/Real Nature Wilderness száraz kutyaeledel pulyka 4kg", "product_name": "Real Nature Wilderness száraz kutyaeledel pulyka 4kgReal Nature Wilderness száraz kutyaeledel pulyka 4kg", "brand": "Real NatureWilderness1,1kg – 4kgFelnőttszárnyasgabonamentes", "regular_price": "9 999", "selling_price": "8 999", "price_per_unit": "1 KG=3750 Ft", "product_url": "https://webshop.fressnapf.hu/termekek/real-nature-wilderness-szaraz-kutyaeledel-pulyka-4kg/", "product_description": "FRESH MEAT Adult Pulyka. A Real Nature WILDERNESS FRESH MEAT, 60%-ban friss hússal készült a húsrészben, megfelel kutyája természetének, különösen ízletes, és ezért a kutyák nagyon jól elfogadják. Termékeink a kutya elődje, a farkas táplálkozását alapul véve készülnek, így lehetővé teszik az állat igényeinek teljes mértékben megfelelő táplálást. Ez a receptúra 60% friss húsból, mint kiváló minőségű állati fehérjeforrásból, 40% zöldségből, gyümölcsből és értékes összetevőkből, valamint 0% hozzáadott gabonaféléből és burgonyából áll. A Real Nature WILDERNESS FRESH MEAT gondosan válogatott természetes alapanyagokat kínál, táplálkozás-fiziológiai szempontból észszerű módon értékes vitaminokkal és ásványi anyagokkal kiegészítve – garantáltan hozzáadott cukor, szója, tartósítószerek és emulgeálószerek nélkül. Teljes értékű eledel kifejlett kutyák számára. Összetétel: friss pulykahús (60%), borsó (14%), csicseriborsó (5%), szárított almapép (4%), lencse (4%), csirkezsír (4%), sütőtök (3%), lazacolaj (2%), természetes aromák (2%), szárított tojáshéj (0,5%), szárított kelp (Ascophyllum nodosum, 0,5%), borsóliszt, szárított homoktövis (0,1%), szárított gyömbérgyökér (0,1%), szárított rozmaring (0,1%), szárított kakukkfű (0,1%), szárított vörösáfonya (0,05%), szárított kékáfonya (0,05%), frukto-oligoszacharidok (0,016%), zöldkagyló (0,015%), mannán-oligoszacharidok (0,013%), Yucca schidigera (0,009%). Nyomokban egyéb összetevőket is tartalmazhat. Analitikai összetevők: fehérje 25%, zsírtartalom 18%, nyershamu 7,5%, nyersrost 4,2%, kalcium 1,2%, foszfor 0,9%. Adalékanyagok/kg: tápértékkel rendelkező adalékanyagok: A-vitamin 22000 NE, D3-vitamin 1400 NE, taurin 1500mg, réz (3b406) 12mg, vas (3b106) 60mg, jód (3b201) 0,55mg, mangán (3b504) 40mg, szelén (3b810) 0,16mg, cink (3b606) 70mg. Tovább olvasok"}
{"breadcrumb": "Főoldal/Kutya/Eledelek/Száraz eledelek/Real Nature Wilderness száraz kutyaeledel senior csirke&hal 1kg", "product_name": "Real Nature Wilderness száraz kutyaeledel senior csirke&hal 1kgReal Nature Wilderness száraz kutyaeledel senior csirke&hal 1kg", "brand": "Real NatureWilderness801g – 1kgIdősvegyesgabonamentes", "regular_price": "3 699", "selling_price": "3 499", "price_per_unit": "1 kg=3499 Ft", "product_url": "https://webshop.fressnapf.hu/termekek/real-nature-wilderness-szaraz-kutyaeledel-senior-csirkehal-1kg/", "product_description": "A Real Nature WILDERNESS a kutya természetét szem előtt tartva készül. Termékeink a kutya elődje, a farkas táplálkozását alapul véve készülnek, így lehetővé teszik az állat igényeinek teljes mértékben megfelelő táplálást. Ez a receptúra 60% kiváló minőségű csirkéből, lazacból és heringből, valamint 40% gyümölcsből, zöldségből és értékes összetevőkből áll, gabonatartalma 0%. Kiváló állati fehérjeforrásként többek között friss csirkét, szénhidrátforrásként pedig burgonyát tartalmaz. A receptúrát kiváló minőségű lazacolaj egészíti ki, amely a nélkülözhetetlen omega-3 zsírsavakat biztosítja. A Real Nature WILDERNESS természetes alapanyagokat tartalmaz táplálkozás-élettani szempontból értékes vitaminokkal és ásványi anyagokkal kiegészítve – garantáltan mentes a hozzáadott cukortól, mesterséges tartósítószerektől, színezékektől és aromaanyagoktól. Az idősebb kutyáknak kifejlesztett receptúra tökéletesen igazodik táplálkozási szükségleteikhez. A zöld teában levő antioxidánsok védelmet jelenthetnek a sejtek öregedése ellen. A lazacolajban levő DHA és EPA késleltetheti az agy öregedését. Teljes értékű eledel bármilyen fajtájú és termetű idősebb kutyának, 6–8 éves kortól (a kutya termetétől függően). Összetétel: friss csirkehús (43%), burgonyapehely (33%), friss lazac (4%), friss hering (4%), friss csirkemáj (4%), lazacolaj (3%), almapép (3%), heringfehérje (hidrolizált, 2%), sárgarépa (1%), spenót (1%), borsó (1%), glükózamin (0,026%), kondroitin-szulfát (0,018%), mannán-oligoszacharidok (0,015%), frukto-oligoszacharidok (0,01%), Yucca schidigera por (0,01%), zöldkagyló-por (0,01%), tőzegáfonya (0,005%), rozmaring (0,004%), útifűmaghéj és mag (0,002%), alga (Ascophyllum nodosum, 0,002%), kakukkfű (0,001%), borsmenta (0,001%), gyermekláncfű (0,001%), petrezselyem (0,001%), zöldtea-kivonat (koffeinmentesített, 0,001%). Nyomokban egyéb összetevőket is tartalmazhat. Analitikai összetevők: fehérje 25%, zsírtartalom 11%, nyershamu 5,5%, nyersrost 4%, kalcium 1%, foszfor 0,7%. Adalékanyagok/kg: tápértékkel rendelkező adalékanyagok: A-vitamin 23000 NE, D3-vitamin 1800 NE, E-vitamin 600mg, B2-vitamin 4,5mg, vas (3b106) 85mg, réz (3b406) 18mg, jód (3b201) 0,78mg, mangán (3b504) 42mg, szelén (3b810) 0,3mg, cink (3b606) 100mg. Tovább olvasok"}
{"breadcrumb": "Főoldal/Kutya/Eledelek/Száraz eledelek/Real Nature Wilderness száraz kutyaeledel senior csirke&hal 4kg", "product_name": "Real Nature Wilderness száraz kutyaeledel senior csirke&hal 4kgReal Nature Wilderness száraz kutyaeledel senior csirke&hal 4kg", "brand": "Real NatureWilderness1,1kg – 4kgIdősszárnyasgabonamentes", "regular_price": "3 499", "selling_price": "2 999", "price_per_unit": "1 kg=3250 Ft", "product_url": "https://webshop.fressnapf.hu/termekek/real-nature-wilderness-kutya-szarazeledel-senior-csirke-lazac-hering-4kg/", "product_description": "A Real Nature WILDERNESS a kutya természetét szem előtt tartva készül. Termékeink a kutya elődje, a farkas táplálkozását alapul véve készülnek, így lehetővé teszik az állat igényeinek teljes mértékben megfelelő táplálást. Ez a receptúra 60% kiváló minőségű csirkéből, lazacból és heringből, valamint 40% gyümölcsből, zöldségből és értékes összetevőkből áll, gabonatartalma 0%. Kiváló állati fehérjeforrásként többek között friss csirkét, szénhidrátforrásként pedig burgonyát tartalmaz. A receptúrát kiváló minőségű lazacolaj egészíti ki, amely a nélkülözhetetlen omega-3 zsírsavakat biztosítja. A Real Nature WILDERNESS természetes alapanyagokat tartalmaz táplálkozás-élettani szempontból értékes vitaminokkal és ásványi anyagokkal kiegészítve – garantáltan mentes a hozzáadott cukortól, mesterséges tartósítószerektől, színezékektől és aromaanyagoktól. Az idősebb kutyáknak kifejlesztett receptúra tökéletesen igazodik táplálkozási szükségleteikhez. A zöld teában levő antioxidánsok védelmet jelenthetnek a sejtek öregedése ellen. A lazacolajban levő DHA és EPA késleltetheti az agy öregedését. Teljes értékű eledel bármilyen fajtájú és termetű idősebb kutyának, 6–8 éves kortól (a kutya termetétől függően). Összetétel: friss csirkehús (43%), burgonyapehely (33%), friss lazac (4%), friss hering (4%), friss csirkemáj (4%), lazacolaj (3%), almapép (3%), heringfehérje (hidrolizált, 2%), sárgarépa (1%), spenót (1%), borsó (1%), glükózamin (0,026%), kondroitin-szulfát (0,018%), mannán-oligoszacharidok (0,015%), frukto-oligoszacharidok (0,01%), Yucca schidigera por (0,01%), zöldkagyló-por (0,01%), tőzegáfonya (0,005%), rozmaring (0,004%), útifűmaghéj és mag (0,002%), alga (Ascophyllum nodosum, 0,002%), kakukkfű (0,001%), borsmenta (0,001%), gyermekláncfű (0,001%), petrezselyem (0,001%), zöldtea-kivonat (koffeinmentesített, 0,001%). Nyomokban egyéb összetevőket is tartalmazhat. Analitikai összetevők: fehérje 25%, zsírtartalom 11%, nyershamu 5,5%, nyersrost 4%, kalcium 1%, foszfor 0,7%. Adalékanyagok/kg: tápértékkel rendelkező adalékanyagok: A-vitamin 23000 NE, D3-vitamin 1800 NE, E-vitamin 600mg, B2-vitamin 4,5mg, vas (3b106) 85mg, réz (3b406) 18mg, jód (3b201) 0,78mg, mangán (3b504) 42mg, szelén (3b810) 0,3mg, cink (3b606) 100mg. Tovább olvasok"}
{"breadcrumb": "Főoldal/Kutya/Eledelek/Száraz eledelek/Real Nature Wilderness száraz kutyaeledel senior csirke&lazac 12kg", "product_name": "Real Nature Wilderness száraz kutyaeledel senior csirke&lazac 12kgReal Nature Wilderness száraz kutyaeledel senior csirke&lazac 12kg", "brand": "Real NatureWilderness10,1 – 12kgIdősvegyesnagytestű 26kg-tól", "regular_price": "9 999", "selling_price": "8 999", "price_per_unit": "1 kg=2000 Ft", "product_url": "https://webshop.fressnapf.hu/termekek/real-nature-wilderness-kutya-szarazeledel-senior-csirkelazac-12kg/", "product_description": "60% minőségi csirkehússal, lazaccal és heringgel Gabonamentes Tartósítószerek, aromák és színezékek nélkül A REAL NATURE WILDERNESS True Country Senior optimálisan illeszkedik bármilyen fajtájú és termetű idősebb kutya igényeihez. A REAL NATURE WILDERNESS kutyája természetéhez igazodik. A REAL NATURE WILDERNESS a kutyák ősének, azaz a farkasnak a táplálkozását veszi alapul, és lehetővé teszi, hogy kedvencét úgy táplálja, ahogy az a faj igényeit a leginkább kielégíti. A REAL NATURE WILDERNESS 60% minőségi csirkéből, lazacból és heringből, 40% gyümölcsből, zöldségből és értékes összetevőkből, illetve 0% gabonából készül. Egyetlen szénhidrátforrásként burgonyát tartalmaz, minőségi állati fehérjeforrásként pedig friss csirkehúst. Az értékes lazacolaj fontos kiegészítője a REAL NATURE WILDERNESS receptúráknak, mivel nélkülözhetetlen zsírsavakat biztosít. A REAL NATURE WILDERNESS 100%-ban természetes1, és nem tartalmaz tartósítószereket, aromákat és színezékeket. A REAL NATURE WILDERNESS száraz eledel állati összetevőinek aránya 60%. Az állati fehérje különösen értékes a kutyája számára, mivel ez a biológiailag jól hasznosítható aminosavak fő forrása. Ez azt jelenti, hogy a kutyája különösen sokat kap abból, amire a szervezetének szüksége van. Ezt a lazacolaj értékes Omega-3-zsírsavai egészítik ki. A gabona helyett burgonyát tartalmaz könnyen emészthető szénhidrátforrásként. Az előnyök áttekintése: 60% baromfihús, lazac és hering minőségi állati fehérjeforrásként 40% gyümölcs, zöldség és olyan értékes összetevők, mint például gyermekláncfű, tőzegáfonya, rozmaring vagy kakukkfű 0% gabona – a burgonya szolgál egyedüli szénhidrátforrásként a farkas táplálkozását alapul vevő, fajnak megfelelő eledel magas hústartalommal 100%-ban természetes 1 – tartósítószerek, aromák és színezékek nélkül az idősebb kutyák igényeihez igazítva 1 a felhasznált alapanyagokban. Analitikai összetevők 25% fehérje, 11% zsírtartalom, 4,8% nyershamu, 2,1% nyersrost, 1% kalcium, 0,6% foszfor. Összetétel friss csirkehús (42%), burgonyakeményítő (31,3%), friss hering (4%), lazacliszt (4%), alma (4%), friss csirkemáj (4%), csirkefehérje (4%), hidrolizált heringfehérje (2%), borsó (1%), sárgarépa (1%), spenót (1%), kondroitin-szulfát (0,005%), glükózamin (0,005%), mannán-oligoszacharidok (0,005%), cikória (0,005%), Yucca schidigera (0,005%), vörös áfonya (0,005%), rozmaring (0,004%), útifűmaghéj (0,002%), tengeri alga (0,0018%), kakukkfű (0,0014%), borsmenta (0,0014%), petrezselyem (0,001%), Nyomokban tartalmazhat egyéb összetevőket. Adalékanyag/kg Táplálkozásfiziológiai adalékanyagok: 23000 NE A -vitamin, 1800 NE D3 -vitamin, 500 mg taurin, 15 mg réz (réz(II)-szulfát, pentahidrát), 3,5 mg jód (kalcium-jodát, vízmentes), 0,27 mg szelén (nátrium-szelenit), 65 mg cink (aminosav-cinkkelát, hidrát), 130 mg cink (cink-oxid), 1500 mg DL-methionin, technikai tisztaságú, 25 mg L-lizin-monohidroklorid, technikai tisztaságú Táplálási javaslat A kutya súlya Napi adag 5 kg 75 g 10 kg 120 g 20 kg 205 g 30 kg 280 g 40 kg 345 g 50 kg 410 g 60 kg 470 g 70 kg 525 g 80 kg 585 g A megadott adatok irányadó értékek. A tényleges tápanyagigény a fajtától, az életkortól és az aktivitástól függ. Jutalomfalatok hozzáadása esetén ennek megfelelően csökkentse a táp mennyiségét. Mindig álljon rendelkezésre friss ivóvíz. Tovább olvasok"}
{"breadcrumb": "Főoldal/Kutya/Eledelek/Száraz eledelek/Real Nature Wilderness száraz kutyaeledel senior Dark Fjord gímszarvas&lazac 12kg", "product_name": "Real Nature Wilderness száraz kutyaeledel senior Dark Fjord gímszarvas&lazac 12kgReal Nature Wilderness száraz kutyaeledel senior Dark Fjord gímszarvas&lazac 12kg", "brand": "Real NatureWilderness10,1 – 12kgIdősvegyes", "regular_price": "3 699", "selling_price": "3 499", "price_per_unit": "1 kg=2000 Ft", "product_url": "https://webshop.fressnapf.hu/termekek/real-nature-wilderness-senior-renszarvaslazac-12kg/", "product_description": "A Real Nature WILDERNESS a kutya természetét szem előtt tartva készül. Termékeink a kutya elődje, a farkas táplálkozását alapul véve készülnek, így lehetővé teszik az állat igényeinek teljes mértékben megfelelő táplálást. Ez a receptúra 60% kiváló minőségű gímszarvasból, lazacból és kacsából, valamint 40% gyümölcsből, zöldségből és értékes összetevőkből áll, gabonatartalma 0%. Kiváló minőségű állati fehérjeforrásként többek között friss lazacot tartalmaz. A receptúrát kiváló minőségű lazacolaj egészíti ki, amely a nélkülözhetetlen omega-3 zsírsavakat biztosítja. A Real Nature WILDERNESS természetes alapanyagokat tartalmaz táplálkozás-élettani szempontból értékes vitaminokkal és ásványi anyagokkal kiegészítve – hozzáadott mesterséges tartósítószerek, színezékek, aromaanyagok, emulgeálószerek vagy cukor nélkül. Az idősebb kutyáknak kifejlesztett receptúra tökéletesen igazodik táplálkozási szükségleteikhez. A glükózamin és a kondroitin segíthet fenntartani az erős ízületeket, míg a lazacolajban található DHA és EPA késleltetheti az agy öregedését. Teljes értékű eledel bármilyen fajtájú és termetű idősebb kutyának, 6–8 éves kortól (a kutya termetétől függően). Összetétel: gímszarvasfehérje (26%), borsó (25%), friss lazac (20%), alma (10%), lazacfehérje (5%), lazacolaj (5%), kacsazsír (4%), lignocellulóz (2%), sárgarépa (1%), spenót (1%), glükózamin (0,026%), kondroitin-szulfát (0,016%), mannán-oligoszacharidok (0,015%), frukto-oligoszacharidok (0,01%), Yucca schidigera (0,01%), vörös áfonya (0,005%), rozmaring (0,004%), útifűmaghéj (0,002%), alga (0,0018%), kakukkfű (0,0014%), borsmenta (0,0014%), gyermekláncfű (0,0012%), petrezselyem (0,001%). Nyomokban egyéb összetevőket is tartalmazhat. Analitikai összetevők: fehérje 25%, zsírtartalom 11%, nyershamu 8%, nyersrost 3,2%, kalcium 1,5%, foszfor 1,1%. Adalékanyagok/kg: tápértékkel rendelkező adalékanyagok: A-vitamin 20000 NE, D3-vitamin 1500 NE, vas (3b106) 72mg, réz (3b406) 15mg, jód (3b201) 0,65mg, mangán (3b504) 35mg, szelén (3b810) 0,25mg, cink (3b606) 80mg. Tovább olvasok"}
{"breadcrumb": "Főoldal/Kutya/Eledelek/Száraz eledelek/Real Nature Wilderness száraz kutyaeledel senior Dark Fjord gímszarvas&lazac 4kg", "product_name": "Real Nature Wilderness száraz kutyaeledel senior Dark Fjord gímszarvas&lazac 4kgReal Nature Wilderness száraz kutyaeledel senior Dark Fjord gímszarvas&lazac 4kg", "brand": "Real NatureWilderness1,1kg – 4kgIdősegzotikusgabonamentesközepes testű 11-25kg", "regular_price": "3 799", "selling_price": "3 299", "price_per_unit": "1 kg=3000 Ft", "product_url": "https://webshop.fressnapf.hu/termekek/real-nature-wilderness-kutya-szarazeledel-senior-renszarvaslazac-4kg/", "product_description": "A Real Nature WILDERNESS a kutya természetét szem előtt tartva készül. Termékeink a kutya elődje, a farkas táplálkozását alapul véve készülnek, így lehetővé teszik az állat igényeinek teljes mértékben megfelelő táplálást. Ez a receptúra 60% kiváló minőségű gímszarvasból, lazacból és kacsából, valamint 40% gyümölcsből, zöldségből és értékes összetevőkből áll, gabonatartalma 0%. Kiváló minőségű állati fehérjeforrásként többek között friss lazacot tartalmaz. A receptúrát kiváló minőségű lazacolaj egészíti ki, amely a nélkülözhetetlen omega-3 zsírsavakat biztosítja. A Real Nature WILDERNESS természetes alapanyagokat tartalmaz táplálkozás-élettani szempontból értékes vitaminokkal és ásványi anyagokkal kiegészítve – hozzáadott mesterséges tartósítószerek, színezékek, aromaanyagok, emulgeálószerek vagy cukor nélkül. Az idősebb kutyáknak kifejlesztett receptúra tökéletesen igazodik táplálkozási szükségleteikhez. A glükózamin és a kondroitin segíthet fenntartani az erős ízületeket, míg a lazacolajban található DHA és EPA késleltetheti az agy öregedését. Teljes értékű eledel bármilyen fajtájú és termetű idősebb kutyának, 6–8 éves kortól (a kutya termetétől függően). Összetétel: gímszarvasfehérje (26%), borsó (25%), friss lazac (20%), alma (10%), lazacfehérje (5%), lazacolaj (5%), kacsazsír (4%), lignocellulóz (2%), sárgarépa (1%), spenót (1%), glükózamin (0,026%), kondroitin-szulfát (0,016%), mannán-oligoszacharidok (0,015%), frukto-oligoszacharidok (0,01%), Yucca schidigera (0,01%), vörös áfonya (0,005%), rozmaring (0,004%), útifűmaghéj (0,002%), alga (0,0018%), kakukkfű (0,0014%), borsmenta (0,0014%), gyermekláncfű (0,0012%), petrezselyem (0,001%). Nyomokban egyéb összetevőket is tartalmazhat. Analitikai összetevők: fehérje 25%, zsírtartalom 11%, nyershamu 8%, nyersrost 3,2%, kalcium 1,5%, foszfor 1,1%. Adalékanyagok/kg: tápértékkel rendelkező adalékanyagok: A-vitamin 20000 NE, D3-vitamin 1500 NE, vas (3b106) 72mg, réz (3b406) 15mg, jód (3b201) 0,65mg, mangán (3b504) 35mg, szelén (3b810) 0,25mg, cink (3b606) 80mg. Tovább olvasok"}
{"breadcrumb": "Főoldal/Kutya/Eledelek/Nedves eledelek/Real Nature Wilderness True Country kutya konzerv senior csirke&lazac 6x800g", "product_name": "Real Nature Wilderness True Country kutya konzerv senior csirke&lazac 6x800gReal Nature Wilderness True Country kutya konzerv senior csirke&lazac 6x800g", "brand": "Real NatureWilderness601g – 800gIdősvegyespástétomkonzerv", "regular_price": "11 394", "selling_price": "10 794", "price_per_unit": "1 799 Ft", "product_url": "https://webshop.fressnapf.hu/termekek/real-nature-wilderness-true-country-kutya-konzerv-senior-csirkelazac-6x800g/", "product_description": "Kiemelkedően magas hústartalommal Gyümölcsöket, zöldségeket, gyógynövényeket és értékes összetevőket tartalmaz Gabonamentes receptúra REAL NATURE Wilderness nedves eledel – változatos, akár a vad ösvények. Ezt a nedves eledelt változatos receptúrája és kiemelkedően magas hústartalma teszi különlegessé. A hús kíméletes eljárással készült szószban garnírozott. Az extra méretű hússzeletek a kutyák ősi igényeihez igazodnak. A gyümölcsökkel, zöldségekkel és gyógynövényekkel kiegészítve gabonamentes, a fajta igényeit kielégítő táplálék. Az előnyök áttekintése: Kiemelkedően magas hústartalommal Gyümölcsöket, zöldségeket, gyógynövényeket és értékes összetevőket tartalmaz Gabonamentes receptúra Lazacolaj értékes Omega-3 zsírsavakkal A gyógynövények és a tengeri algák gondoskodnak a fontos fitotápanyagokról mesterséges tartósítószerek, színezékek és aromák hozzáadása nélkül A REAL NATURE a farkasok táplálkozását veszi alapul, és lehetővé teszi, hogy kedvencét úgy táplálja, ahogy az a fajta igényeit a leginkább kielégíti. Analitikai összetevők: 8,1% fehérje, 5% zsírtartalom, 2,4% nyershamu, 0,4% nyersrost, 0,21% kalcium, 0,17% foszfor. Összetétel: 40% csirke (szív, máj, 12% hús, nyak), 30% lazac, 25% csirkehúslé, 3,2% tőzegáfonya, 1% ásványi anyag, 0,3% lazacolaj, 0,2% görögszénamag, 0,1% petrezselyem, 0,1% sóska, 1% spirulina Adalékanyag/kg: Táplálási javaslat: A kutya súlya kg-ban Adagolás/nap g-ban 2 kg 130 g 5 kg 270 g 7,5 kg 360 g 10 kg 450 g 15 kg 600 g 20 kg 750 g A megadott adatok irányadó értékek. A tényleges tápanyagigény a fajtától, az életkortól és az aktivitástól függ. Felbontás után hűtőszekrényben tárolja. Szobahőmérsékleten tálalja. Nyomokban tartalmazhat egyéb összetevőket. Hűvös és száraz helyen tárolja Tovább olvasok"}
{"breadcrumb": "Főoldal/Kutya/Eledelek/Táplálékkiegészítők&vitaminok/RELAXA-Bits nyugtató tabletta 10db", "product_name": "RELAXA-Bits nyugtató tabletta 10dbRELAXA-Bits nyugtató tabletta 10db", "brand": "Relaxa-BitsFelnőtttablettastresszhelyzet kezelése", "regular_price": "5799", "selling_price": "", "price_per_unit": "1 db=580 Ft", "product_url": "https://webshop.fressnapf.hu/termekek/relaxa-bits-nyugtato-tabletta-10db/", "product_description": "A Relaxa-Bits nyugtató tabletta gyógynövényekből összeállított, speciálisan kutyák számára kifejlesztett készítmény. Minden összetevője külön-külön is bizonyítottan hatékony szorongás- és félelemoldó hatással rendelkezik, együttes hatásuknak köszönhetően a legkülönbözőbb, a kutyák számára érthetetlen és ezért nehéz helyzetet jelentő stresszes állapotok leküzdésében nyújthat gyors és hatékony segítséget. ÖSSZETÉTELE: Egy tabletta tartalmaz: Hatóanyagok: Mámorbors (Piper methysticum) 100 mg, Macskagyökér (Valeriana officinalis) 80 mg, 5-hidroxi-triptofán 40 mg, Csüdfű (Astragalus membranaceus) 40 mg, Csucsóka (Scutellaria lateriflora) 40 mg, Citromfű (Melissa officinalis) 30 mg, Segédanyagok: laktóz-monohidrát, máj aroma, vanília aroma A TERMÉK FELHASZNÁLÁSI TERÜLETE, FELHASZNÁLÁSI JAVASLAT, JAVALLATOK Alkalmazható az alábbi esetekben: – Egyedüllétkor jelentkező szorongás feloldására – Viselkedészavar, alvászavar esetén – Stresszes állatok megnyugtatására, idegesség és félelem oldására – Éjszakai ugatás esetén – Erős zaj okozta idegesség enyhítésére – Pszichés eredetű szobatisztasági problémák megoldására – Utazási nyugtalanság; orvosi rendelőbe és kutyakozmetikába való látogatáshoz – Tűzijáték, viharok és villámlás esetén, időjárási frontokra érzékeny állatok nyugtatására – Új helyre költözéskor, kutyapanzióba adáskor – Gazda tartós távolléte, hozzátartozó elvesztése, új jövevény érkezése esetén – Agresszió, rivalizálás és féltékenység esetén. A Relaxa-Bits nyugtató hatású tabletta gyógynövényekből összeállított, speciálisan kutyák számára kifejlesztett készítmény. Összetevőinek köszönhetően segítséget nyújt a különböző eredetű, stresszel vagy szorongással járó élethelyzetekben. ADAGOLÁS ÉS ALKALMAZÁS MÓDJA Adagolás: 1 tabletta / 20 testtömeg kilogramm, lehetőség szerint a stresszhatás előtt 30-60 perccel kell beadni. Szükség esetén az adag a duplájára emelhető (1 tabletta / 10 kg). Nagyon erős stresszhatás esetén, például szilveszterkor 8 óránként adható legfeljebb 3-5 napon keresztül. ELLENJAVALLATOK Macskáknak a Relaxa-Bits tabletta nem adható! Az összetevők közül a Valeriana officinalis (macskagyökér) macskákon erős izgalommal járó eufórikus állapotot válthat ki, ami ellentétes az elérni kívánt nyugtató hatással. Nem alkalmazható az összetevőkkel szembeni ismert túlérzékenység esetén. FIGYELMEZTETÉSEK:A termék alkalmazása nem helyettesíti az egyes kórképekben javasolt állatorvosi gyógyszeres kezelést. Alkalmazása előtt állatorvosi konzultáció javasolt. Tovább olvasok"}
{"breadcrumb": "Főoldal/Kutya/Eledelek/Jutalomfalatok&rágcsák/RENO Dental Sticks kutya jutalomfalat M-L 180g", "product_name": "RENO Dental Sticks kutya jutalomfalat M-L 180gRENO Dental Sticks kutya jutalomfalat M-L 180g", "brand": "RENO101g – 200gFelnőtthús és állati származékokfogápolás", "regular_price": "529", "selling_price": "", "price_per_unit": "1 KG=2939 Ft", "product_url": "https://webshop.fressnapf.hu/termekek/reno-dental-sticks-kutya-jutalomfalat-m-l-180g/", "product_description": "Kiegészítő eledel közepes és nagy testalkatú felnőtt kutyák számára. 7db/csomag Fogápoló, rágó jutalomfalat. Különleges alakjának és a hozzáadott ásványi anyagoknak köszönhetően hozzájárul a fogak és az íny egészségéhez. Csökkenti a fogkő képződést és tisztán tartja a fogat Támogatja az egészséges és tiszta fogakat és ínyt Nem tartalmaz hozzáadott cukrot Összetétel: Gabonafélék, hús és állati származékok, növényi eredetű származékok, ásványi anyagok (nátrium-tripolifoszfát 0,1%). Analitikai összetevők: Nyersfehérje: 9,0 %, Zsírtartalom: 3,0 %, Nyershamu: 2,0 %, Nyersrost: 1,5 %, Nedvességtartalom: 20,0 % Adalékanyagok / Technológiai adalékanyagok: Tartósítószerrel és antioxidánsokkal. Érzékszervi tulajdonságokat javító adalékanyagok: Színezékek, aromák. Tovább olvasok"}
{"breadcrumb": "Főoldal/Kutya/Eledelek/Nedves eledelek/RENO kutya konzerv adult borjú 12x1240g", "product_name": "RENO kutya konzerv adult borjú 12x1240gRENO kutya konzerv adult borjú 12x1240g", "brand": "RENO1,1kg – 4kgFelnőttmarha&borjúkonzerv", "regular_price": "8 994", "selling_price": "8 394", "price_per_unit": "799 Ft", "product_url": "https://webshop.fressnapf.hu/termekek/reno-kutya-konzerv-adult-borju-12x1240g/", "product_description": "Reno teljes értékű állateledel felnőtt kutyák számára bojúval szószban, tartósítószerek hozzáadása nélkül. Összetevők Hús és állati származékok (4% borjú) Gabonafélék Ásványi anyagok Tápanyagok Analitikai összetevők: Nedvességtartalom 81,0% Nyersfehérje 7,0% Zsírtartalom 3,0% Nyershamu 3,0% Nyersrost 0,5% Adalékanyagok: Tápértékkel rendelkező adalékanyagok/kg: A vitamin 1100 NE D3 vitamin 140 NE E vitamin 10 mg Cink (mint cink-szulfát, monohidrát) 10 mg Mangán (mint mangán(II) oxid) 2 mg Réz (mint réz(II)-szulfát pentahidrát) 1,8 mg Jód (mint kalcium-jodát, vízmentes) 0,1 mg Tovább olvasok"}
{"breadcrumb": "Főoldal/Kutya/Eledelek/Nedves eledelek/RENO kutya konzerv adult marha 12x1240g", "product_name": "RENO kutya konzerv adult marha 12x1240gRENO kutya konzerv adult marha 12x1240g", "brand": "RENO1,1kg – 4kgFelnőttmarha&borjúkonzerv", "regular_price": "5 094", "selling_price": "4 794", "price_per_unit": "799 Ft", "product_url": "https://webshop.fressnapf.hu/termekek/reno-kutya-konzerv-adult-marha-12x1240g/", "product_description": "Reno teljes értékű állateledel felnőtt kutyák számára marhával szószban, tartósítószerek hozzáadása nélkül. Összetevők Hús és állati származékok (4% marha) Gabonafélék Ásványi anyagok Különféle cukrok Tápanyagok Analitikai összetevők: Nedvességtartalom 82,0% Nyersfehérje 6,0% Zsírtartalom 3,5% Nyershamu 2,5% Nyersrost 0,5% Adalékanyagok: Tápértékkel rendelkező adalékanyagok/kg: A vitamin 1100 NE D3 vitamin 140 NE E vitamin 10 mg Cink (mint Cink-szulfát, monohidrát) 10 mg Mangán (mint Mangán(II) oxid) 2 mg Réz (mint Réz(II)-szulfát pentahidrát) 1,8 mg Jód (mint Kalcium-jodát, vízmentes) 0,1 mg Tovább olvasok"}
{"breadcrumb": "Főoldal/Kutya/Eledelek/Jutalomfalatok&rágcsák/RENO Strips kutya jutalomfalat marha 120g", "product_name": "RENO Strips kutya jutalomfalat marha 120gRENO Strips kutya jutalomfalat marha 120g", "brand": "RENO101g – 200gFelnőttmarha&borjú", "regular_price": "399", "selling_price": "", "price_per_unit": "1 KG=3325 Ft", "product_url": "https://webshop.fressnapf.hu/termekek/reno-strips-kutya-jutalomfalat-marha-120g/", "product_description": "Kiegészítő eledel felnőtt kutyák számára. 12db/csomag. Húsos, ízletes jutalomfalatkák Omega 3 Vitaminok A, D3, E Nem tartalmaz hozzáadott cukrot, alacsony zsírtartalom Összetétel: Gabonafélék, hús és állati származékok (marha 14%), növényi eredetű származékok, ásványi anyagok (kalcium-karbonát 0,1%). Analitikai összetevők: Nyersfehérje: 18,0 %, Zsírtartalom: 3,0 %, Nyershamu: 4,0 %, Nyersrost: 1,0 %, Omega 3 zsírsavak: 0,01 %, Nedvességtartalom: 20,0 % Adalékanyagok / Tápértékkel rendelkező adalékanyagok/kg: A-vitamin: 6000 NE, D3-vitamin: 700 NE, E-vitamin: 35 mg Adalékanyagok / Technológiai adalékanyagok: Tartósítószerrel Érzékszervi tulajdonságokat javító adalékanyagok: Aromák. Tovább olvasok"}
{"breadcrumb": "Főoldal/Kutya/Eledelek/Nedves eledelek/RINTI Gold kutya tálka mini pulyka&nyúl 16x100g", "product_name": "RINTI Gold kutya tálka mini pulyka&nyúl 16x100gRINTI Gold kutya tálka mini pulyka&nyúl 16x100g", "brand": "Rinti0g – 100gFelnőttvegyestálka", "regular_price": "5 094", "selling_price": "4 794", "price_per_unit": "299 Ft", "product_url": "https://webshop.fressnapf.hu/termekek/rinti-gold-kutya-talka-mini-pulykanyul-16x100g/", "product_description": "A RINTI Gold Mini kutyatáp speciálisan kis termetű fajták felnőtt kutyáinak szánt nedveseledel. A RINTI Gold Mini eledelre jellemző a kiváló összetétel és a magas elfogadási arány. Előállítása során csakis a legjobb minőségű összetevőket dolgozzák fel, s az eledel teljesen mellőzi a mesterséges színezékek és a szója alkalmazását. A hús és belsőségek magas, 65%-os részaránya valamint a vitaminok, ásványi anyagok és nyomelemek gondoskodnak arról, hogy a RINTI Gold Mini kiegyensúlyozott, természetorientált táplálékot nyújtson. -Húsdarabokban gazdag – nem tartalmaz löncshúst -65% hús és belsőségek -Magas elfogadási arány – még a legválogatósabb kutyák körében is -Vitaminokban, ásványi anyagokban és nyomelemekben gazdag -Színező anyagok és szója nélkül készül Összetétel: csirkegyomor, csirkemáj, csirkeszív, nyúl (5%), pulyka (5%), ásványi anyagok Analitikai összetevők: nyersfehérje 10,5%, zsírtartalom 5%, nyersrost 0,3%, nyershamu 2%, nedvességtartalom 81% Adalékanyagok: Tápértékkel rendelkező adalékanyagok: D3-Vitamin (200 NE/kg), E-vitamin (20 mg/kg), mangán [mangán -(II)-szulfát, monohidrát] (1,5 mg/kg), cink [cink-szulfát, monohidrát] (5 mg/kg),jód [kálium-jodid] (0,5 mg/kg). Tovább olvasok"}
{"breadcrumb": "Főoldal/Kutya/Eledelek/Nedves eledelek/RINTI kutya konzerv adult borjú 12x800g", "product_name": "RINTI kutya konzerv adult borjú 12x800gRINTI kutya konzerv adult borjú 12x800g", "brand": "Rinti601g – 800gFelnőttmarha&borjúkonzerv", "regular_price": "5 094", "selling_price": "4 794", "price_per_unit": "1 099 Ft", "product_url": "https://webshop.fressnapf.hu/termekek/rinti-kutya-konzerv-adult-borju-12x800g/", "product_description": "A RINTI olyan kiegyensúlyozott kutyaeledel, amely megfelel a kutya fajának megfelelő táplálásának. A kutyák eredendően húsevők, emésztőrendszerük is erre van berendezkedve. A természetben fogott zsákmányállat a színhús mellett a belsőséget – máj, gyomor, tüdő, stb. – és ásványtartalmú húsanyagokat is tartalmaz. A kutyák nem vegetáriánusok, nincs szükségük a gabonafélék vagy szénhidrátok szolgáltatta energiára, mivel a húsban található fehérjék és zsírok az összes szükséges kalóriával ellátják őket. -Teljes értékű kutyaeledel -Igazi húsdarabokat tartalmaz és gazdag ballasztanyagokban a szabályozott emésztés szolgálatában -Omega-3 zsírsavakban gazdag lenolajjal -Nem tartalmaz löncshúst és húslisztet -Nem tartalmaz ízfokozókat és színező anyagokat -Nem tartalmaz gabonát és szóját A természetesség minél nagyobb megőrzése érdekében a húst alacsony hőmérsékleten, kíméletesen kezelik és dolgozzák fel. Olyan húsos menüt kínál, ami minden fontos tápanyagot tartalmaz, így kutyájának teljes értékű étrendet biztosít. Az egészséges étrendhez javallott a telítetlen omega-3 és -6 zsírsavak egyensúlya. Összetétel: borjú (25%), tüdő, színhús, tőgy, bőrke, máj, ásványi anyagok, lenolaj (0,2%), réparost (0,2%) Analitikai összetevők: nyersfehérje 11,0%, zsírtartalom 8,0%, nyersrost 0,6%, nyershamu 2,5%, nedvességtartalom 77,0%, kalcium 0,30%, foszfor 0,25 % Adalékanyagok: Tápértékkel rendelkező adalékanyagok: D3-vitamin: 200 NE, E-vitamin (all-rac alfa-tokoferil-acetát formájában): 40 mg, cink (cink-oxidként): 30 mg Tovább olvasok"}
{"breadcrumb": "Főoldal/Kutya/Eledelek/Nedves eledelek/RINTI kutya konzerv adult lóhús 12x800g", "product_name": "RINTI kutya konzerv adult lóhús 12x800gRINTI kutya konzerv adult lóhús 12x800g", "brand": "Rinti601g – 800gFelnőttlókonzerv", "regular_price": "5 094", "selling_price": "4 794", "price_per_unit": "1 099 Ft", "product_url": "https://webshop.fressnapf.hu/termekek/rinti-kutya-konzerv-adult-lohus-12x800g/", "product_description": "A RINTI olyan kiegyensúlyozott kutyaeledel, amely megfelel a kutya fajának megfelelő táplálásának. A kutyák eredendően húsevők, emésztőrendszerük is erre van berendezkedve. A természetben fogott zsákmányállat a színhús mellett a belsőséget – máj, gyomor, tüdő, stb. – és ásványtartalmú húsanyagokat is tartalmaz. A kutyák nem vegetáriánusok, nincs szükségük a gabonafélék vagy szénhidrátok szolgáltatta energiára, mivel a húsban található fehérjék és zsírok az összes szükséges kalóriával ellátják őket. -Teljes értékű kutyaeledel -Igazi húsdarabokat tartalmaz és gazdag ballasztanyagokban a szabályozott emésztés szolgálatában -Omega-3 zsírsavakban gazdag lenolajjal -Nem tartalmaz löncshúst és húslisztet -Nem tartalmaz ízfokozókat és színező anyagokat -Nem tartalmaz gabonát és szóját A természetesség minél nagyobb megőrzése érdekében a húst alacsony hőmérsékleten, kíméletesen kezelik és dolgozzák fel. Olyan húsos menüt kínál, ami minden fontos tápanyagot tartalmaz, így kutyájának teljes értékű étrendet biztosít. Az egészséges étrendhez javallott a telítetlen omega-3 és -6 zsírsavak egyensúlya. Összetétel: tüdő, izomhús, vese, máj, tőgy, ló (5%), bőrke, bendő, ásványi anyagok, lenolaj (0,2%), réparost (0,2%) Analitikai összetevők: nyersfehérje 11,0%, zsírtartalom 8,0%, nyersrost 0,6%, nyershamu 2,5%, nedvességtartalom 77,0%, kalcium 0,30%, foszfor 0,25% Adalékanyagok: Tápértékkel rendelkező adalékanyagok: D3-vitamin: 200 NE, E-vitamin (all-rac alfa-tokoferil-acetát formájában): 40 mg, cink (cink-oxidként): 30 mg Tovább olvasok"}
{"breadcrumb": "Főoldal/Kutya/Eledelek/Nedves eledelek/RINTI kutya konzerv adult vadhús 12x800g", "product_name": "RINTI kutya konzerv adult vadhús 12x800gRINTI kutya konzerv adult vadhús 12x800g", "brand": "Rinti601g – 800gFelnőttvadkonzerv", "regular_price": "8 994", "selling_price": "8 394", "price_per_unit": "1 099 Ft", "product_url": "https://webshop.fressnapf.hu/termekek/rinti-kutya-konzerv-adult-vadhus-12x800g/", "product_description": "A RINTI olyan kiegyensúlyozott kutyaeledel, amely megfelel a kutya fajának megfelelő táplálásának. A kutyák eredendően húsevők, emésztőrendszerük is erre van berendezkedve. A természetben fogott zsákmányállat a színhús mellett a belsőséget – máj, gyomor, tüdő, stb. – és ásványtartalmú húsanyagokat is tartalmaz. A kutyák nem vegetáriánusok, nincs szükségük a gabonafélék vagy szénhidrátok szolgáltatta energiára, mivel a húsban található fehérjék és zsírok az összes szükséges kalóriával ellátják őket. -Teljes értékű kutyaeledel -Igazi húsdarabokat tartalmaz és gazdag ballasztanyagokban a szabályozott emésztés szolgálatában -Omega-3 zsírsavakban gazdag lenolajjal -Nem tartalmaz löncshúst és húslisztet -Nem tartalmaz ízfokozókat és színező anyagokat -Nem tartalmaz gabonát és szóját A természetesség minél nagyobb megőrzése érdekében a húst alacsony hőmérsékleten, kíméletesen kezelik és dolgozzák fel. Olyan húsos menüt kínál, ami minden fontos tápanyagot tartalmaz, így kutyájának teljes értékű étrendet biztosít. Az egészséges étrendhez javallott a telítetlen omega-3 és -6 zsírsavak egyensúlya. Összetétel: tüdő, máj, színhús, tőgy, vese, vad (5%), bőrke, pacal, ásványi anyagok, lenolaj (0,2%), réparost (0,2%). Analitikai összetevők: nyersfehérje 11%, nyerszsír 8%, nyersrost 0,6%, nyershamu 2,5%, kalcium 0,3%, foszfor 0,25% Adalékanyagok: Tápértékkel rendelkező adalékanyagok: D3-vitamin (200 NE/kg), E-vitamin (40 mg/kg), cink [cink-oxidként] (30 mg/kg) Tovább olvasok"}
{"breadcrumb": "Főoldal/Kutya/Eledelek/Nedves eledelek/RINTI Pur kutya tálka marha 10x150g", "product_name": "RINTI Pur kutya tálka marha 10x150gRINTI Pur kutya tálka marha 10x150g", "brand": "Rinti0g – 100gFelnőttmarha&borjúgabonamentestálka", "regular_price": "5 094", "selling_price": "4 794", "price_per_unit": "479 Ft", "product_url": "https://webshop.fressnapf.hu/termekek/rinti-pur-kutya-talka-marha-10x150g/", "product_description": "Rinti Singlefleisch egy kiegyensúlyozott, fehérjében gazdag eledel, hozzáadott szénhidrátok, gabona, valamint színezékek és tartósítószerek nélkül. Egyetlen fehérjeforrással, ezért különösen alkalmas ételallergiák és intoleranciák esetén. Analitikai összetevők: Nyersfehérje 10,5%, zsírtartalom 5,5%, nyersrost 0,5%, nyershamu 2,5%, nedvességtartalom 80% Összetétel: 65% marhahús (szív, tüdő, tőgy, máj, izomhús, vese, bendő), ivóvíz, ásványi anyagok Adalékanyagok kg-onként: D3-vitamin: 200 NE, E-vitamin (mint all-rac-alfa-tokoferil-acetát): 20 NE, cink (mint cink-szulfát, monohidrát): 25 mg, mangán (mint mangán(II)-szulfát, monohidrát): 1,4 mg, jód (mint kalcium-jodát (vízmentes): 0,75 mg. Tovább olvasok"}
{"breadcrumb": "Főoldal/Kutya/Eledelek/Nedves eledelek/RINTI Pur kutya tálka pulyka 10x150g", "product_name": "RINTI Pur kutya tálka pulyka 10x150gRINTI Pur kutya tálka pulyka 10x150g", "brand": "Rinti0g – 100gFelnőttgabonamentestálkaRendelési mennyiség *10", "regular_price": "8 994", "selling_price": "8 394", "price_per_unit": "479 Ft", "product_url": "https://webshop.fressnapf.hu/termekek/rinti-pur-kutya-talka-pulyka-10x150g/", "product_description": "Rinti Singlefleisch egy kiegyensúlyozott, fehérjében gazdag eledel, hozzáadott szénhidrátok, gabona, valamint színezékek és tartósítószerek nélkül. Egyetlen fehérjeforrással, ezért különösen alkalmas ételallergiák és intoleranciák esetén. Analitikai összetevők: Nyersfehérje 10,5%, zsírtartalom 5,5%, nyersrost 0,5%, nyershamu 2,5%, nedvességtartalom 80% Összetétel: 65% pulyka (szív, máj, gyomor, izomhús, nyak), ivóvíz, ásványi anyagok. Adalékanyagok kg-onként: D3-vitamin: 200 NE, E-vitamin (mint all-rac-alfa-tokoferil-acetát): 20 NE, cink (mint cink-szulfát, monohidrát): 25 mg, mangán (mint mangán(II)-szulfát, monohidrát): 1,4 mg, jód (mint kalcium-jodát (vízmentes): 0,75 mg, réz (mint réz(II)-szulfát-pentahidrát): 1 mg. Tovább olvasok"}
{"breadcrumb": "Főoldal/Kutya/Eledelek/Nedves eledelek/RINTI Singlefleisch kutya konzerv adult bárány 6x800g", "product_name": "RINTI Singlefleisch kutya konzerv adult bárány 6x800gRINTI Singlefleisch kutya konzerv adult bárány 6x800g", "brand": "Rinti601g – 800gFelnőttjuh&bárány&kecskeérzékeny emésztésűkonzerv", "regular_price": "8 994", "selling_price": "8 394", "price_per_unit": "1699 Ft", "product_url": "https://webshop.fressnapf.hu/termekek/rinti-singlefleisch-kutya-konzerv-adult-barany-6x800g/", "product_description": "A RINTI Singlefleisch olyan teljes értékű nedveseledel, amely a táplálékérzékeny és allergiás kutyák igényeihez igazított. Összetételében csupán egyetlen állati fehérjeforrás szerepel (single-protein), mivel sok kutya intoleranciás tünetekkel reagál az egy eledelen belüli többféle húsfajta jelenlétére. Az eledel előállítása során nem használnak gabonát, gyümölcsöt és zöldséget. Így a RINTI Singlefleisch kizárólag ízletes és kiváló minőségű húst és belsőségeket tartalmaz. A RINTI Singlefleisch kiválóan alkalmas kizárásos diétás célokra vagy rizspehellyel vagy zöldséggel való keverésre is. -Teljes értékű eledel felnőtt kutyáknak -Alkalmas táplálékérzékeny és allergiás kutyáknak is -Single-protein: csupán egyetlen állati fehérjeforrást tartalmaz a jobb tolerálhatóság érdekében -Gabona, szója, növényi és mesterséges adalékok nélkül -Legkiválóbb húsminőség egész húsdarabokkal -Kiváló elfogadási arány még a válogatós kutyák köreiben is Összetétel: 65% bárány (bendő, tüdő, máj), ivóvíz, ásványi anyagok, lenmagolaj, réparost. Analitika összetevők: 11,0% nyersfehérje, 6,0% zsírtartalom, 0,5% nyersrost, 2,0% nyershamu, 80% nedvességtartalom Adalékanyagok / kg: D3-vitamin: 200 I. E., E-vitamin (all-rac-alfa-tokoferil-acetát): 40 mg, cink (cink-oxidként): 30 mg. Tovább olvasok"}
{"breadcrumb": "Főoldal/Kutya/Eledelek/Száraz eledelek/Royal Canin Breed Health Nutrition Bichon Frisé adult száraz kutyaeledel 1,5kg", "product_name": "Royal Canin Breed Health Nutrition Bichon Frisé adult száraz kutyaeledel 1,5kgRoyal Canin Breed Health Nutrition Bichon Frisé adult száraz kutyaeledel 1,5kg", "brand": "Royal CaninBreed Health Nutrition1,1kg – 4kgFelnőttszárnyasbőr&szőr ápolókistestű 10kg-igBichon Frisé", "regular_price": "3 699", "selling_price": "3 299", "price_per_unit": "1 kg=3866 Ft", "product_url": "https://webshop.fressnapf.hu/termekek/royal-canin-breed-health-nutriton-kutya-szarazeledel-bichon-frise-adult-15kg/", "product_description": "Teljes értékű táp felnőtt és idős Bichon Frise fajtájú kutyáknak – 10 hónapos kortól. A ROYAL CANIN® Bichon Frise Adult kifejezetten úgy van összeállítva, hogy a felnőtt Bichon Frise minden tápanyagigényét kielégítse. Az e formulában szereplő tápanyagok megfelelő kombinációja segít egészségesen tartani a kutya húgyrendszerét. A ROYAL CANIN® Bichon Frise Adult ásványianyag-tartalma is megfelelő, de az is fontos, hogy Ön gyakori ivásra ösztönözze a kutyát – ez segít fenntartani a megfelelő hidratáltságot, emellett támogatja a húgyrendszer optimális egészségét. A kutya bőrének egészségi állapota hatással van a szőrzet egészségére is. A Bichon Frise bolyhos fehér szőre folyamatosan nő és ezért a szőrzet egészségét támogató tápanyagokon kívül extra ápolást is igényel. A ROYAL CANIN® Bichon Frise Adult táp borágó olajjal és onmega-3 zsírsavakkal (EPA és DHA) kiegészített a bőr védvonal funkciójának támogatása érdekében, ami hozzájárul a bőr jó általános egészségi állapotához. A tápanyagok e gondosan összeállított komplexe segít biztosítani a kutya szőrzetének jó tápláltságát és egészségét. A ROYAL CANIN® Bichon Frise Adult táp segít fenntartani a kutya ideális testsúlyát is. Ezen túlmenően a ROYAL CANIN® Bichon Frise Adult különlegesen kialakított tápszemcséje a kalciummal kelátot képező anyagokat tartalmaz a fogkő képződésének és lerakódásának lelassítása érdekében. Ez hozzájárul a kutya jó általános szájhigiéniai állapotához. Összetétel: Dehidratált baromfifehérje, rizs, kukorica, búza, növényi fehérje kivonat*, állati zsiradékok, kukoricaglutén, hidrolizált állati fehérjék, ásványi sók, szójaolaj, cikória pép, halolaj, élesztő és annak részei, frukto-oligoszacharidok, Psyllium maghéj és mag, borágó olaj (0,1 %), rákféleségekből készült hidrolizátum (glükózamin forrás), bársonyvirág kivonat (lutein forrás), porc hidrolizátum (kondroitin forrás). *L.I.P.: kitűnően emészthető, válogatott fehérje.” Analitikai Összetevők: Nyersfehérje: 29,0 % – Nyersolajok és -zsírok: 15,0 % – Nyershamu: 6,9 % – Nyersrost: 1,6 % – Kilogrammonként: Omega-3 zsírsavak: 7,2 g, EPA/DHA is: 3 g – Pentanátrium-trifoszfát: 3,5 g. Tápértékkel rendelkező adalékanyagok: A vitamin: 29000 NE, D3 vitamin: 800 NE, E1 (Vas): 43 mg, E2 (Jód): 4,3 mg, E4 (Réz): 13 mg, E5 (Mangán): 55 mg, E6 (Cink): 139 mg, E8 (Szelén): 0,09 mg – Technológiai adalékanyagok: Üledékes eredetű klinoptilolit: 5 g –  Érzékszervi adalékanyagok: Tea kivonat (polifenol forrás): 150 mg – Tartósítószerek – Antioxidánsok. A kutya testsúlya Átlagos aktivitás (g/nap) Magas aktivitás (g/nap) 4 kg 70 g 81 g 5 kg 83 g 96 g 6 kg 95 g 110 g 7 kg 106 g 123 g 8 kg 118 g 136 g Tovább olvasok"}
{"breadcrumb": "Főoldal/Kutya/Eledelek/Száraz eledelek/Royal Canin Breed Health Nutrition Bichon Frisé adult száraz kutyaeledel 500g", "product_name": "Royal Canin Breed Health Nutrition Bichon Frisé adult száraz kutyaeledel 500gRoyal Canin Breed Health Nutrition Bichon Frisé adult száraz kutyaeledel 500g", "brand": "Royal CaninBreed Health Nutrition401g – 600gFelnőttszárnyasbőr&szőr ápolókistestű 10kg-igBichon Frisé", "regular_price": "9 999", "selling_price": "8 999", "price_per_unit": "1 kg=4198 Ft", "product_url": "https://webshop.fressnapf.hu/termekek/royal-canin-breed-health-nutriton-kutya-szarazeledel-bichon-frise-adult-500g/", "product_description": "Teljes értékű táp felnőtt és idős Bichon Frise fajtájú kutyáknak – 10 hónapos kortól. A ROYAL CANIN® Bichon Frise Adult kifejezetten úgy van összeállítva, hogy a felnőtt Bichon Frise minden tápanyagigényét kielégítse. Az e formulában szereplő tápanyagok megfelelő kombinációja segít egészségesen tartani a kutya húgyrendszerét. A ROYAL CANIN® Bichon Frise Adult ásványianyag-tartalma is megfelelő, de az is fontos, hogy Ön gyakori ivásra ösztönözze a kutyát – ez segít fenntartani a megfelelő hidratáltságot, emellett támogatja a húgyrendszer optimális egészségét. A kutya bőrének egészségi állapota hatással van a szőrzet egészségére is. A Bichon Frise bolyhos fehér szőre folyamatosan nő és ezért a szőrzet egészségét támogató tápanyagokon kívül extra ápolást is igényel. A ROYAL CANIN® Bichon Frise Adult táp borágó olajjal és onmega-3 zsírsavakkal (EPA és DHA) kiegészített a bőr védvonal funkciójának támogatása érdekében, ami hozzájárul a bőr jó általános egészségi állapotához. A tápanyagok e gondosan összeállított komplexe segít biztosítani a kutya szőrzetének jó tápláltságát és egészségét. A ROYAL CANIN® Bichon Frise Adult táp segít fenntartani a kutya ideális testsúlyát is. Ezen túlmenően a ROYAL CANIN® Bichon Frise Adult különlegesen kialakított tápszemcséje a kalciummal kelátot képező anyagokat tartalmaz a fogkő képződésének és lerakódásának lelassítása érdekében. Ez hozzájárul a kutya jó általános szájhigiéniai állapotához. Összetétel: Dehidratált baromfifehérje, rizs, kukorica, búza, növényi fehérje kivonat*, állati zsiradékok, kukoricaglutén, hidrolizált állati fehérjék, ásványi sók, szójaolaj, cikória pép, halolaj, élesztő és annak részei, frukto-oligoszacharidok, Psyllium maghéj és mag, borágó olaj (0,1 %), rákféleségekből készült hidrolizátum (glükózamin forrás), bársonyvirág kivonat (lutein forrás), porc hidrolizátum (kondroitin forrás). *L.I.P.: kitűnően emészthető, válogatott fehérje.” Analitikai Összetevők: Nyersfehérje: 29,0 % – Nyersolajok és -zsírok: 15,0 % – Nyershamu: 6,9 % – Nyersrost: 1,6 % – Kilogrammonként: Omega-3 zsírsavak: 7,2 g, EPA/DHA is: 3 g – Pentanátrium-trifoszfát: 3,5 g. Tápértékkel rendelkező adalékanyagok: A vitamin: 29000 NE, D3 vitamin: 800 NE, E1 (Vas): 43 mg, E2 (Jód): 4,3 mg, E4 (Réz): 13 mg, E5 (Mangán): 55 mg, E6 (Cink): 139 mg, E8 (Szelén): 0,09 mg – Technológiai adalékanyagok: Üledékes eredetű klinoptilolit: 5 g –  Érzékszervi adalékanyagok: Tea kivonat (polifenol forrás): 150 mg – Tartósítószerek – Antioxidánsok. A kutya testsúlya Átlagos aktivitás (g/nap) Magas aktivitás (g/nap) 4 kg 70 g 81 g 5 kg 83 g 96 g 6 kg 95 g 110 g 7 kg 106 g 123 g 8 kg 118 g 136 g Tovább olvasok"}
{"breadcrumb": "Főoldal/Kutya/Eledelek/Száraz eledelek/Royal Canin Breed Health Nutrition Boxer adult száraz kutyaeledel 12kg", "product_name": "Royal Canin Breed Health Nutrition Boxer adult száraz kutyaeledel 12kgRoyal Canin Breed Health Nutrition Boxer adult száraz kutyaeledel 12kg", "brand": "Royal CaninBreed Health Nutrition10,1 – 12kgFelnőttszárnyasbőr&szőr ápolónagytestű 26kg-tólBoxer", "regular_price": "9 999", "selling_price": "8 999", "price_per_unit": "1 kg=2217 Ft", "product_url": "https://webshop.fressnapf.hu/termekek/royal-canin-breed-health-nutriton-kutya-szarazeledel-boxer-adult-12kg/", "product_description": "Teljes értékű táp felnőtt és idős boxer fajtájú kutyáknak – 15 hónapos kortól. A 15 hónapos és annál idősebb boxerek számára alkalmas ROYAL CANIN® Boxer Adult táp kifejezetten úgy van összeállítva, hogy a felnőtt boxer minden tápanyagigényét kielégítse. A boxer dinamizmusa jól ismert – ez a fajta soha nem spórol az energiával, ha valamilyen fizikai aktivitásba kezd. Ez azt jelenti, hogy az Ön felnőtt boxerének egy olyan tápra van szüksége, amely kifejezetten az intenzív fizikai aktivitás igényeinek megfelelően van összeállítva. A ROYAL CANIN® Boxer Adult táp megfelelő fehérjetartalmának és L-karnitin-tartalmának köszönhetően hozzájárul az izomtömeg fenntartásához. A ROYAL CANIN® Boxer Adult táp az egészséges szívműködést támogató különleges tápanyagokat, így taurint, EPA-t és DHA-t is tartalmaz. Ezen túlmenően e formula része egy különleges antioxidáns komplex is a szabadgyökök semlegesítésének elősegítése és a kutya természetes védekező rendszerének támogatása érdekében. Mi több, a ROYAL CANIN® Boxer Adult tápszemcséje kifejezetten úgy van kialakítva, hogy megfeleljen a boxer fajta különlegesen rövid állkapcsának. E különleges alakú tápszemcse nélkül a boxer – fogainak különleges alakja miatt – nehezen tudná megragadni és alaposan megrágni a tápot. Ezért a ROYAL CANIN® Boxer Adult tápszemcséje kifejezetten úgy van kialakítva, hogy a kutya könnyen megragadhassa és lenyelés előtt megfelelően meg is rághassa azt. Összetétel: Rizs, állati zsiradékok, dehidratált baromfifehérje, kukorica, növényi fehérje kivonat*, dehidratált sertésfehérje, hidrolizált állati fehérjék, növényi rostok, cukorrépapép, ásványi sók, szójaolaj, halolaj, kókuszolaj, szárított paradicsom, élesztő-hidrolizátum (mannán-oligoszacharidok forrása), rákféleségekből készült hidrolizátum (glükózamin forrás), bársonyvirág kivonat (lutein forrás), porc hidrolizátum (kondroitin forrás). *L.I.P.: kitűnően emészthető, válogatott fehérje. Analitikai összetétel: Nyersfehérje: 26,0 % – Nyersolajok és -zsírok: 20,0 % – Nyershamu: 6,0 % – Nyersrost: 2,5 % – Kilogrammonként: Taurin: 2,3 g – EPA/DHA: 3,4 g. Tápértékkel rendelkező adalékanyagok: A vitamin: 27500 NE, D3 vitamin: 700 NE, E1 (Vas): 51 mg, E2 (Jód): 5,1 mg, E4 (Réz): 15 mg, E5 (Mangán): 66 mg, E6 (Cink): 141 mg, E8 (Szelén): 0,11 mg, L-karnitin: 830 mg – Technológiai adalékanyagok: Üledékes eredetű klinoptilolit: 10 g – Érzékszervi adalékanyagok: Tea kivonat (polifenol forrás): 150 mg – Tartósítószerek – Antioxidánsok. Felnőttkori testsúly Kevésbé aktív Mérsékelt aktivitás Magas energiaszükséglet 24 kg 255 g (3 mérőpoharak) 335 g (3+7/8 mérőpoharak) 389 g (4+4/8 mérőpoharak) 26 kg 271 g (3+1/8 mérőpoharak) 356 g (4+1/8 mérőpoharak) 413 g (4+6/8 mérőpoharak) 28 kg 286 g (3+2/8 mérőpoharak) 377 g (4+3/8 mérőpoharak) 437 g (5 mérőpoharak) 30 kg 301 g (3+4/8 mérőpoharak) 397 g (4+5/8 mérőpoharak) 460 g (5+3/8 mérőpoharak) 32 kg 316 g (3+5/8 mérőpoharak) 416 g (4+7/8 mérőpoharak) 483 g (5+5/8 mérőpoharak) 34 kg 331 g (3+7/8 mérőpoharak) 436 g (5 mérőpoharak) 505 g (5+7/8 mérőpoharak) 36 kg 346 g (4 mérőpoharak) 455 g (5+2/8 mérőpoharak) 527 g (6+1/8 mérőpoharak) 38 kg 360 g (4+1/8 mérőpoharak) 474 g (5+4/8 mérőpoharak) 549 g (6+3/8 mérőpoharak) Tovább olvasok"}
{"breadcrumb": "Főoldal/Kutya/Eledelek/Száraz eledelek/Royal Canin Breed Health Nutrition Boxer adult száraz kutyaeledel 3kg", "product_name": "Royal Canin Breed Health Nutrition Boxer adult száraz kutyaeledel 3kgRoyal Canin Breed Health Nutrition Boxer adult száraz kutyaeledel 3kg", "brand": "Royal CaninBreed Health Nutrition1,1kg – 4kgFelnőttszárnyasnagytestű 26kg-tólBoxer", "regular_price": "9 999", "selling_price": "8 999", "price_per_unit": "1 kg=2900 Ft", "product_url": "https://webshop.fressnapf.hu/termekek/royal-canin-breed-health-nutrition-kutya-szarazeledel-boxer-adult-3kg/", "product_description": "Teljes értékű táp felnőtt és idős boxer fajtájú kutyáknak – 15 hónapos kortól. A 15 hónapos és annál idősebb boxerek számára alkalmas ROYAL CANIN® Boxer Adult táp kifejezetten úgy van összeállítva, hogy a felnőtt boxer minden tápanyagigényét kielégítse. A boxer dinamizmusa jól ismert – ez a fajta soha nem spórol az energiával, ha valamilyen fizikai aktivitásba kezd. Ez azt jelenti, hogy az Ön felnőtt boxerének egy olyan tápra van szüksége, amely kifejezetten az intenzív fizikai aktivitás igényeinek megfelelően van összeállítva. A ROYAL CANIN® Boxer Adult táp megfelelő fehérjetartalmának és L-karnitin-tartalmának köszönhetően hozzájárul az izomtömeg fenntartásához. A ROYAL CANIN® Boxer Adult táp az egészséges szívműködést támogató különleges tápanyagokat, így taurint, EPA-t és DHA-t is tartalmaz. Ezen túlmenően e formula része egy különleges antioxidáns komplex is a szabadgyökök semlegesítésének elősegítése és a kutya természetes védekező rendszerének támogatása érdekében. Mi több, a ROYAL CANIN® Boxer Adult tápszemcséje kifejezetten úgy van kialakítva, hogy megfeleljen a boxer fajta különlegesen rövid állkapcsának. E különleges alakú tápszemcse nélkül a boxer – fogainak különleges alakja miatt – nehezen tudná megragadni és alaposan megrágni a tápot. Ezért a ROYAL CANIN® Boxer Adult tápszemcséje kifejezetten úgy van kialakítva, hogy a kutya könnyen megragadhassa és lenyelés előtt megfelelően meg is rághassa azt. Összetétel: Rizs, állati zsiradékok, dehidratált baromfifehérje, kukorica, növényi fehérje kivonat*, dehidratált sertésfehérje, hidrolizált állati fehérjék, növényi rostok, cukorrépapép, ásványi sók, szójaolaj, halolaj, kókuszolaj, szárított paradicsom, élesztő-hidrolizátum (mannán-oligoszacharidok forrása), rákféleségekből készült hidrolizátum (glükózamin forrás), bársonyvirág kivonat (lutein forrás), porc hidrolizátum (kondroitin forrás). *L.I.P.: kitűnően emészthető, válogatott fehérje. Analitikai összetétel: Nyersfehérje: 26,0 % – Nyersolajok és -zsírok: 20,0 % – Nyershamu: 6,0 % – Nyersrost: 2,5 % – Kilogrammonként: Taurin: 2,3 g – EPA/DHA: 3,4 g. Tápértékkel rendelkező adalékanyagok: A vitamin: 27500 NE, D3 vitamin: 700 NE, E1 (Vas): 51 mg, E2 (Jód): 5,1 mg, E4 (Réz): 15 mg, E5 (Mangán): 66 mg, E6 (Cink): 141 mg, E8 (Szelén): 0,11 mg, L-karnitin: 830 mg – Technológiai adalékanyagok: Üledékes eredetű klinoptilolit: 10 g – Érzékszervi adalékanyagok: Tea kivonat (polifenol forrás): 150 mg – Tartósítószerek – Antioxidánsok. Felnőttkori testsúly Kevésbé aktív Mérsékelt aktivitás Magas energiaszükséglet 24 kg 255 g (3 mérőpoharak) 335 g (3+7/8 mérőpoharak) 389 g (4+4/8 mérőpoharak) 26 kg 271 g (3+1/8 mérőpoharak) 356 g (4+1/8 mérőpoharak) 413 g (4+6/8 mérőpoharak) 28 kg 286 g (3+2/8 mérőpoharak) 377 g (4+3/8 mérőpoharak) 437 g (5 mérőpoharak) 30 kg 301 g (3+4/8 mérőpoharak) 397 g (4+5/8 mérőpoharak) 460 g (5+3/8 mérőpoharak) 32 kg 316 g (3+5/8 mérőpoharak) 416 g (4+7/8 mérőpoharak) 483 g (5+5/8 mérőpoharak) 34 kg 331 g (3+7/8 mérőpoharak) 436 g (5 mérőpoharak) 505 g (5+7/8 mérőpoharak) 36 kg 346 g (4 mérőpoharak) 455 g (5+2/8 mérőpoharak) 527 g (6+1/8 mérőpoharak) 38 kg 360 g (4+1/8 mérőpoharak) 474 g (5+4/8 mérőpoharak) 549 g (6+3/8 mérőpoharak) Tovább olvasok"}
{"breadcrumb": "Főoldal/Kutya/Eledelek/Száraz eledelek/Royal Canin Breed Health Nutrition Boxer junior száraz kutyaeledel 12kg", "product_name": "Royal Canin Breed Health Nutrition Boxer junior száraz kutyaeledel 12kgRoyal Canin Breed Health Nutrition Boxer junior száraz kutyaeledel 12kg", "brand": "Royal CaninBreed Health Nutrition10,1 – 12kgKölyökszárnyasgyomor&emésztésBoxer", "regular_price": "9 999", "selling_price": "8 999", "price_per_unit": "1 kg=2492 Ft", "product_url": "https://webshop.fressnapf.hu/termekek/royal-canin-breed-health-nutrition-boxer-szaraz-kutyaeledel-junior-12kg/", "product_description": "Teljes értékű táp boxer fajtájú kölyökkutyáknak – 15 hónapos korig. Az immunrendszer támogatása A növekedés létfontosságú időszaka a kutya életében: nagy változások, felfedezések és új találkozások időszaka. A kölyökkutya immunrendszere e kulcsfontosságú időszakban fokozatosan fejlődik. A Boxer Puppy táp egy szabadalmazott* antioxidáns komplexet – benne E-vitamint – tartalmaz, hogy támogassa a kölyökkutya természetes védekező rendszerét és fenntartsa a kölyök optimális egészségét a növekedés során. *Franciaország, szabadalom: EP1146870. Izomfejlődés A táp gondosan beállított fehérjetartalma támogatja a kölyökkutya izomtömegének növelését. A formula L-karnitint is tartalmaz. Egészséges emésztés A kitűnő minőségű fehérjét (L.I.P.*) és prebiotikumokat (FOS) is magában foglaló tápanyag-kombinációt tartalmazó táp, segít fenntartani a bélflóra egészséges egyensúlyát is, ami hozzájárul a bélsár jó minőségéhez. *L.I.P.: kitűnően emészthető, válogatott fehérje. Testre szabott tápszemcse: speciális brachycephal állkapocs A speciálisan kialakított tápszemcse megkönnyíti a boxer kölyökkutya számára a tápszemcse megragadását és arra ösztönzik a kölyköt, hogy lenyelés előtt szétrágja azt. Összetétel: dehidratált baromfifehérje, kukorica, rizs, állati zsiradékok, növényi fehérje kivonat*, kukoricaliszt, hidrolizált állati fehérjék, búzaliszt, dehidratált sertésfehérje*, cukorrépapép, ásványi sók, halolaj, kókuszolaj, növényi rostok, szójaolaj, frukto-oligoszacharidok (0,34 %), Psyllium maghéj és mag, élesztő-hidrolizátum (mannán-oligoszacharidok forrása), rákféleségekből készült hidrolizátum (glükózamin forrás), élesztő kivonat (béta-glükánok forrása), bársonyvirág kivonat (lutein forrás), porc hidrolizátum (kondroitin forrás). *L.I.P.: kitűnően emészthető, válogatott fehérje. Adalékanyagok (kilogrammonként): Tápértékkel rendelkező adalékanyagok: A vitamin: 29500 NE, D3 vitamin: 800 NE, E vitamin: 590 mg – E1 (Vas): 40 mg, E2 (Jód): 4 mg, E4 (Réz): 12 mg, E5 (Mangán): 52 mg, E6 (Cink): 133 mg, E8 (Szelén): 0,09 mg – L-karnitin: 400 mg – Technológiai adalékanyagok: Üledékes eredetű klinoptilolit: 10 g – Érzékszervi adalékanyagok: Yucca kivonat: 125 mg – Tartósítószerek – Antioxidánsok. Analitikai összetevők: Nyersfehérje: 30,0 % – Nyersolajok és -zsírok: 18,0 % – Nyershamu: 7,5 % – Nyersrost: 1,8 %. Életkor (hónap) Felnőttkori testsúly = 26 kg Felnőttkori testsúly = 32 kg Felnőttkori testsúly = 36 kg 2 255 g (2+5/8 mérőpohár) 269 g (2+6/8 mérőpohár) 278 g (2+7/8 mérőpohár) 3 315 g (3+2/8 mérőpohár) 340 g (3+4/8 mérőpohár) 357 g (3+6/8 mérőpohár) 4 342 g (3+5/8 mérőpohár) 371 g (3+7/8 mérőpohár) 391 g (4+1/8 mérőpohár) 6 391 g (4+1/8 mérőpohár) 456 g (4+6/8 mérőpohár) 498 g (5+1/8 mérőpohár) 7 404 g (4+2/8 mérőpohár) 475  g (5 mérőpohár) 519 g (5+3/8 mérőpohár) 8 390 g (4+1/8 mérőpohár) 459 g (4+6/8 mérőpohár) 505 g (5+2/8 mérőpohár) 10 356 g (3+6/8 mérőpohár) 418 g (4+3/8 mérőpohár) 472 g (4+7/8 mérőpohár) 12 322 g (3+3/8 mérőpohár) 377 g (3+7/8 mérőpohár) 414 g (4+3/8 mérőpohár) 14 320 g (3+3/8 mérőpohár) 373 g (3+7/8 mérőpohár) 408 g (4+2/8 mérőpohár) 16 Átváltás Boxer Adult Átváltás Boxer Adult Átváltás Boxer Adult Tovább olvasok"}
{"breadcrumb": "Főoldal/Kutya/Eledelek/Száraz eledelek/Royal Canin Breed Health Nutrition Bulldog száraz kutyaeledel adult 12kg", "product_name": "Royal Canin Breed Health Nutrition Bulldog száraz kutyaeledel adult 12kgRoyal Canin Breed Health Nutrition Bulldog száraz kutyaeledel adult 12kg", "brand": "Royal CaninBreed Health Nutrition10,1 – 12kgFelnőttszárnyasBulldog", "regular_price": "9 999", "selling_price": "8 999", "price_per_unit": "1 kg=2100 Ft", "product_url": "https://webshop.fressnapf.hu/termekek/royal-canin-breed-health-nutrition-bulldog-szaraz-kutyaeledel-adult-12kg/", "product_description": "Teljes értékű táp felnőtt és idős bulldog fajtájú kutyáknak – 12 hónapos kortól. A Bulldog Adult táp tápanyag-összetétele segít csökkenteni a bél fermentációt, amely emésztőrendszeri rendellenességeket, felfúvódást és kellemetlen bélsár szagot okozhat. A táp különleges összetétele támogatja a bőr „védvonal” szerepét és általános egészségét, főként az általa tartalmazott, EPA és DHA nevű omega-3 zsírsavaknak köszönhetően. A táp speciális összetétele segít támogatni a csontszerkezet és az ízületek egészségét, és fenntartani a kutya ideális testsúlyát. EPA és DHA nevű omega-3 zsírsavakkal gazdagított. A speciálisan kialakított tápszemcse megkönnyíti a buldog fajtájú kutya számára a tápszemcse megragadását és arra ösztönzik a kutyát, hogy lenyelés előtt szétrágja azt. Összetétel: rizs, dehidratált baromfifehérje, állati zsiradékok, növényi fehérje kivonat*, hidrolizált állati fehérjék, dehidratált sertésfehérje*, cukorrépapép, növényi rostok, ásványi sók, halolaj, szójaolaj, élesztő-hidrolizátum (mannán-oligoszacharidok forrása), rákféleségekből készült hidrolizátum (glükózamin forrás), bársonyvirág kivonat (lutein forrás), porc hidrolizátum (kondroitin forrás). *L.I.P.: kitűnően emészthető, válogatott fehérje. Adalékanyagok (kilogrammonként): Tápértékkel rendelkező adalékanyagok: A vitamin: 30000 NE, D3 vitamin: 800 NE, E1 (Vas): 48 mg, E2 (Jód): 4,8 mg, E4 (Réz): 15 mg, E5 (Mangán): 62 mg, E6 (Cink): 141 mg, E8 (Szelén): 0,1 mg – Technológiai adalékanyagok: Üledékes eredetű klinoptilolit: 10 g – Érzékszervi adalékanyagok: Tea kivonat (polifenol forrás): 150 mg – Tartósítószerek – Antioxidánsok. Analitikai összetevők: Nyersfehérje: 24,0 % – Nyersolajok és -zsírok: 14,0 % – Nyershamu: 6,4 % – Nyersrost: 2,8 % – EPA/DHA: 4 g/kg. A kutya testsúlya Lakásban – aktivitás nélkül Átlagos aktivitás Nagyon aktív gramm mérőpohár gramm mérőpohár gramm mérőpohár 18 kg 223 g 2+7/8 258 g 3+3/8 294 g 3+7/8 20 kg 242 g 3+1/8 280 g 3+5/8 318 g 4+1/8 22 kg 259 g 3+3/8 300 g 3+7/8 341 g 4+4/8 24 kg 277 g 3+5/8 321 g 4+1/8 364 g 4+6/8 26 kg 294 g 3+7/8 340 g 4+3/8 387 g 5 28 kg 311 g 4 360 g 4+6/8 409 g 5+3/8 30 kg 327 g 4+2/8 379 g 4+7/8 431 g 5+5/8 Tovább olvasok"}
{"breadcrumb": "Főoldal/Kutya/Eledelek/Száraz eledelek/Royal Canin Breed Health Nutrition Bulldog száraz kutyaeledel adult 3kg", "product_name": "Royal Canin Breed Health Nutrition Bulldog száraz kutyaeledel adult 3kgRoyal Canin Breed Health Nutrition Bulldog száraz kutyaeledel adult 3kg", "brand": "Royal CaninBreed Health Nutrition1,1kg – 4kgFelnőttszárnyaskistestű 10kg-igBulldog", "regular_price": "11 499", "selling_price": "9 999", "price_per_unit": "1 kg=3000 Ft", "product_url": "https://webshop.fressnapf.hu/termekek/royal-canin-breed-health-nutrition-kutya-szarazeledel-bulldog-adult-3kg/", "product_description": "Teljes értékű táp felnőtt és idős bulldog fajtájú kutyáknak – 12 hónapos kortól. A Bulldog Adult táp tápanyag-összetétele segít csökkenteni a bél fermentációt, amely emésztőrendszeri rendellenességeket, felfúvódást és kellemetlen bélsár szagot okozhat. A táp különleges összetétele támogatja a bőr „védvonal” szerepét és általános egészségét, főként az általa tartalmazott, EPA és DHA nevű omega-3 zsírsavaknak köszönhetően. A táp speciális összetétele segít támogatni a csontszerkezet és az ízületek egészségét, és fenntartani a kutya ideális testsúlyát. EPA és DHA nevű omega-3 zsírsavakkal gazdagított. A speciálisan kialakított tápszemcse megkönnyíti a buldog fajtájú kutya számára a tápszemcse megragadását és arra ösztönzik a kutyát, hogy lenyelés előtt szétrágja azt. Összetétel: rizs, dehidratált baromfifehérje, állati zsiradékok, növényi fehérje kivonat*, hidrolizált állati fehérjék, dehidratált sertésfehérje*, cukorrépapép, növényi rostok, ásványi sók, halolaj, szójaolaj, élesztő-hidrolizátum (mannán-oligoszacharidok forrása), rákféleségekből készült hidrolizátum (glükózamin forrás), bársonyvirág kivonat (lutein forrás), porc hidrolizátum (kondroitin forrás). *L.I.P.: kitűnően emészthető, válogatott fehérje. Adalékanyagok (kilogrammonként): Tápértékkel rendelkező adalékanyagok: A vitamin: 30000 NE, D3 vitamin: 800 NE, E1 (Vas): 48 mg, E2 (Jód): 4,8 mg, E4 (Réz): 15 mg, E5 (Mangán): 62 mg, E6 (Cink): 141 mg, E8 (Szelén): 0,1 mg – Technológiai adalékanyagok: Üledékes eredetű klinoptilolit: 10 g – Érzékszervi adalékanyagok: Tea kivonat (polifenol forrás): 150 mg – Tartósítószerek – Antioxidánsok. Analitikai összetevők: Nyersfehérje: 24,0 % – Nyersolajok és -zsírok: 14,0 % – Nyershamu: 6,4 % – Nyersrost: 2,8 % – EPA/DHA: 4 g/kg. A kutya testsúlya Lakásban – aktivitás nélkül Átlagos aktivitás Nagyon aktív gramm mérőpohár gramm mérőpohár gramm mérőpohár 18 kg 223 g 2+7/8 258 g 3+3/8 294 g 3+7/8 20 kg 242 g 3+1/8 280 g 3+5/8 318 g 4+1/8 22 kg 259 g 3+3/8 300 g 3+7/8 341 g 4+4/8 24 kg 277 g 3+5/8 321 g 4+1/8 364 g 4+6/8 26 kg 294 g 3+7/8 340 g 4+3/8 387 g 5 28 kg 311 g 4 360 g 4+6/8 409 g 5+3/8 30 kg 327 g 4+2/8 379 g 4+7/8 431 g 5+5/8 Tovább olvasok"}
{"breadcrumb": "Főoldal/Kutya/Eledelek/Száraz eledelek/Royal Canin Breed Health Nutrition Bulldog száraz kutyaeledel puppy 12kg", "product_name": "Royal Canin Breed Health Nutrition Bulldog száraz kutyaeledel puppy 12kgRoyal Canin Breed Health Nutrition Bulldog száraz kutyaeledel puppy 12kg", "brand": "Royal CaninBreed Health Nutrition10,1 – 12kgKölyökszárnyasBulldog", "regular_price": "3 799", "selling_price": "3 299", "price_per_unit": "1 kg=2408 Ft", "product_url": "https://webshop.fressnapf.hu/termekek/royal-canin-breed-health-nutrition-bulldog-szaraz-kutyaeledel-puppy-12kg/", "product_description": "Teljes értékű táp bulldog fajtájú kölyökkutyáknak – 12 hónapos korig. A növekedés létfontosságú időszaka a kutya életében: nagy változások, felfedezések és új találkozások időszaka. A kölyökkutya immunrendszere e kulcsfontosságú időszakban fokozatosan fejlődik. A Bulldog Puppy táp egy szabadalmazott* antioxidáns komplexet – benne E-vitamint – tartalmaz, hogy támogassa a kölyökkutya természetes védekező rendszerét és fenntartsa a kölyök optimális egészségét a növekedés során. *Franciaország, szabadalom: EP1146870. A kitűnő minőségű fehérjét (L.I.P.*) és prebiotikumokat (FOS) is magában foglaló tápanyag-kombinációt tartalmazó táp, segít fenntartani a bélflóra egészséges egyensúlyát is, ami hozzájárul a bélsár jó minőségéhez. *L.I.P.: kitűnően emészthető, válogatott fehérje. Gondosan beállított kalcium- és foszfortartalmának köszönhetően a Bulldog Puppy táp támogatja a buldog kölyök csontszerkezetét és az ízületeket. Ez a különleges formula emellett az ideális testsúly fenntartásához is hozzájárul. A speciálisan kialakított tápszemcse megkönnyíti a buldog kölyökkutya számára a tápszemcse megragadását és arra ösztönzik a kölyköt, hogy lenyelés előtt szétrágja azt. Összetétel: dehidratált baromfifehérje, rizs, kukoricaliszt, növényi fehérje kivonat*, állati zsiradékok, dehidratált sertésfehérje*, hidrolizált állati fehérjék, búzaliszt, cukorrépapép, növényi rostok, ásványi sók, halolaj, szójaolaj, frukto-oligoszacharidok (0,34 %), élesztő-hidrolizátum (mannán-oligoszacharidok forrása), rákféleségekből készült hidrolizátum (glükózamin forrás), élesztő kivonat (béta-glükánok forrása), bársonyvirág kivonat (lutein forrás), porc hidrolizátum (kondroitin forrás). *L.I.P.: kitűnően emészthető, válogatott fehérje. Adalékanyagok (kilogrammonként): Tápértékkel rendelkező adalékanyagok: A vitamin: 29500 NE, D3 vitamin: 800 NE, E vitamin: 600 mg – E1 (Vas): 41 mg, E2 (Jód): 4,1 mg, E4 (Réz): 13 mg, E5 (Mangán): 54 mg, E6 (Cink): 135 mg, E8 (Szelén): 0,09 mg – Technológiai adalékanyagok: Üledékes eredetű klinoptilolit: 10 g – Érzékszervi adalékanyagok: Yucca kivonat: 125 mg – Tartósítószerek – Antioxidánsok. Analitikai összetevők: Nyersfehérje: 30,0 % – Nyersolajok és -zsírok: 17,0 % – Nyershamu: 7,8 % – Nyersrost: 2,4 % – Kalcium: 1,26 % – Foszfor: 1 %. Életkor (hónap) Felnőttkori testsúly = 18 kg Felnőttkori testsúly = 24 kg Felnőttkori testsúly = 30 kg 2 231 g (2+4/8 mérőpoharak) 257 g (2+6/8 mérőpoharak) 272 g (2+7/8 mérőpoharak) 3 276 g (3 mérőpoharak) 315 g (3+3/8 mérőpoharak) 341 g (3+5/8 mérőpoharak) 4 297 g (3+1/8 mérőpoharak) 341 g (3+5/8 mérőpoharak) 371 g (4 mérőpoharak) 5 304 g (3+2/8 mérőpoharak) 361 g (3+7/8 mérőpoharak) 410 g (4+3/8 mérőpoharak) 6 304 g (3+2/8 mérőpoharak) 378 g (4 mérőpoharak) 446 g (4+6/8 mérőpoharak) 7 283 g (3 mérőpoharak) 375 g (4 mérőpoharak) 447 g (4+6/8 mérőpoharak) 9 240 g (2+5/8 mérőpoharak) 305 g (3+2/8 mérőpoharak) 387 g (4+1/8 mérőpoharak) 11 216 g (2+2/8 mérőpoharak) 270 g (2+7/8 mérőpoharak) 320 g (3+3/8 mérőpoharak) 12 215 g (2+2/8 mérőpoharak) 269 g (2+7/8 mérőpoharak) 318 g (3+3/8 mérőpoharak) 13 Bulldog Adult Bulldog Adult Bulldog Adult Tovább olvasok"}
{"breadcrumb": "Főoldal/Kutya/Eledelek/Száraz eledelek/Royal Canin Breed Health Nutrition Bulldog száraz kutyaeledel puppy 3kg", "product_name": "Royal Canin Breed Health Nutrition Bulldog száraz kutyaeledel puppy 3kgRoyal Canin Breed Health Nutrition Bulldog száraz kutyaeledel puppy 3kg", "brand": "Royal CaninBreed Health Nutrition1,1kg – 4kgKölyökszárnyaskistestű 10kg-igBulldog", "regular_price": "3 499", "selling_price": "2 999", "price_per_unit": "1 kg=3000 Ft", "product_url": "https://webshop.fressnapf.hu/termekek/royal-canin-breed-health-nutrition-kutya-szarazeledel-bulldog-puppy-3kg/", "product_description": "Teljes értékű táp bulldog fajtájú kölyökkutyáknak – 12 hónapos korig. A növekedés létfontosságú időszaka a kutya életében: nagy változások, felfedezések és új találkozások időszaka. A kölyökkutya immunrendszere e kulcsfontosságú időszakban fokozatosan fejlődik. A Bulldog Puppy táp egy szabadalmazott* antioxidáns komplexet – benne E-vitamint – tartalmaz, hogy támogassa a kölyökkutya természetes védekező rendszerét és fenntartsa a kölyök optimális egészségét a növekedés során. *Franciaország, szabadalom: EP1146870. A kitűnő minőségű fehérjét (L.I.P.*) és prebiotikumokat (FOS) is magában foglaló tápanyag-kombinációt tartalmazó táp, segít fenntartani a bélflóra egészséges egyensúlyát is, ami hozzájárul a bélsár jó minőségéhez. *L.I.P.: kitűnően emészthető, válogatott fehérje. Gondosan beállított kalcium- és foszfortartalmának köszönhetően a Bulldog Puppy táp támogatja a buldog kölyök csontszerkezetét és az ízületeket. Ez a különleges formula emellett az ideális testsúly fenntartásához is hozzájárul. A speciálisan kialakított tápszemcse megkönnyíti a buldog kölyökkutya számára a tápszemcse megragadását és arra ösztönzik a kölyköt, hogy lenyelés előtt szétrágja azt. Összetétel: dehidratált baromfifehérje, rizs, kukoricaliszt, növényi fehérje kivonat*, állati zsiradékok, dehidratált sertésfehérje*, hidrolizált állati fehérjék, búzaliszt, cukorrépapép, növényi rostok, ásványi sók, halolaj, szójaolaj, frukto-oligoszacharidok (0,34 %), élesztő-hidrolizátum (mannán-oligoszacharidok forrása), rákféleségekből készült hidrolizátum (glükózamin forrás), élesztő kivonat (béta-glükánok forrása), bársonyvirág kivonat (lutein forrás), porc hidrolizátum (kondroitin forrás). *L.I.P.: kitűnően emészthető, válogatott fehérje. Adalékanyagok (kilogrammonként): Tápértékkel rendelkező adalékanyagok: A vitamin: 29500 NE, D3 vitamin: 800 NE, E vitamin: 600 mg – E1 (Vas): 41 mg, E2 (Jód): 4,1 mg, E4 (Réz): 13 mg, E5 (Mangán): 54 mg, E6 (Cink): 135 mg, E8 (Szelén): 0,09 mg – Technológiai adalékanyagok: Üledékes eredetű klinoptilolit: 10 g – Érzékszervi adalékanyagok: Yucca kivonat: 125 mg – Tartósítószerek – Antioxidánsok. Analitikai összetevők: Nyersfehérje: 30,0 % – Nyersolajok és -zsírok: 17,0 % – Nyershamu: 7,8 % – Nyersrost: 2,4 % – Kalcium: 1,26 % – Foszfor: 1 %. Életkor (hónap) Felnőttkori testsúly = 18 kg Felnőttkori testsúly = 24 kg Felnőttkori testsúly = 30 kg 2 231 g (2+4/8 mérőpoharak) 257 g (2+6/8 mérőpoharak) 272 g (2+7/8 mérőpoharak) 3 276 g (3 mérőpoharak) 315 g (3+3/8 mérőpoharak) 341 g (3+5/8 mérőpoharak) 4 297 g (3+1/8 mérőpoharak) 341 g (3+5/8 mérőpoharak) 371 g (4 mérőpoharak) 5 304 g (3+2/8 mérőpoharak) 361 g (3+7/8 mérőpoharak) 410 g (4+3/8 mérőpoharak) 6 304 g (3+2/8 mérőpoharak) 378 g (4 mérőpoharak) 446 g (4+6/8 mérőpoharak) 7 283 g (3 mérőpoharak) 375 g (4 mérőpoharak) 447 g (4+6/8 mérőpoharak) 9 240 g (2+5/8 mérőpoharak) 305 g (3+2/8 mérőpoharak) 387 g (4+1/8 mérőpoharak) 11 216 g (2+2/8 mérőpoharak) 270 g (2+7/8 mérőpoharak) 320 g (3+3/8 mérőpoharak) 12 215 g (2+2/8 mérőpoharak) 269 g (2+7/8 mérőpoharak) 318 g (3+3/8 mérőpoharak) 13 Bulldog felnőtt Bulldog felnőtt Bulldog felnőtt Tovább olvasok"}
{"breadcrumb": "Főoldal/Kutya/Eledelek/Száraz eledelek/Royal Canin Breed Health Nutrition Cocker spániel adult száraz kutyaeledel 3kg", "product_name": "Royal Canin Breed Health Nutrition Cocker spániel adult száraz kutyaeledel 3kgRoyal Canin Breed Health Nutrition Cocker spániel adult száraz kutyaeledel 3kg", "brand": "Royal CaninBreed Health Nutrition1,1kg – 4kgFelnőttszárnyasbőr&szőr ápolóközepes testű 11-25kgCocker spániel", "regular_price": "9 999", "selling_price": "8 999", "price_per_unit": "1 kg=2900 Ft", "product_url": "https://webshop.fressnapf.hu/termekek/royal-canin-breed-health-nutriton-kutya-szarazeledel-cocker-spaniel-adult-3kg/", "product_description": "Teljes értékű táp felnőtt és idős Cocker spániel fajtájú kutyáknak – 12 hónapos kortól. A ROYAL CANIN® Cocker Adult táp kifejezetten úgy van összeállítva, hogy a felnőtt cocker spániel minden tápanyagigényét kielégítse. A bőr és a szőrzet egészségesen tartása érdekében a ROYAL CANIN® Cocker Adult a bőr védvonal funkcióját támogató tápanyagok különleges komplexét tartalmazza. Ez a borágó olajjal, A-vitaminnal és omega-3 zsírsavakkal (EPA és DHA) kiegészített formula a bőr megfelelő táplálásával segít biztosítani annak optimális egészségét. A kutya bőrének egészsége közvetlenül befolyásolja a szőrzet állapotát, ezért fontos biztosítani, hogy a kutya által fogyasztott táp bőrnyugtató hatású tápanyagokat tartalmazzon. A cocker spániel fajtájú kutyák hajlamosak a napi szükségletüknél több táplálékot felvenni, ha erre lehetőségük van. Ezért fontos segíteni a kutyának abban. hogy megőrizze megfelelő testsúlyát és testalakulását. A ROYAL CANIN® Cocker Adult táp optimális összetételének – és korlátozott zsírtartalmának – köszönhetően lehetővé teszi a korlátozott mértékű mindennapi energiabevitelt. A ROYAL CANIN® Cocker Adult táp különleges összetétele a kutya szívét is segít egészségesen tartani, mivel a szívizomzat egészségének megőrzését elősegítő tápanyagok különleges kombinációját tartalmazza. Mi több, a ROYAL CANIN® Cocker Adult tápszemcséjének alakja és mérete kifejezetten a cocker spániel fajta számára van kialakítva. Ez a formula a kalciummal kelátot képező anyagokat tartalmaz, így segíti a fogkő képződését és felhalmozódását, ezáltal támogatja a kutya jó szájhigiéniáját. Öszetétel: Rizs, kukorica, dehidratált baromfifehérje, kukoricaglutén, állati zsiradékok, hidrolizált állati fehérjék, cukorrépapép, növényi fehérje kivonat*, halolaj, ásványi sók, Psyllium maghéj és mag, szójaolaj, frukto-oligoszacharidok, élesztő-hidrolizátum (mannán-oligoszacharidok forrása), borágó olaj (0,1 %), rákféleségekből készült hidrolizátum (glükózamin forrás), bársonyvirág kivonat (lutein forrás), porc hidrolizátum (kondroitin forrás). *L.I.P.: kitűnően emészthető, válogatott fehérje.” Analitikai összetevők: Nyersfehérje: 25,0 % – Nyersolajok és -zsírok: 14,0 % – Nyershamu: 5,1 % – Nyersrost: 1,4 % – Kilogrammonként: EPA/DHA: 4 g – Pentanátrium-trifoszfát: 3,5 g. Tápértékkel rendelkező adalékanyagok: A vitamin: 30500 NE, D3 vitamin: 800 NE, E1 (Vas): 42 mg, E2 (Jód): 4,2 mg, E4 (Réz): 13 mg, E5 (Mangán): 54 mg, E6 (Cink): 142 mg, E8 (Szelén): 0,09 mg – Érzékszervi adalékanyagok: Tea kivonat (polifenol forrás): 150 mg – Tartósítószerek – Antioxidánsok. A kutya testsúlya Átlagos aktivitás Mérsékelt aktivitás Magas energiaszükséglet 10 kg 138 g (1+5/8 mérőpoharak) 160 g (1+7/8  mérőpoharak) 182 g (2+2/8 mérőpoharak) 11 kg 148 g (1+6/8 mérőpoharak) 172 g (2+1/8 mérőpoharak) 195 g (2+3/8 mérőpoharak) 12 kg 158 g (1+7/8 mérőpoharak) 183 g (2+2/8 mérőpoharak) 208 g (2+4/8 mérőpoharak) 14 kg 178 g (2+7/8 mérőpoharak) 206 g (2+4/8 mérőpoharak) 234 g (2+7/8 mérőpoharak) 16 kg 196 g (2+3/8 mérőpoharak) 227 g (2+6/8 mérőpoharak) 258 g (3+1/8 mérőpoharak) Tovább olvasok"}
{"breadcrumb": "Főoldal/Kutya/Eledelek/Száraz eledelek/Royal Canin Breed Health Nutrition Csivava adult száraz kutyaeledel 1,5kg", "product_name": "Royal Canin Breed Health Nutrition Csivava adult száraz kutyaeledel 1,5kgRoyal Canin Breed Health Nutrition Csivava adult száraz kutyaeledel 1,5kg", "brand": "Royal CaninBreed Health Nutrition1,1kg – 4kgFelnőttszárnyasbőr&szőr ápolókistestű 10kg-igCsivava", "regular_price": "11 499", "selling_price": "9 999", "price_per_unit": "1 kg=3933 Ft", "product_url": "https://webshop.fressnapf.hu/termekek/royal-canin-breed-health-nutriton-kutya-szarazeledel-csivava-adult-15kg/", "product_description": "Teljes értékű táp felnőtt és idős chihuahua fajtájú kutyáknak – 8 hónapos kortól. A ROYAL CANIN® Chihuahua Adult tápot kifejezetten úgy állították össze, hogy a felnőtt csivava minden tápanyagigényét kielégítse. A kistestű kutyák – így a csivava is – gyakran válogatósak. Ha az Ön kutyája az etetési időkben erre utaló jeleket mutatott, nyugodjon meg: ez a táp kezelni tudja ezt a problémát. A ROYAL CANIN® Chihuahua Adult rendkívül ízletes és megfelel még a legválogatósabb csivavák étvágyának is, az alábbi három tényező kombinációjának köszönhetően: -Különleges méretű és alakú tápszemcse – Gondosan megválasztott tápanyag-összetétel – Válogatott ízesítő anyagok használata A ROYAL CANIN® Chihuahua Adult tápszemcséjének méretét és alakját kifejezetten a csivava fajta számára alakították ki, figyelembe véve az e fajtába tartozó kutyák miniatűr állkapcsát. Ezt a tápszemcsét a csivava minden gond nélkül a szájába tudja venni és szét tudja rágni. Ezen túlmenően a ROYAL CANIN® Chihuahua Adult tápban lévő tápanyagok támogatják a kutya emésztési funkcióit, ezáltal csökkentik a bélsár mennyiségét – és annak szagát is! A felnőtt csivava fogainak egészségesen tartása érdekében a ROYAL CANIN® Chihuahua Adult táp a kalciummal kelátokat képező anyagokat is tartalmaz, melyek segítenek lelassítani a fogkő képződését és felhalmozódását. Összetétel: Rizs, kukorica, dehidratált baromfifehérje, növényi fehérje kivonat*, állati zsiradékok, hidrolizált állati fehérjék, cukorrépapép, növényi rostok, halolaj, ásványi sók, szójaolaj, frukto-oligoszacharidok, borágó olaj, bársonyvirág kivonat (lutein forrás), rákféleségekből készült hidrolizátum (glükózamin forrás), porc hidrolizátum (kondroitin forrás). *L.I.P.: kitűnően emészthető, válogatott fehérje. Analitikai összetevők: Nyersfehérje: 28,0 % – Nyersolajok és -zsírok: 16,0 % – Nyershamu: 5,1 % – Nyersrost: 2,1 % -Pentanátrium-trifoszfát: 3,5 g/kg.”\t“Tápértékkel rendelkező adalékanyagok: A vitamin: 30500 NE, D3 vitamin: 800 NE, E1 (Vas): 43 mg, E2 (Jód): 4,3 mg, E4 (Réz): 13 mg, E5 (Mangán): 56 mg, E6 (Cink): 140 mg, E8 (Szelén): 0,09 mg Technológiai adalékanyagok: Üledékes eredetű klinoptilolit: 5 g -Érzékszervi adalékanyagok: Tea kivonat (polifenol forrás): 150 mg – Tartósítószerek – Antioxidánsok.” Tovább olvasok"}
{"breadcrumb": "Főoldal/Kutya/Eledelek/Száraz eledelek/Royal Canin Breed Health Nutrition Csivava adult száraz kutyaeledel 500g", "product_name": "Royal Canin Breed Health Nutrition Csivava adult száraz kutyaeledel 500gRoyal Canin Breed Health Nutrition Csivava adult száraz kutyaeledel 500g", "brand": "Royal CaninBreed Health Nutrition401g – 600gFelnőttszárnyasbőr&szőr ápolókistestű 10kg-igCsivava", "regular_price": "11 499", "selling_price": "9 999", "price_per_unit": "1 kg=4198 Ft", "product_url": "https://webshop.fressnapf.hu/termekek/royal-canin-breed-health-nutriton-kutya-szarazeledel-csivava-adult-500g/", "product_description": "Teljes értékű táp felnőtt és idős chihuahua fajtájú kutyáknak – 8 hónapos kortól. A ROYAL CANIN® Chihuahua Adult tápot kifejezetten úgy állították össze, hogy a felnőtt csivava minden tápanyagigényét kielégítse. A kistestű kutyák – így a csivava is – gyakran válogatósak. Ha az Ön kutyája az etetési időkben erre utaló jeleket mutatott, nyugodjon meg: ez a táp kezelni tudja ezt a problémát. A ROYAL CANIN® Chihuahua Adult rendkívül ízletes és megfelel még a legválogatósabb csivavák étvágyának is, az alábbi három tényező kombinációjának köszönhetően: -Különleges méretű és alakú tápszemcse – Gondosan megválasztott tápanyag-összetétel – Válogatott ízesítő anyagok használata A ROYAL CANIN® Chihuahua Adult tápszemcséjének méretét és alakját kifejezetten a csivava fajta számára alakították ki, figyelembe véve az e fajtába tartozó kutyák miniatűr állkapcsát. Ezt a tápszemcsét a csivava minden gond nélkül a szájába tudja venni és szét tudja rágni. Ezen túlmenően a ROYAL CANIN® Chihuahua Adult tápban lévő tápanyagok támogatják a kutya emésztési funkcióit, ezáltal csökkentik a bélsár mennyiségét – és annak szagát is! A felnőtt csivava fogainak egészségesen tartása érdekében a ROYAL CANIN® Chihuahua Adult táp a kalciummal kelátokat képező anyagokat is tartalmaz, melyek segítenek lelassítani a fogkő képződését és felhalmozódását. Összetétel: Rizs, kukorica, dehidratált baromfifehérje, növényi fehérje kivonat*, állati zsiradékok, hidrolizált állati fehérjék, cukorrépapép, növényi rostok, halolaj, ásványi sók, szójaolaj, frukto-oligoszacharidok, borágó olaj, bársonyvirág kivonat (lutein forrás), rákféleségekből készült hidrolizátum (glükózamin forrás), porc hidrolizátum (kondroitin forrás). *L.I.P.: kitűnően emészthető, válogatott fehérje. Analitikai összetevők: Nyersfehérje: 28,0 % – Nyersolajok és -zsírok: 16,0 % – Nyershamu: 5,1 % – Nyersrost: 2,1 % -Pentanátrium-trifoszfát: 3,5 g/kg.”\t“Tápértékkel rendelkező adalékanyagok: A vitamin: 30500 NE, D3 vitamin: 800 NE, E1 (Vas): 43 mg, E2 (Jód): 4,3 mg, E4 (Réz): 13 mg, E5 (Mangán): 56 mg, E6 (Cink): 140 mg, E8 (Szelén): 0,09 mg Technológiai adalékanyagok: Üledékes eredetű klinoptilolit: 5 g -Érzékszervi adalékanyagok: Tea kivonat (polifenol forrás): 150 mg – Tartósítószerek – Antioxidánsok.” Tovább olvasok"}
{"breadcrumb": "Főoldal/Kutya/Eledelek/Nedves eledelek/Royal Canin Breed Health Nutrition Csivava kutya tasak adult 12x85g", "product_name": "Royal Canin Breed Health Nutrition Csivava kutya tasak adult 12x85gRoyal Canin Breed Health Nutrition Csivava kutya tasak adult 12x85g", "brand": "Royal CaninBreed Health Nutrition0g – 100gFelnőtthús és állati származékoktasakkistestű 10kg-igCsivava", "regular_price": "8 994", "selling_price": "8 394", "price_per_unit": "329 Ft", "product_url": "https://webshop.fressnapf.hu/termekek/royal-canin-breed-health-nutrition-kutya-tasak-csivava-adult-12x85g/", "product_description": "Teljes értékű táp felnőtt és idős Chihuahua fajtájú kutyáknak – 8 hónapos kortól (pépes állagú). -Olyan tápanyagokat tartalmaz, amelyek táplálják a csivava bőrét és a szőrzetét. -Segít támogatni az egészséges bélpasszázst. -Segít kielégíteni a csivava étvágyát. -Az ízletes pástétomnak az illata és a puhasága megfelel még a legválogatósabb csivava ízlésének is. Összetétel: hús és állati származékok, gabonafélék, növényi eredetű származékok, olajok és zsírok, ásványi anyagok, különféle cukrok. Adalékanyagok (kilogrammonként): Tápértékkel rendelkező adalékanyagok: D3 vitamin: 190 NE, E1 (Vas): 13 mg, E2 (Jód): 0,24 mg, E4 (Réz): 1,9 mg, E5 (Mangán): 4,1 mg, E6 (Cink): 41 mg – Technológiai adalékanyagok: Üledékes eredetű klinoptilolit: 2 g. Analitikai összetevők: Nyersfehérje: 8,5 % – Nyersolajok és -zsírok: 5,6 % – Nyershamu: 1,9 % – Nyersrost: 1,4 % – Nedvesség: 79 %. Tovább olvasok"}
{"breadcrumb": "Főoldal/Kutya/Eledelek/Száraz eledelek/Royal Canin Breed Health Nutrition Csivava száraz kutyaeledel junior 500g", "product_name": "Royal Canin Breed Health Nutrition Csivava száraz kutyaeledel junior 500gRoyal Canin Breed Health Nutrition Csivava száraz kutyaeledel junior 500g", "brand": "Royal CaninBreed Health Nutrition401g – 600gKölyökszárnyas", "regular_price": "3 699", "selling_price": "3 499", "price_per_unit": "1 kg=4798 Ft", "product_url": "https://webshop.fressnapf.hu/termekek/royal-canin-breed-health-nutrition-szaraz-kutyaeledel-csivava-junior-500g/", "product_description": "Teljes értékű táp chihuahua fajtájú kölyökkutyáknak – 8 hónapos korig. A növekedés létfontosságú időszaka a kutya életében: nagy változások, felfedezések és új találkozások időszaka. A kölyökkutya immunrendszere e kulcsfontosságú időszakban fokozatosan fejlődik. A Chihuahua Puppy táp egy szabadalmazott* antioxidáns komplexet – benne E-vitamint – tartalmaz, hogy támogassa a kölyökkutya természetes védekező rendszerét és fenntartsa a kölyök optimális egészségét a növekedés során. *Franciaország, szabadalom: EP1146870. A Chihuahua Puppy táp megfelel még a legválogatósabb csivavakölyök étvágyának is, az alábbi három tényező kombinációjának köszönhetően: különleges méretű és alakú tápszemcse, gondosan válogatott íz és tápanyag-összetétel. Tápanyag-összetétele segít csökkenteni a bélsár mennyiségét és annak szagát is. A csivavakölyök számára kialakított tápszemcse, figyelembe veszi az e fajtába tartozó kölyökkutyák miniatűr állkapcsát. Összetétel: dehidratált baromfifehérje, rizs, állati zsiradékok, kukorica, növényi fehérje kivonat*, cukorrépapép, hidrolizált állati fehérjék, szójaolaj, halolaj, növényi rostok, ásványi sók, frukto-oligoszacharidok, élesztő-hidrolizátum (mannán-oligoszacharidok forrása), élesztő kivonat (béta-glükánok forrása), bársonyvirág kivonat (lutein forrás). Adalékanyagok (kilogrammonként): Tápértékkel rendelkező adalékanyagok: A vitamin: 28000 NE, D3 vitamin: 800 NE, E vitamin: 570 mg – E1 (Vas): 39 mg, E2 (Jód): 3,9 mg, E4 (Réz): 12 mg, E5 (Mangán): 51 mg, E6 (Cink): 107 mg, E8 (Szelén): 0,08 mg – Technológiai adalékanyagok: Üledékes eredetű klinoptilolit: 10 g – Érzékszervi adalékanyagok: Yucca kivonat: 125 mg – Tartósítószerek – Antioxidánsok. Analitikai összetevők: Nyersfehérje: 30,0 % – Nyersolajok és -zsírok: 20,0 % – Nyershamu: 7,2 % – Nyersrost: 2,0 %. *L.I.P.: kitűnően emészthető, válogatott fehérje. Etetési útmutató: Életkor (hónap) Felnőttkori testsúly = 1 kg Felnőttkori testsúly = 2 kg Felnőttkori testsúly = 3.5 kg 2 29 g (3/8 mérőpohár) 49 g (4/8 mérőpohár) 71 g (6/8 mérőpohár) 3 32 g (3/8 mérőpohár) 55 g (5/8 mérőpohár) 80 g (7/8 mérőpohár) 4 33 g (3/8 mérőpohár) 56  g (5/8 mérőpohár) 84 g (1 mérőpohár) 5 33 g (3/8 mérőpohár) 56 g (5/8 mérőpohár) 84 g (1 mérőpohár) 6 29 g ( 3/8 mérőpohár) 48 g (4/8 mérőpohár) 77 g (7/8 mérőpohár) 7 24 g (2/8 mérőpohár) 40 g (4/8 mérőpohár) 69 g (6/8 mérőpohár) 8 24 g (2/8 mérőpohár) 40 g (4/8 mérőpohár) 61 g (5/8 mérőpohár) 9 Átváltás Chihuahua Adult Átváltás Chihuahua Adult Átváltás Chihuahua Adult Tovább olvasok"}
{"breadcrumb": "Főoldal/Kutya/Eledelek/Száraz eledelek/Royal Canin Breed Health Nutrition Francia Bulldog adult száraz kutyaeledel 3kg", "product_name": "Royal Canin Breed Health Nutrition Francia Bulldog adult száraz kutyaeledel 3kgRoyal Canin Breed Health Nutrition Francia Bulldog adult száraz kutyaeledel 3kg", "brand": "Royal CaninBreed Health Nutrition1,1kg – 4kgFelnőttszárnyasbőr&szőr ápolókistestű 10kg-igFrancia Bulldog", "regular_price": "3 799", "selling_price": "3 299", "price_per_unit": "1 kg=3000 Ft", "product_url": "https://webshop.fressnapf.hu/termekek/royal-canin-breed-health-nutriton-kutya-szarazeledel-francia-bulldog-adult-3kg/", "product_description": "Teljes értékű táp felnőtt és idős francia bulldog fajtájú kutyáknak – 12 hónapos kortól. A 12 hónaposnál idősebb francia bulldog fajtájú kutyák számára alkalmas ROYAL CANIN® French Bulldog Adult tápot kifejezetten úgy állították össze, hogy a felnőtt francia bulldog minden tápanyagigényét kielégítse. Erős izmainak megőrzéséhez a francia bulldognak rendszeres testmozgásra van szüksége. A rövidebb, de mindennapos séták előnyösebbek a csontok és az ízületek egészsége szempontjából, mint a túl sok futás vagy ugrás. A megfelelő táplálás szintén hozzájárul az izomtömeg hatékony megőrzéséhez: a ROYAL CANIN® French Bulldog Adult táp ezért tartalmaz L-karnitint és optimális mennyiségű fehérjét. A ROYAL CANIN® French Bulldog Adult táp olyan tápanyagokat (többek között egy különleges komplexet, valamint EPA és DHA zsírsavakat) is tartalmaz, amelyek segítenek megőrizni a francia bulldog bőrének és jellegzetes szőrzetének egészségét. Ezen túlmenően a ROYAL CANIN® French Bulldog Adult táp a bélflóra megfelelő egyensúlyának támogatásával hozzájárul az optimális emésztéshez, ezáltal segít csökkenteni a túlzott felfúvódást és a kutya bélsarának kellemetlen szagát – ami nemcsak a kutya, hanem a gazdája számára is nagyszerű hír. Emellett a ROYAL CANIN® French Bulldog Adult táp tápszemcséjét kifejezetten úgy alakították ki, hogy a francia bulldog könnyebben megragadhassa azt. A tápszemcse jellemzői arra ösztönzik a kutyát, hogy lenyelés előtt alaposan rágja meg azt, ami szintén az egészséges emésztést támogatja. Összetétel: Rizs, búza, állati zsiradékok, dehidratált sertésfehérje, növényi fehérje kivonat*, dehidratált baromfifehérje, hidrolizált állati fehérjék, cukorrépapép, ásványi sók, halolaj, szójaolaj, frukto- oligoszacharidok, rákféleségekből készült hidrolizátum (glükózamin forrás), bársonyvirág kivonat (lutein forrás), porc hidrolizátum (kondroitin forrás). *L.I.P.: kitűnően emészthető, válogatott fehérje. Analitikai összetevők: Nyersfehérje: 26,0 % – Nyersolajok és -zsírok: 18,0 % – Nyershamu: 6,0 % – Nyersrost: 1,3 % – EPA/DHA: 4 g/kg. Tápértékkel rendelkező adalékanyagok: A vitamin: 30500 NE, D3 vitamin: 800 NE, E1 (Vas): 47 mg, E2 (Jód): 4,7 mg, E4 (Réz): 15 mg, E5 (Mangán): 61 mg, E6 (Cink): 142 mg, E8 (Szelén): 0,1 mg, L-karnitin: 100 mg – Technológiai adalékanyagok: Üledékes eredetű klinoptilolit: 10 g Érzékszervi adalékanyagok: Tea kivonat (polifenol forrás): 150 mg – Tartósítószerek – Antioxidánsok. A kutya testsúlya Alacsony energiaszükséglet Átlagos aktivitás Magas energiaszükséglet 8 kg 112 g 130 g (1+3/8 mérőpoharak) 147 g (1+6/8 mérőpoharak) 9 kg 122 g 142 g (1+4/8 mérőpoharak) 161 g (1+7/8 mérőpoharak) 10 kg 132 g 153 g (1+5/8 mérőpoharak) 174 g (2+1/8 mérőpoharak) 11 kg 142 g 165 g (1+6/8 mérőpoharak) 187 g (2+2/8 mérőpoharak) 12 kg 152 g 176 g (1+6/8 mérőpoharak) 200 g (2+3/8 mérőpoharak) 14 kg 170 g 197 g (2 mérőpoharak) 224 g (2+5/8 mérőpoharak) Tovább olvasok"}
{"breadcrumb": "Főoldal/Kutya/Eledelek/Száraz eledelek/Royal Canin Breed Health Nutrition Francia Bulldog junior száraz kutyaeledel 1kg", "product_name": "Royal Canin Breed Health Nutrition Francia Bulldog junior száraz kutyaeledel 1kgRoyal Canin Breed Health Nutrition Francia Bulldog junior száraz kutyaeledel 1kg", "brand": "Royal CaninBreed Health Nutrition801g – 1kgKölyökszárnyasbőr&szőr ápolókistestű 10kg-igFrancia Bulldog", "regular_price": "9 999", "selling_price": "8 999", "price_per_unit": "1 kg=3699 Ft", "product_url": "https://webshop.fressnapf.hu/termekek/royal-canin-breed-health-nutriton-kutya-szarazeledel-francia-bulldog-junior-1kg/", "product_description": "Teljes értékű táp francia bulldog fajtájú kölyökkutyáknak – 12 hónapos korig. A 12 hónaposnál fiatalabb kölyökkutyák számára alkalmas ROYAL CANIN® French Bulldog Puppy táp kifejezetten úgy van összeállítva, hogy a növésben lévő kölyökkutya minden tápanyagigényét kielégítse. Ebben a kulcsfontosságú időszakban a kölyökkutya immunrendszere fokozatosan fejlődik. Annak köszönhetően, hogy egy szabadalmazott antioxidáns komplexet – benne E-vitamint – is tartalmaz, a ROYAL CANIN® French Bulldog Puppy támogatja a kölyökkutya természetes védekező rendszerét. A ROYAL CANIN® French Bulldog Puppy táp kitűnő minőségű fehérjéket (L.I.P.) tartalmaz, melyeket kifejezetten nagyon jó emészthetőségük miatt választottak ki. A táp nagyon előnyös hatású prebiotikumokat is tartalmaz. E tápanyagok kombinációja támogatja az egészséges emésztést és hozzájárul a bélflóra egészséges egyensúlyához, ami viszont nagyon fontos a bélsár jó minőségéhez. Mi több, ez a különleges formula segít erősíteni a kutya bőrének védvonal funkcióját, ami hozzájárul a bőr jó egészségi állapotához. A bőr jó egészsége előnyös hatással van a szőrzet minőségére. A ROYAL CANIN® French Bulldog Puppy tápszemcséjét kifejezetten a francia bulldog kölyök számára fejlesztették ki. Mivel e fajtának különösen rövid az állkapcsa, a tápszemcse alakja és mérete úgy van kialakítva, hogy megkönnyítse a kölyökkutya számára annak megragadását. A tápszemcse állaga pedig arra ösztönzi a kutyát, hogy lenyelés előtt alaposan rágja meg azt. Összetétel: Rizs, dehidratált baromfifehérje, búza, növényi fehérje kivonat*, állati zsiradékok, hidrolizált állati fehérjék, cukorrépapép, dehidratált sertésfehérje, ásványi sók, szójaolaj, halolaj, frukto-oligoszacharidok (0,34 %), élesztő-hidrolizátum (mannán-oligoszacharidok forrása), rákféleségekből készült hidrolizátum (glükózamin forrás), élesztő kivonat (béta-glükánok forrása), bársonyvirág kivonat (lutein forrás), porc hidrolizátum (kondroitin forrás). *L.I.P.: kitűnően emészthető, válogatott fehérje. Analitikai összetevők: Nyersfehérje: 30,0 % – Nyersolajok és -zsírok: 20,0 % – Nyershamu: 8,0 % -Nyersrost: 1,2 %. Tápértékkel rendelkező adalékanyagok: A vitamin: 31500 NE, D3 vitamin: 800 NE, E vitamin: 630 mg, E1 (Vas): 41 mg, E2 (Jód): 4,1 mg, E4 (Réz): 13 mg, E5 (Mangán): 54 mg, E6 (Cink): 137 mg, E8 (Szelén): 0,09 mg Technológiai adalékanyagok: Üledékes eredetű klinoptilolit: 10 g – Érzékszervi adalékanyagok: Yucca kivonat: 125 mg – Tartósítószerek – Antioxidánsok. Életkor (hónap) A kutya testsúlya = 8 kg A kutya testsúlya = 10 kg A kutya testsúlya = 14 kg gramm mérőpohár gramm mérőpohár gramm mérőpohár 2 122 g 1+2/8 144 g 1+4/8 182 g 1+7/8 3 143 g 1+4/8 169 g 1+6/8 215 g 2+1/8 4 152 g 1+4/8 180 g 1+7/8 230 g 2+3/8 5 154 g 1+5/8 183 g 1+7/8 235 g 2+3/8 6 153 g 1+4/8 182 g 1+7/8 234 g 2+3/8 7 138 g 1+3/8 165 g 1+5/8 217 g 2+2/8 9 110 g 1+1/8 131 g 1+3/8 185 g 1+7/8 11 Átváltás French Bulldog Adult – 129 g 1+2/8 166 g 1+6/8 12 Átváltás French Bulldog Adult – Átváltás French Bulldog Adult – ÁtváltásFrench Bulldog Adult – Tovább olvasok"}
{"breadcrumb": "Főoldal/Kutya/Eledelek/Száraz eledelek/Royal Canin Breed Health Nutrition Francia Bulldog junior száraz kutyaeledel 3kg", "product_name": "Royal Canin Breed Health Nutrition Francia Bulldog junior száraz kutyaeledel 3kgRoyal Canin Breed Health Nutrition Francia Bulldog junior száraz kutyaeledel 3kg", "brand": "Royal CaninBreed Health Nutrition1,1kg – 4kgKölyökszárnyasbőr&szőr ápolókistestű 10kg-igFrancia Bulldog", "regular_price": "11 499", "selling_price": "9 999", "price_per_unit": "1 kg=3100 Ft", "product_url": "https://webshop.fressnapf.hu/termekek/royal-canin-breed-health-nutriton-kutya-szarazeledel-francia-bulldog-junior-3kg/", "product_description": "Teljes értékű táp francia bulldog fajtájú kölyökkutyáknak – 12 hónapos korig. A 12 hónaposnál fiatalabb kölyökkutyák számára alkalmas ROYAL CANIN® French Bulldog Puppy táp kifejezetten úgy van összeállítva, hogy a növésben lévő kölyökkutya minden tápanyagigényét kielégítse. Ebben a kulcsfontosságú időszakban a kölyökkutya immunrendszere fokozatosan fejlődik. Annak köszönhetően, hogy egy szabadalmazott antioxidáns komplexet – benne E-vitamint – is tartalmaz, a ROYAL CANIN® French Bulldog Puppy támogatja a kölyökkutya természetes védekező rendszerét. A ROYAL CANIN® French Bulldog Puppy táp kitűnő minőségű fehérjéket (L.I.P.) tartalmaz, melyeket kifejezetten nagyon jó emészthetőségük miatt választottak ki. A táp nagyon előnyös hatású prebiotikumokat is tartalmaz. E tápanyagok kombinációja támogatja az egészséges emésztést és hozzájárul a bélflóra egészséges egyensúlyához, ami viszont nagyon fontos a bélsár jó minőségéhez. Mi több, ez a különleges formula segít erősíteni a kutya bőrének védvonal funkcióját, ami hozzájárul a bőr jó egészségi állapotához. A bőr jó egészsége előnyös hatással van a szőrzet minőségére. A ROYAL CANIN® French Bulldog Puppy tápszemcséjét kifejezetten a francia bulldog kölyök számára fejlesztették ki. Mivel e fajtának különösen rövid az állkapcsa, a tápszemcse alakja és mérete úgy van kialakítva, hogy megkönnyítse a kölyökkutya számára annak megragadását. A tápszemcse állaga pedig arra ösztönzi a kutyát, hogy lenyelés előtt alaposan rágja meg azt. Összetétel: Rizs, dehidratált baromfifehérje, búza, növényi fehérje kivonat*, állati zsiradékok, hidrolizált állati fehérjék, cukorrépapép, dehidratált sertésfehérje, ásványi sók, szójaolaj, halolaj, frukto-oligoszacharidok (0,34 %), élesztő-hidrolizátum (mannán-oligoszacharidok forrása), rákféleségekből készült hidrolizátum (glükózamin forrás), élesztő kivonat (béta-glükánok forrása), bársonyvirág kivonat (lutein forrás), porc hidrolizátum (kondroitin forrás). *L.I.P.: kitűnően emészthető, válogatott fehérje. Analitikai összetevők: Nyersfehérje: 30,0 % – Nyersolajok és -zsírok: 20,0 % – Nyershamu: 8,0 % -Nyersrost: 1,2 %. Tápértékkel rendelkező adalékanyagok: A vitamin: 31500 NE, D3 vitamin: 800 NE, E vitamin: 630 mg, E1 (Vas): 41 mg, E2 (Jód): 4,1 mg, E4 (Réz): 13 mg, E5 (Mangán): 54 mg, E6 (Cink): 137 mg, E8 (Szelén): 0,09 mg Technológiai adalékanyagok: Üledékes eredetű klinoptilolit: 10 g – Érzékszervi adalékanyagok: Yucca kivonat: 125 mg – Tartósítószerek – Antioxidánsok. Életkor (hónap) A kutya testsúlya = 8 kg A kutya testsúlya = 10 kg A kutya testsúlya = 14 kg gramm mérőpohár gramm mérőpohár gramm mérőpohár 2 122 g 1+2/8 144 g 1+4/8 182 g 1+7/8 3 143 g 1+4/8 169 g 1+6/8 215 g 2+1/8 4 152 g 1+4/8 180 g 1+7/8 230 g 2+3/8 5 154 g 1+5/8 183 g 1+7/8 235 g 2+3/8 6 153 g 1+4/8 182 g 1+7/8 234 g 2+3/8 7 138 g 1+3/8 165 g 1+5/8 217 g 2+2/8 9 110 g 1+1/8 131 g 1+3/8 185 g 1+7/8 11 Átváltás French Bulldog Adult – 129 g 1+2/8 166 g 1+6/8 12 Átváltás French Bulldog Adult – Átváltás French Bulldog Adult – ÁtváltásFrench Bulldog Adult – Tovább olvasok"}
{"breadcrumb": "Főoldal/Kutya/Eledelek/Száraz eledelek/Royal Canin Breed Health Nutrition Francia Bulldog száraz kutyaeledel adult 9kg", "product_name": "Royal Canin Breed Health Nutrition Francia Bulldog száraz kutyaeledel adult 9kgRoyal Canin Breed Health Nutrition Francia Bulldog száraz kutyaeledel adult 9kg", "brand": "Royal CaninBreed Health Nutrition4,1kg – 10kgFelnőttvegyesbőr&szőr ápolóFrancia Bulldog", "regular_price": "9 999", "selling_price": "8 999", "price_per_unit": "1 kg=2155 Ft", "product_url": "https://webshop.fressnapf.hu/termekek/royal-canin-breed-health-nutrition-francia-bulldog-szaraz-kutyaeledel-adult-9kg/", "product_description": "Teljes értékű táp felnőtt és idős francia bulldog fajtájú kutyáknak – 12 hónapos kortól. A 12 hónaposnál idősebb francia bulldog fajtájú kutyák számára alkalmas ROYAL CANIN® French Bulldog Adult tápot kifejezetten úgy állították össze, hogy a felnőtt francia bulldog minden tápanyagigényét kielégítse. Erős izmainak megőrzéséhez a francia bulldognak rendszeres testmozgásra van szüksége. A rövidebb, de mindennapos séták előnyösebbek a csontok és az ízületek egészsége szempontjából, mint a túl sok futás vagy ugrás. A megfelelő táplálás szintén hozzájárul az izomtömeg hatékony megőrzéséhez: a ROYAL CANIN® French Bulldog Adult táp ezért tartalmaz L-karnitint és optimális mennyiségű fehérjét. A ROYAL CANIN® French Bulldog Adult táp olyan tápanyagokat (többek között egy különleges komplexet, valamint EPA és DHA zsírsavakat) is tartalmaz, amelyek segítenek megőrizni a francia bulldog bőrének és jellegzetes szőrzetének egészségét. Ezen túlmenően a ROYAL CANIN® French Bulldog Adult táp a bélflóra megfelelő egyensúlyának támogatásával hozzájárul az optimális emésztéshez, ezáltal segít csökkenteni a túlzott felfúvódást és a kutya bélsarának kellemetlen szagát – ami nemcsak a kutya, hanem a gazdája számára is nagyszerű hír. Emellett a ROYAL CANIN® French Bulldog Adult táp tápszemcséjét kifejezetten úgy alakították ki, hogy a francia bulldog könnyebben megragadhassa azt. A tápszemcse jellemzői arra ösztönzik a kutyát, hogy lenyelés előtt alaposan rágja meg azt, ami szintén az egészséges emésztést támogatja. Összetétel: Rizs, búza, állati zsiradékok, dehidratált sertésfehérje, növényi fehérje kivonat*, dehidratált baromfifehérje, hidrolizált állati fehérjék, cukorrépapép, ásványi sók, halolaj, szójaolaj, frukto- oligoszacharidok, rákféleségekből készült hidrolizátum (glükózamin forrás), bársonyvirág kivonat (lutein forrás), porc hidrolizátum (kondroitin forrás). *L.I.P.: kitűnően emészthető, válogatott fehérje. Analitikai összetevők: Nyersfehérje: 26,0 % – Nyersolajok és -zsírok: 18,0 % – Nyershamu: 6,0 % – Nyersrost: 1,3 % – EPA/DHA: 4 g/kg. Tápértékkel rendelkező adalékanyagok: A vitamin: 30500 NE, D3 vitamin: 800 NE, E1 (Vas): 47 mg, E2 (Jód): 4,7 mg, E4 (Réz): 15 mg, E5 (Mangán): 61 mg, E6 (Cink): 142 mg, E8 (Szelén): 0,1 mg, L-karnitin: 100 mg – Technológiai adalékanyagok: Üledékes eredetű klinoptilolit: 10 g Érzékszervi adalékanyagok: Tea kivonat (polifenol forrás): 150 mg – Tartósítószerek – Antioxidánsok. A kutya testsúlya Alacsony energiaszükséglet Átlagos aktivitás Magas energiaszükséglet 8 kg 112 g 130 g (1+3/8 mérőpoharak) 147 g (1+6/8 mérőpoharak) 9 kg 122 g 142 g (1+4/8 mérőpoharak) 161 g (1+7/8 mérőpoharak) 10 kg 132 g 153 g (1+5/8 mérőpoharak) 174 g (2+1/8 mérőpoharak) 11 kg 142 g 165 g (1+6/8 mérőpoharak) 187 g (2+2/8 mérőpoharak) 12 kg 152 g 176 g (1+6/8 mérőpoharak) 200 g (2+3/8 mérőpoharak) 14 kg 170 g 197 g (2 mérőpoharak) 224 g (2+5/8 mérőpoharak) Tovább olvasok"}
{"breadcrumb": "Főoldal/Kutya/Eledelek/Száraz eledelek/Royal Canin Breed Health Nutrition Golden Retriever adult száraz kutyaeledel 12kg", "product_name": "Royal Canin Breed Health Nutrition Golden Retriever adult száraz kutyaeledel 12kgRoyal Canin Breed Health Nutrition Golden Retriever adult száraz kutyaeledel 12kg", "brand": "Royal CaninBreed Health Nutrition10,1 – 12kgFelnőttszárnyasbőr&szőr ápolónagytestű 26kg-tólGolden Retriever", "regular_price": "3 499", "selling_price": "2 999", "price_per_unit": "1 kg=2175 Ft", "product_url": "https://webshop.fressnapf.hu/termekek/royal-canin-breed-health-nutriton-kutya-szarazeledel-golden-retriever-adult-12kg/", "product_description": "Teljes értékű táp felnőtt és idős golden retriever fajtájú kutyáknak – 15 hónapos kortól. A 15 hónaposnál idősebb golden retriever kutyák számára alkalmas ROYAL CANIN® Golden Retriever Adult tápot kifejezetten úgy állították össze, hogy a felnőtt golden retrieverek minden tápanyagigényét kielégítse. A megfelelő táp segíthet egészségesen tartani a golden retriever pompás, hosszú és vastag bundáját. Ennek érdekében a ROYAL CANIN® Golden Retriever Adult táp omega-3 zsírsavakat (köztük EPA-t és DHA-t), valamint borágó olajat tartalmaz. E tápanyagok mindegyike támogatja a bőr egészséges védvonal funkcióját, ami viszont hozzájárul a kutya szőrzetének egészséges megjelenéséhez. Elsősorban megfelelő zsírsav-összetételének és hozzáadott taurin-tartalmának köszönhetően a ROYAL CANIN® Golden Retriever Adult táp a kutya egészséges szívműködését is támogatja. A mindennapi testmozgás mellett, gondosan beállított kalóriatartalma révén a ROYAL CANIN® Golden Retriever Adult táp is segít megőrizni az Ön golden retrieverének ideális testsúlyát. Ez különösen fontos az ivartalanított kutyák esetében, mivel azok – kissé alacsonyabb aktivitási szintjeik miatt – hajlamosak a hízásra. Ezen túlmenően a ROYAL CANIN® Golden Retriever Adult tápszemcséje kifejezetten a golden retriever fajtájú kutyák számára van kialakítva. A tápszemcse alakja és mérete megfelel e kutyafajta preferenciáinak. Összetevők: Dehidratált baromfifehérje, kukorica, rizs, búza, hidrolizált állati fehérjék, állati zsiradékok, növényi fehérje kivonat*, növényi rostok, cukorrépapép, halolaj, szójaolaj, szárított paradicsom, ásványi sók, frukto-oligoszacharidok, Psyllium maghéj és mag, rákféleségekből készült hidrolizátum (glükózamin forrás), borágó olaj (0,1 %), bársonyvirág kivonat (lutein forrás), porc hidrolizátum (kondroitin forrás). *L.I.P.: kitűnően emészthető, válogatott fehérje. Analitikai összetétel: Nyersfehérje: 25,0 % – Nyersolajok és -zsírok: 13,0 % – Nyershamu: 6,0 % – Nyersrost: 3,8 % – Kilogrammonként: EPA/DHA: 4,1 g – Taurin (összesen): 1,7 g. Tápértékkel rendelkező adalékanyagok: A vitamin: 32000 NE, D3 vitamin: 900 NE, E1 (Vas): 45 mg, E2 (Jód): 4,5 mg, E4 (Réz): 14 mg, E5 (Mangán): 59 mg, E6 (Cink): 138 mg, E8 (Szelén): 0,1 mg Technológiai adalékanyagok: Üledékes eredetű klinoptilolit: 10 g – Érzékszervi adalékanyagok: Tea kivonat (polifenol forrás): 150 mg – Tartósítószerek – Antioxidánsok. A kutya testsúlya kevésbé aktív Mérsékelt aktivitás Magas energiaszükséglet 26 kg 302 g ( 3+4/8 mérőpoharak) 350 g (4 mérőpoharak) 398 g (4+5/8 mérőpoharak) 28 kg 320 g (3+6/8 mérőpoharak) 370 g (4+2/8 mérőpoharak) 420 g (4+7/8 mérőpoharak) 30 kg 336 g (3+7/8 mérőpoharak) 390 g (4+4/8 mérőpoharak) 443 g (5+1/8 mérőpoharak) 32 kg 353 g (3+1/8 mérőpoharak) 409 g (4+6/8 mérőpoharak) 465 g (5+3/8 mérőpoharak) 34 kg 370 g (4+2/8 mérőpoharak) 428 g (5 mérőpoharak) 486 g (5+5/8 mérőpoharak) 36 kg 386 g (4+4/8 mérőpoharak) 447 g (5+1/8 mérőpoharak) 508 g (5+7/8 mérőpoharak) 38 kg 402 g (4+5/8 mérőpoharak) 465 g (5+3/8 mérőpoharak) 529 g (6+1/8 mérőpoharak) 40 kg 418 g (4+7/8 mérőpoharak) 483 g (5+5/8 mérőpoharak) 549 g (6+3/8 mérőpoharak) Tovább olvasok"}
{"breadcrumb": "Főoldal/Kutya/Eledelek/Száraz eledelek/Royal Canin Breed Health Nutrition Golden Retriever puppy száraz kutyaeledel 12kg", "product_name": "Royal Canin Breed Health Nutrition Golden Retriever puppy száraz kutyaeledel 12kgRoyal Canin Breed Health Nutrition Golden Retriever puppy száraz kutyaeledel 12kg", "brand": "Royal CaninBreed Health Nutrition10,1 – 12kgKölyökszárnyasgyomor&emésztésGolden Retriever", "regular_price": "9 999", "selling_price": "8 999", "price_per_unit": "1 kg=2350 Ft", "product_url": "https://webshop.fressnapf.hu/termekek/royal-canin-breed-health-nutrition-golden-retriever-szaraz-kutyaeledel-puppy-12kg/", "product_description": "Teljes értékű táp Golden retriever fajtájú kölyökkutyáknak – 15 hónapos korig. Az immunrendszer támogatása A növekedés létfontosságú időszaka a kutya életében: nagy változások, felfedezések és új találkozások időszaka. A kölyökkutya immunrendszere e kulcsfontosságú időszakban fokozatosan fejlődik. A Golden Retriever Puppy táp egy szabadalmazott* antioxidáns komplexet – benne E-vitamint – tartalmaz, hogy támogassa a kölyökkutya természetes védekező rendszerét és fenntartsa a kölyök optimális egészségét a növekedés során. *Franciaország, szabadalom: EP1146870. Egészséges bőr és szőrzet Ez az EPA és DHA nevű omega-3 zsírsavakkal és borágó olajjal kiegészített formula segít támogatni a bőr “védvonal” funkcióját. Egészséges emésztés A kitűnő minőségű fehérjét (L.I.P.*) és prebiotikumokat (FOS) is magában foglaló tápanyag-kombinációt tartalmazó táp segít fenntartani a bélflóra egészséges egyensúlyát is, ami hozzájárul a bélsár jó minőségéhez. *L.I.P.: kitűnően emészthető, válogatott fehérje. Testre szabott tápszemcse A tápszemcse alakja, mérete, szerkezete és összetétele kifejezetten a Golden retriever fajtájú kölyökkutya számára lett kifejlesztve. Összetétel: dehidratált baromfifehérje, rizs, kukorica, növényi fehérje kivonat*, búza, állati zsiradékok, növényi rostok, hidrolizált állati fehérjék, cukorrépapép, halolaj, ásványi sók, szójaolaj, frukto-oligoszacharidok (0,34 %), Psyllium maghéj és mag, élesztő-hidrolizátum (mannán-oligoszacharidok forrása), rákféleségekből készült hidrolizátum (glükózamin forrás), borágó olaj (0,1 %), élesztő kivonat (béta-glükánok forrása), bársonyvirág kivonat (lutein forrás), porc hidrolizátum (kondroitin forrás). *L.I.P.: kitűnően emészthető, válogatott fehérje. Adalékanyagok (kilogrammonként): Tápértékkel rendelkező adalékanyagok: A vitamin: 26500 NE, D3 vitamin: 700 NE, E vitamin: 780 mg, E1 (Vas): 38 mg, E2 (Jód): 3,8 mg, E4 (Réz): 12 mg, E5 (Mangán): 49 mg, E6 (Cink): 130 mg, E8 (Szelén): 0,08 mg – Technológiai adalékanyagok: Üledékes eredetű klinoptilolit: 10 g – Érzékszervi adalékanyagok: Yucca kivonat: 125 mg – Tartósítószerek – Antioxidánsok. Analitikai összetevők: Nyersfehérje: 29,0 % – Nyersolajok és -zsírok: 16,0 % – Nyershamu: 7,4 % – Nyersrost: 3,7 % – EPA/DHA: 0,4 %. Életkor (hónap) Felnőttkori testsúly = 25 kg Felnőttkori testsúly = 30 kg Felnőttkori testsúly = 35 kg 2 215 g (2+2/8 mérőpohár) 225 g (2+3/8 mérőpohár) 235 g (2+4/8 mérőpohár) 3 265 g (2+7/8 mérőpohár) 282 g (3 mérőpohár) 300 g (3+2/8 mérőpohár) 4 287 g (3+1/8 mérőpohár) 308 g (3+2/8 mérőpohár) 328 g (3+4/8 mérőpohár) 5 306 g (3+2/8 mérőpohár) 340 g (3+5/8 mérőpohár) 373 g (4 mérőpohár) 6 323 g (3+4/8 mérőpohár) 370 g (4 mérőpohár) 415 g (4+3/8 mérőpohár) 8 291 g (3+1/8 mérőpohár) 344 g (3+5/8 mérőpohár) 387 g (4+1/8 mérőpohár) 10 262 g (2+6/8 mérőpohár) 329 g (3+4/8 mérőpohár) 371 g (4 mérőpohár) 12 287 g (3+1/8 mérőpohár) 329 g (3+4/8 mérőpohár) 372 g (4 mérőpohár) 16 Átváltás Golden Retriever Adult Átváltás Golden Retriever Adult Átváltás Golden Retriever Adult Tovább olvasok"}
{"breadcrumb": "Főoldal/Kutya/Eledelek/Száraz eledelek/Royal Canin Breed Health Nutrition Jack Russell terrier száraz kutyaeledel adult 1,5kg", "product_name": "Royal Canin Breed Health Nutrition Jack Russell terrier száraz kutyaeledel adult 1,5kgRoyal Canin Breed Health Nutrition Jack Russell terrier száraz kutyaeledel adult 1,5kg", "brand": "Royal CaninBreed Health Nutrition1,1kg – 4kgFelnőttszárnyaskistestű 10kg-igJack Russell", "regular_price": "9 999", "selling_price": "8 999", "price_per_unit": "1 kg=3799 Ft", "product_url": "https://webshop.fressnapf.hu/termekek/royal-canin-breed-health-nutrition-kutya-szarazeledel-jack-russell-terrier-adult-15kg/", "product_description": "Teljes értékű táp felnőtt és idős Jack Russell Terrier fajtájú kutyáknak – 10 hónapos kortól. A Jack Russell Terrier élénk vérmérsékletéről ismert. A táp gondosan beállított fehérjetartalmával hozzájárul az izomtömeg fenntartásához. A vitalitás fenntartását elősegítő antioxidáns-komplexel gazdagított. A táp kalciummal kelátokat képező anyagokat is tartalmaz, aminek köszönhetően segít csökkenteni a fogkő képződésének kockázatát. A Jack Russell Terrier Adult táp különleges összetétele támogatja a bőr „védvonal” szerepét és általános egészségét, főként az általa tartalmazott, EPA és DHA nevű omega-3 zsírsavaknak köszönhetően. Borágó olajjal gazdagított. A tápszemcse alakja, mérete, szerkezete és összetétele kifejezetten a Jack Russell terrier fajtájú kutya számára lett kifejlesztve. Összetétel: dehidratált baromfifehérje, rizs, kukorica, búza, növényi fehérje kivonat*, állati zsiradékok, hidrolizált állati fehérjék, cukorrépapép, kukoricaglutén, ásványi sók, halolaj, szójaolaj, élesztő és annak részei, frukto-oligoszacharidok, élesztő-hidrolizátum (mannán-oligoszacharidok forrása), borágó olaj (0,1 %), bársonyvirág kivonat (lutein forrás), rákféleségekből készült hidrolizátum (glükózamin forrás), porc hidrolizátum (kondroitin forrás). *L.I.P.: kitűnően emészthető, válogatott fehérje. Adalékanyagok (kilogrammonként): tápértékkel rendelkező adalékanyagok: a vitamin: 29500 ne, d3 vitamin: 800 ne, e1 (vas): 45 mg, e2 (jód): 4,5 mg, e4 (réz): 14 mg, e5 (mangán): 59 mg, e6 (cink): 137 mg, e8 (szelén): 0,1 mg – technológiai adalékanyagok: üledékes eredetű klinoptilolit: 10 g – érzékszervi adalékanyagok: tea kivonat (polifenol forrás): 150 mg – tartósítószerek – antioxidánsok. Analitikai összetevők: nyersfehérje: 30,0 % – nyersolajok és -zsírok: 16,0 % – nyershamu: 6,0 % – nyersrost: 1,4 % – kilogrammonként: epa/dha: 3 g – pentanátrium-trifoszfát: 3,5 g. A kutya testsúlya kevésbé aktív mérsékelt aktivitás magas energiaszükséglet 5 kg 80 g (7/8 mérőpohár) 106 g (1+1/8 mérőpoharak) 123 g (1+3/8 mérőpoharak) 6 kg 92 g (1 mérőpohár) 121 g (1+2/8 mérőpoharak) 141 g (1+7/8 mérőpoharak) 8 kg 114 g (1+2/8 mérőpoharak) 150 g (1+5/8 mérőpoharak) 174 g (1+7/8 mérőpoharak) 10 kg 135 g (1+4/8 mérőpoharak) 178 g (1+7/8 mérőpoharak) 206 g (2+2/8 mérőpoharak) Tovább olvasok"}
{"breadcrumb": "Főoldal/Kutya/Eledelek/Száraz eledelek/Royal Canin Breed Health Nutrition Labrador Retriever adult száraz kutyaeledel 12kg", "product_name": "Royal Canin Breed Health Nutrition Labrador Retriever adult száraz kutyaeledel 12kgRoyal Canin Breed Health Nutrition Labrador Retriever adult száraz kutyaeledel 12kg", "brand": "Royal CaninBreed Health Nutrition10,1 – 12kgFelnőttszárnyasbőr&szőr ápolónagytestű 26kg-tólLabrador Retriever", "regular_price": "3 499", "selling_price": "2 999", "price_per_unit": "1 kg=2175 Ft", "product_url": "https://webshop.fressnapf.hu/termekek/royal-canin-breed-health-nutriton-kutya-szarazeledel-labrador-retriever-adult-12kg/", "product_description": "Teljes értékű táp felnőtt és idős labrador retriever fajtájú kutyáknak – 15 hónapos kortól. A 15 hónapos és annál idősebb labrador retriever kutyák számára alkalmas ROYAL CANIN® Labrador Retriever Adult tápot kifejezetten úgy állították össze, hogy a felnőtt Labrador retrieverek minden tápanyagigényét kielégítse. A labrador retriever északi őseinek nagyon sok kalóriára volt szükségük, mielőtt belevetették volna magukat az Atlanti-óceán jeges vizébe. A modern labrador retriever tőlük örökölte legendás étvágyát. Emiatt a labrador retrievernek egy gondosan beállított összetételű tápra van szüksége ideális testsúlya megőrzéséhez. Ezért a ROYAL CANIN® Labrador Retriever Adult táp gondosan beállított kalóriatartalmú, megnövelt fehérjetartalmú és csökkentett zsírtartalmú, hogy segítsen fenntartani a kutya egészséges testsúlyát. A labrador retriever bundája sűrű, rövid szőrszálakból és vastag aljszőrzetből áll: e vízálló bunda szerkezete szigeteli a kutyát a hideggel szemben. Ezért a labrador szőrzetének minősége rendkívül fontos. A ROYAL CANIN® Labrador Retriever Adult táp különleges tápanyagkomplexe révén támogatja a bőr védvonal funkcióját. Az összetételben szereplő borágó olajnak és más esszenciális zsírsavaknak köszönhetően a táp segít megőrizni a kutya bőrének és szőrzetének egészségét. A labrador retriever egy elszánt sportoló: mindenét beleadja a testmozgásba. Szilárd testszerkezete és erős csontjai miatt szüksége van az ízületeit egészségesen tartó tápanyagokra. A ROYAL CANIN® Labrador Retriever Adult táp olyan tápanyagokat – köztük az omega-3 zsírsavak közé tartozó EPA-t, glükózamint és kondroitint – tartalmaz, melyek segítenek megőrizni a csontok és az ízületek egészségét. Ezen túlmenően a tápszemcse állaga és összetétele kifejezetten a labrador retriever állkapcsához van alakítva. A tápszemcse különleges alakja segít lassítani a táplálékfelvételt, így elősegíti a kutya egészséges testsúlyának fenntartását. Összetétel: Kukorica, rizs, dehidratált marha- és sertésfehérje*, dehidratált baromfifehérje, hidrolizált állati fehérjék, állati zsiradékok, növényi rostok, cukorrépapép, kukoricaglutén, búza, élesztő és annak részei, halolaj, ásványi sók, szójaolaj, Psyllium maghéj és mag, frukto-oligoszacharidok, rákféleségekből készült hidrolizátum (glükózamin forrás), borágó olaj (0,1 %), bársonyvirág kivonat (lutein forrás), porc hidrolizátum (kondroitin forrás). *L.I.P.: kitűnően emészthető, válogatott fehérje. Analitikai összetevők: Nyersfehérje: 30,0 % – Nyersolajok és -zsírok: 13,0 % – Nyershamu: 6,6 % – Nyersrost: 3,8 % – EPA/DHA: 4 g/kg. Tápértékkel rendelkező adalékanyagok: A vitamin: 28500 NE, D3 vitamin: 800 NE, E1 (Vas): 54 mg, E2 (Jód): 3,4 mg, E4 (Réz): 5 mg, E5 (Mangán): 38 mg, E6 (Cink): 139 mg, E8 (Szelén): 0,16 mg Technológiai adalékanyagok: Üledékes eredetű klinoptilolit: 10 g – Érzékszervi adalékanyagok: Tea kivonat (polifenol forrás): 150 mg – Tartósítószerek – Antioxidánsok. Felnőttkori testsúly Lakásban – aktivitás nélkül Átlagos aktivitás – Nagyon aktív – – gramm mérőpohár gramm mérőpohár gramm mérőpohár 26 kg 308 g 4+1/8 356 g 4+6/8 405 g 5+4/8 28 kg 325 g 4+3/8 376 g 5 428 g 5+6/8 30 kg 342 g 4+5/8 396 g 5+3/8 450 g 6 32 kg 359 g 4+7/8 416 g 5+5/8 473 g 6+3/8 34 kg 376 g 5 435 g 5+7/8 495 g 6+5/8 36 kg 393 g 5+2/8 455 g 6+1/8 516 g 6+7/8 38 kg 409 g 5+4/8 473 g 6+3/8 538 g 7+2/8 40 kg 425 g 5+6/8 492 g 6+5/8 559 g 7+4/8 Tovább olvasok"}
{"breadcrumb": "Főoldal/Kutya/Eledelek/Száraz eledelek/Royal Canin Breed Health Nutrition Labrador retriever száraz kutyaeledel puppy 3kg", "product_name": "Royal Canin Breed Health Nutrition Labrador retriever száraz kutyaeledel puppy 3kgRoyal Canin Breed Health Nutrition Labrador retriever száraz kutyaeledel puppy 3kg", "brand": "Royal CaninBreed Health Nutrition1,1kg – 4kgKölyökszárnyasnagytestű 26kg-tólLabrador Retriever", "regular_price": "9 999", "selling_price": "8 999", "price_per_unit": "1 kg=2966 Ft", "product_url": "https://webshop.fressnapf.hu/termekek/royal-canin-breed-health-nutrition-kutya-szarazeledel-labrador-retriever-puppy-3kg/", "product_description": "Teljes értékű táp Labrador retriever fajtájú kölyökkutyáknak – 15 hónapos korig. Az immunrendszer támogatása A növekedés létfontosságú időszaka a kutya életében: nagy változások, felfedezések és új találkozások időszaka. A kölyökkutya immunrendszere e kulcsfontosságú időszakban fokozatosan fejlődik. A Labrador Retriever Puppy táp egy szabadalmazott* antioxidáns komplexet – benne E-vitamint – tartalmaz, hogy támogassa a kölyökkutya természetes védekező rendszerét és fenntartsa a kölyök optimális egészségét a növekedés során. *Franciaország, szabadalom: EP1146870. Egészséges növekedés és testsúly A táp gondosan beállított energia-, fehérje-, kalcium- és foszfortartalmának köszönhetően hozzájárul a növésben lévő Labrador retriever kölyökkutya csontozatának egészséges fejlődéséhez és elősegíti a harmonikus testsúly gyarapodást. Egészséges emésztés A kitűnő minőségű fehérjét (L.I.P.*) és prebiotikumokat (FOS) is magában foglaló tápanyag-kombinációt tartalmazó táp, segít fenntartani a bélflóra egészséges egyensúlyát is, ami hozzájárul a bélsár jó minőségéhez. *L.I.P.: kitűnően emészthető, válogatott fehérje. Testre szabott tápszemcse A tápszemcse alakja, mérete, szerkezete és összetétele kifejezetten a Labrador retriever fajtájú kölyökkutya számára lett kifejlesztve. Összetétel: dehidratált baromfifehérje, kukorica, növényi fehérje kivonat*, rizs, kukoricaliszt, állati zsiradékok, kukoricaglutén, hidrolizált állati fehérjék, búzaliszt, cukorrépapép, halolaj, ásványi sók, növényi rostok, szójaolaj, frukto-oligoszacharidok (0,34 %), Psyllium maghéj és mag, élesztő-hidrolizátum (mannán-oligoszacharidok forrása), rákféleségekből készült hidrolizátum (glükózamin forrás), borágó olaj, élesztő kivonat (béta-glükánok forrása), bársonyvirág kivonat (lutein forrás), porc hidrolizátum (kondroitin forrás). *L.I.P.: kitűnően emészthető, válogatott fehérje. Adalékanyagok (kilogrammonként): Tápértékkel rendelkező adalékanyagok: A vitamin: 26500 NE, D3 vitamin: 800 NE, E vitamin: 490 mg – E1 (Vas): 56 mg, E2 (Jód): 3,6 mg, E4 (Réz): 6 mg, E5 (Mangán): 41 mg, E6 (Cink): 119 mg, E8 (Szelén): 0,17 mg – Technológiai adalékanyagok: Üledékes eredetű klinoptilolit: 10 g – Érzékszervi adalékanyagok: Yucca kivonat: 125 mg – Tartósítószerek – Antioxidánsok. Analitikai összetevők: Nyersfehérje: 33,0 % – Nyersolajok és -zsírok: 14,0 % – Nyershamu: 6,9 % – Nyersrost: 1,7 % – Kalcium: 1,25 % – Foszfor: 1 %. Felnőttkori testsúly Testsúly = 26 kg Testsúly = 32 kg Testsúly = 40 kg 2 214 g (2 + 3/8 mérőpohár) 226 g ( 2+ 4/8 mérőpohár) 241 g (2 + 6/8 mérőpohár) 3 265 g (3 mérőpohár) 285 g (3 + 2/8 mérőpohár) 313 g (3 + 4/8 mérőpohár) 4 287 g (3 + 2/8 mérőpohár) 312 g (3 + 4/8 mérőpohár) 344 g (3 + 7/8 mérőpohár) 6 328 g (3 + 6/8 mérőpohár) 382 g (4 + 2/8 mérőpohár) 452 g (5 + 1/8 mérőpohár) 8 303 g (3 + 3/8 mérőpohár) 356 g (4 mérőpohár) 425 g (4 + 6/8 mérőpohár) 10 290 g (3 + 2/8 mérőpohár) 341 g ( 3 +7/8 mérőpohár) 417 g (4 + 6/8 mérőpohár) 12 292 g (3 + 2/8 mérőpohár) 342 g (3 + 7/8 mérőpohár) 407 g (4 + 5/8 mérőpohár) 14 289 g (3 + 2/8 mérőpohár) 338 g (3 + 6/8 mérőpohár) 400 (4 + 4/8 mérőpohár) 16 Átváltás Labrador Adult Átváltás Labrador Adult Átváltás Labrador Adult Tovább olvasok"}
{"breadcrumb": "Főoldal/Kutya/Eledelek/Száraz eledelek/Royal Canin Breed Health Nutrition Labrador száraz kutyaeledel junior 12kg", "product_name": "Royal Canin Breed Health Nutrition Labrador száraz kutyaeledel junior 12kgRoyal Canin Breed Health Nutrition Labrador száraz kutyaeledel junior 12kg", "brand": "Royal CaninBreed Health Nutrition10,1 – 12kgKölyökszárnyasgyomor&emésztésLabrador Retriever", "regular_price": "3 399", "selling_price": "2 999", "price_per_unit": "1 kg=2367 Ft", "product_url": "https://webshop.fressnapf.hu/termekek/royal-canin-breed-health-nutrition-labrador-szaraz-kutyaeledel-junior-12kg/", "product_description": "Teljes értékű táp Labrador retriever fajtájú kölyökkutyáknak – 15 hónapos korig. Az immunrendszer támogatása A növekedés létfontosságú időszaka a kutya életében: nagy változások, felfedezések és új találkozások időszaka. A kölyökkutya immunrendszere e kulcsfontosságú időszakban fokozatosan fejlődik. A Labrador Retriever Puppy táp egy szabadalmazott* antioxidáns komplexet – benne E-vitamint – tartalmaz, hogy támogassa a kölyökkutya természetes védekező rendszerét és fenntartsa a kölyök optimális egészségét a növekedés során. *Franciaország, szabadalom: EP1146870. Egészséges növekedés és testsúly A táp gondosan beállított energia-, fehérje-, kalcium- és foszfortartalmának köszönhetően hozzájárul a növésben lévő Labrador retriever kölyökkutya csontozatának egészséges fejlődéséhez és elősegíti a harmonikus testsúly gyarapodást. Egészséges emésztés A kitűnő minőségű fehérjét (L.I.P.*) és prebiotikumokat (FOS) is magában foglaló tápanyag-kombinációt tartalmazó táp, segít fenntartani a bélflóra egészséges egyensúlyát is, ami hozzájárul a bélsár jó minőségéhez. *L.I.P.: kitűnően emészthető, válogatott fehérje. Testre szabott tápszemcse A tápszemcse alakja, mérete, szerkezete és összetétele kifejezetten a Labrador retriever fajtájú kölyökkutya számára lett kifejlesztve. Összetétel: dehidratált baromfifehérje, kukorica, növényi fehérje kivonat*, rizs, kukoricaliszt, állati zsiradékok, kukoricaglutén, hidrolizált állati fehérjék, búzaliszt, cukorrépapép, halolaj, ásványi sók, növényi rostok, szójaolaj, frukto-oligoszacharidok (0,34 %), Psyllium maghéj és mag, élesztő-hidrolizátum (mannán-oligoszacharidok forrása), rákféleségekből készült hidrolizátum (glükózamin forrás), borágó olaj, élesztő kivonat (béta-glükánok forrása), bársonyvirág kivonat (lutein forrás), porc hidrolizátum (kondroitin forrás). *L.I.P.: kitűnően emészthető, válogatott fehérje. Adalékanyagok (kilogrammonként): Tápértékkel rendelkező adalékanyagok: A vitamin: 26500 NE, D3 vitamin: 800 NE, E vitamin: 490 mg – E1 (Vas): 56 mg, E2 (Jód): 3,6 mg, E4 (Réz): 6 mg, E5 (Mangán): 41 mg, E6 (Cink): 119 mg, E8 (Szelén): 0,17 mg – Technológiai adalékanyagok: Üledékes eredetű klinoptilolit: 10 g – Érzékszervi adalékanyagok: Yucca kivonat: 125 mg – Tartósítószerek – Antioxidánsok. Analitikai összetevők: Nyersfehérje: 33,0 % – Nyersolajok és -zsírok: 14,0 % – Nyershamu: 6,9 % – Nyersrost: 1,7 % – Kalcium: 1,25 % – Foszfor: 1 %. Felnőttkori testsúly Testsúly = 26 kg Testsúly = 32 kg Testsúly = 40 kg 2 214 g (2 + 3/8 mérőpohár) 226 g ( 2+ 4/8 mérőpohár) 241 g (2 + 6/8 mérőpohár) 3 265 g (3 mérőpohár) 285 g (3 + 2/8 mérőpohár) 313 g (3 + 4/8 mérőpohár) 4 287 g (3 + 2/8 mérőpohár) 312 g (3 + 4/8 mérőpohár) 344 g (3 + 7/8 mérőpohár) 6 328 g (3 + 6/8 mérőpohár) 382 g (4 + 2/8 mérőpohár) 452 g (5 + 1/8 mérőpohár) 8 303 g (3 + 3/8 mérőpohár) 356 g (4 mérőpohár) 425 g (4 + 6/8 mérőpohár) 10 290 g (3 + 2/8 mérőpohár) 341 g ( 3 +7/8 mérőpohár) 417 g (4 + 6/8 mérőpohár) 12 292 g (3 + 2/8 mérőpohár) 342 g (3 + 7/8 mérőpohár) 407 g (4 + 5/8 mérőpohár) 14 289 g (3 + 2/8 mérőpohár) 338 g (3 + 6/8 mérőpohár) 400 (4 + 4/8 mérőpohár) 16 Átváltás Labrador Adult Átváltás Labrador Adult Átváltás Labrador Adult Tovább olvasok"}
{"breadcrumb": "Főoldal/Kutya/Eledelek/Száraz eledelek/Royal Canin Breed Health Nutrition Máltai adult száraz kutyaeledel 1,5kg", "product_name": "Royal Canin Breed Health Nutrition Máltai adult száraz kutyaeledel 1,5kgRoyal Canin Breed Health Nutrition Máltai adult száraz kutyaeledel 1,5kg", "brand": "Royal CaninBreed Health Nutrition1,1kg – 4kgFelnőttszárnyaskistestű 10kg-igMáltai", "regular_price": "3 799", "selling_price": "3 299", "price_per_unit": "1 kg=3799 Ft", "product_url": "https://webshop.fressnapf.hu/termekek/royal-canin-breed-health-nutrition-kutya-szarazeledel-maltai-adult-15-kg/", "product_description": "Teljes értékű táp felnőtt és idős maltese fajtájú kutyáknak – 10 hónapos kortól. A táp kalciummal kelátokat képező anyagokat is tartalmaz, aminek köszönhetően segít csökkenteni a fogkő képződésének kockázatát. A táp kielégíti még a legválogatósabb kutyák étvágyát is, kivételes íz kombinációjának köszönhetően. Az omega-3 zsírsavakkal (EPA és DHA), omega-6 zsírsavakkal, borágó olajjal és biotinnal kiegészített táp gondosan beállított összetétele révén segít egészségesen tartani a Máltai selyemkutya hosszú szőrzetét. Tápanyag-összetétele segít csökkenteni a bélsár mennyiségét és annak szagát is. Összetétel: kukorica, rizs, dehidratált baromfifehérje, állati zsiradékok, hidrolizált állati fehérjék, dehidratált sertésfehérje, kukoricaliszt, növényi fehérje kivonat*, cikóriapép, szójaolaj, halolaj, élesztő és annak részei, ásványi sók, frukto-oligoszacharidok, borágó olaj (0,1 %), bársonyvirág kivonat (lutein forrás), rákféleségekből készült hidrolizátum (glükózamin forrás), porc hidrolizátum (kondroitin forrás). *L.I.P.: kitűnően emészthető, válogatott fehérje. Adalékanyagok (kilogrammonként): Tápértékkel rendelkező adalékanyagok: A vitamin: 29500 NE, D3 vitamin: 800 NE, Biotin: 3 mg, E1 (Vas): 64 mg, E2 (Jód): 5,7 mg, E4 (Réz): 15 mg, E5 (Mangán): 72 mg, E6 (Cink): 143 mg, E8 (Szelén): 0,15 mg – Technológiai adalékanyagok: Üledékes eredetű klinoptilolit: 5 g – Érzékszervi adalékanyagok: Tea kivonat (polifenol forrás): 150 mg – Tartósítószerek – Antioxidánsok. Analitikai összetevők: Nyersfehérje: 24,0 % – Nyersolajok és -zsírok: 18,0 % – Nyershamu: 5,6 % – Nyersrost: 1,5 % – Kilogrammonként: omega-6-zsírsavak: 39,1 g, omega-3 zsírsavak: 8,1 g, benne EPA/DHA: 3 g – Pentanátrium-trifoszfát: 3,5 g. A kutya testsúlya Kevésbé aktív Mérsékelt aktivitás Magas energiaszükséglet 2 kg 40 g (4/8 mérőpohár) 46 g (5/8 mérőpohár) 52 g (5/8 mérőpohár) 3 kg 54 g (5/8 mérőpohár) 62 g (6/8 mérőpohár) 71 g (7/8 mérőpohár) 4 kg 67 g (7/8 mérőpohár) 77 g (1 mérőpohár) 88 g (1+1/8 mérőpohár) Tovább olvasok"}
{"breadcrumb": "Főoldal/Kutya/Eledelek/Száraz eledelek/Royal Canin Breed Health Nutrition Máltai adult száraz kutyaeledel 500g", "product_name": "Royal Canin Breed Health Nutrition Máltai adult száraz kutyaeledel 500gRoyal Canin Breed Health Nutrition Máltai adult száraz kutyaeledel 500g", "brand": "Royal CaninBreed Health Nutrition401g – 600gFelnőttszárnyaskistestű 10kg-igMáltai", "regular_price": "9 999", "selling_price": "8 999", "price_per_unit": "1 kg=4198 Ft", "product_url": "https://webshop.fressnapf.hu/termekek/royal-canin-breed-health-nutrition-kutya-szarazeledel-maltai-adult-500g/", "product_description": "Teljes értékű táp felnőtt és idős maltese fajtájú kutyáknak – 10 hónapos kortól. A táp kalciummal kelátokat képező anyagokat is tartalmaz, aminek köszönhetően segít csökkenteni a fogkő képződésének kockázatát. A táp kielégíti még a legválogatósabb kutyák étvágyát is, kivételes íz kombinációjának köszönhetően. Az omega-3 zsírsavakkal (EPA és DHA), omega-6 zsírsavakkal, borágó olajjal és biotinnal kiegészített táp gondosan beállított összetétele révén segít egészségesen tartani a Máltai selyemkutya hosszú szőrzetét. Tápanyag-összetétele segít csökkenteni a bélsár mennyiségét és annak szagát is. Összetétel: kukorica, rizs, dehidratált baromfifehérje, állati zsiradékok, hidrolizált állati fehérjék, dehidratált sertésfehérje, kukoricaliszt, növényi fehérje kivonat*, cikóriapép, szójaolaj, halolaj, élesztő és annak részei, ásványi sók, frukto-oligoszacharidok, borágó olaj (0,1 %), bársonyvirág kivonat (lutein forrás), rákféleségekből készült hidrolizátum (glükózamin forrás), porc hidrolizátum (kondroitin forrás). *L.I.P.: kitűnően emészthető, válogatott fehérje. Adalékanyagok (kilogrammonként): Tápértékkel rendelkező adalékanyagok: A vitamin: 29500 NE, D3 vitamin: 800 NE, Biotin: 3 mg, E1 (Vas): 64 mg, E2 (Jód): 5,7 mg, E4 (Réz): 15 mg, E5 (Mangán): 72 mg, E6 (Cink): 143 mg, E8 (Szelén): 0,15 mg – Technológiai adalékanyagok: Üledékes eredetű klinoptilolit: 5 g – Érzékszervi adalékanyagok: Tea kivonat (polifenol forrás): 150 mg – Tartósítószerek – Antioxidánsok. Analitikai összetevők: Nyersfehérje: 24,0 % – Nyersolajok és -zsírok: 18,0 % – Nyershamu: 5,6 % – Nyersrost: 1,5 % – Kilogrammonként: omega-6-zsírsavak: 39,1 g, omega-3 zsírsavak: 8,1 g, benne EPA/DHA: 3 g – Pentanátrium-trifoszfát: 3,5 g. A kutya testsúlya Kevésbé aktív Mérsékelt aktivitás Magas energiaszükséglet 2 kg 40 g (4/8 mérőpohár) 46 g (5/8 mérőpohár) 52 g (5/8 mérőpohár) 3 kg 54 g (5/8 mérőpohár) 62 g (6/8 mérőpohár) 71 g (7/8 mérőpohár) 4 kg 67 g (7/8 mérőpohár) 77 g (1 mérőpohár) 88 g (1+1/8 mérőpohár) Tovább olvasok"}
{"breadcrumb": "Főoldal/Kutya/Eledelek/Száraz eledelek/Royal Canin Breed Health Nutrition Mopsz adult száraz kutyaeledel 1,5kg", "product_name": "Royal Canin Breed Health Nutrition Mopsz adult száraz kutyaeledel 1,5kgRoyal Canin Breed Health Nutrition Mopsz adult száraz kutyaeledel 1,5kg", "brand": "Royal CaninBreed Health Nutrition1,1kg – 4kgFelnőttszárnyasbőr&szőr ápolókistestű 10kg-igMopsz", "regular_price": "11 499", "selling_price": "9 999", "price_per_unit": "1 kg=3799 Ft", "product_url": "https://webshop.fressnapf.hu/termekek/royal-canin-breed-health-nutriton-kutya-szarazeledel-mopsz-adult-15kg/", "product_description": "Teljes értékű táp felnőtt és idős mopsz fajtájú kutyáknak – 10 hónapos kortól. A 10 hónaposnál idősebb mopsz fajtájú kutyák számára alkalmas ROYAL CANIN® Pug Adult tápot kifejezetten úgy állították össze, hogy a felnőtt mopsz minden különleges tápanyagigényét kielégítse. A mopsz rövid szőre erősen kihangsúlyozza a kutya ráncos bőrét, különösen a pofatájékon. Mivel a mopsz bőre ráncos, és a ráncok közötti részek befülledhetnek és nem kívánt nedvesség maradhat vissza bennük, fontos, hogy a kutya számára választott táp támogassa a bőr egészségének megőrzését. A ROYAL CANIN® Pug Adult táp különleges összetétele támogatja a bőr „védvonal” szerepét és általános egészségét, főként az általa tartalmazott, EPA és DHA nevű omega-3 zsírsavaknak köszönhetően. A mopsz tényleg egy kis helyen elférő, de nagy tömegű kutya. Kompakt test, tömzsi és széles testalakulás jellemzi. A megfelelő izomtömeg és izomalakulás megőrzése érdekében a mopsz kíméletes, egyszerre csak mérsékelt mennyiségű testmozgást igényel. A mopsz fizikai megjelenését ugyancsak előnyösen befolyásolja egy olyan táp, amely tartalmaz bizonyos tápanyagokat. Ezért a ROYAL CANIN® Pug Adult táp olyan tápanyagokat tartalmaz, amelyek a megfelelő izomtónus biztosítása mellett segítenek fenntartani az ideális testsúlyt is. Ezen túlmenően a ROYAL CANIN® Pug Adult tápszemcséje kifejezetten a mopsz fajta igényeinek megfelelően van kialakítva. A mopsz fajtának nagyon különleges jellemzői vannak: nagy fej, zömök test rövid, széles izmokkal. Különleges állkapcsa és vastag ajkai miatt nehezen tudja megragadni a táplálékot. A mopsz hajlamos arra is, hogy megrágás nélkül nyelje le a táplálékot. A ROYAL CANIN® Pug Adult tápszemcséjének alakja és mérete kifejezetten úgy van kialakítva, hogy megkönnyítse a mopsz számára a tápszemcse megragadását. A tápszemcse tulajdonságai arra ösztönzik a kutyát, hogy lenyelés előtt szétrágja azt. Összetétel: Rizs, dehidratált baromfifehérje, kukoricaliszt, állati zsiradékok, kukorica, búzaliszt, kukoricaglutén, növényi fehérje kivonat*, hidrolizált állati fehérjék, cukorrépapép, növényi rostok, halolaj, ásványi sók, szójaolaj, frukto-oligoszacharidok, borágó olaj, rákféleségekből készült hidrolizátum (glükózamin forrás), bársonyvirág kivonat (lutein forrás), porc hidrolizátum (kondroitin forrás). *L.I.P.: kitűnően emészthető, válogatott fehérje. Analitikai összetevők: Nyersfehérje: 25,0 % – Nyersolajok és -zsírok: 16,0 % – Nyershamu: 5,8 % – Nyersrost: 2,0 % – EPA/DHA: 3 g/kg. Tápértékkel rendelkező adalékanyagok: A vitamin: 29500 NE, D3 vitamin: 800 NE, E1 (Vas): 51 mg, E2 (Jód): 5,1 mg, E4 (Réz): 15 mg, E5 (Mangán): 67 mg, E6 (Cink): 143 mg, E8 (Szelén): 0,11 mg – Technológiai adalékanyagok: Üledékes eredetű klinoptilolit: 10 g – Érzékszervi adalékanyagok: Tea kivonat (polifenol forrás): 150 mg – Tartósítószerek – Antioxidánsok. A kutya testsúlya Átlagos aktivitás Magas energiaszükséglet 6 kg 93 g (1 + 1/8) 108 g (1 + 3/8) 7 kg 105 g (1 + 2/8) 121 g (1 + 4/8) 8 kg 116 g (1 + 3/8) 134 g (1 + 5/8) 9 kg 126 g (1 + 4/8) 146 g (1 + 6/8) 10 kg 137 g (1 + 5/8) 158 g (1 + 7/8) Tovább olvasok"}
{"breadcrumb": "Főoldal/Kutya/Eledelek/Száraz eledelek/Royal Canin Breed Health Nutrition Mopsz puppy száraz kutyaeledel 500g", "product_name": "Royal Canin Breed Health Nutrition Mopsz puppy száraz kutyaeledel 500gRoyal Canin Breed Health Nutrition Mopsz puppy száraz kutyaeledel 500g", "brand": "Royal CaninBreed Health Nutrition401g – 600gKölyökszárnyaskistestű 10kg-igMopsz", "regular_price": "9 999", "selling_price": "8 999", "price_per_unit": "1 kg=4398 Ft", "product_url": "https://webshop.fressnapf.hu/termekek/royal-canin-breed-health-nutrition-kutya-szarazeledel-mopsz-puppy-500g/", "product_description": "Teljes értékű táp mopsz fajtájú kölyökkutyáknak – 10 hónapos korig. A növekedés létfontosságú időszaka a kutya életében: nagy változások, felfedezések és új találkozások időszaka. A kölyökkutya immunrendszere e kulcsfontosságú időszakban fokozatosan fejlődik. A Pug Puppy táp egy szabadalmazott* antioxidáns komplexet – benne E-vitamint – tartalmaz, hogy támogassa a kölyökkutya természetes védekező rendszerét és fenntartsa a kölyök optimális egészségét a növekedés során. *Franciaország, szabadalom: EP1146870. A táp különleges összetétele támogatja a bőr „védvonal” szerepét és általános egészségét, főként az általa tartalmazott, EPA és DHA nevű omega-3 zsírsavaknak köszönhetően. A kitűnő minőségű fehérjét (L.I.P.*) és prebiotikumokat (FOS) is magában foglaló tápanyag-kombinációt tartalmazó táp, segít fenntartani a bélflóra egészséges egyensúlyát is, ami hozzájárul a bélsár jó minőségéhez. *L.I.P.: kitűnően emészthető, válogatott fehérje. A speciálisan kialakított tápszemcse megkönnyíti a mopsz fajtájú kölyökkutya számára a tápszemcse megragadását és arra ösztönzik a kölyökkutyát, hogy lenyelés előtt szétrágja azt. Összetétel:dehidratált baromfifehérje, rizs, kukorica, állati zsiradékok, cukorrépapép, kukoricaliszt, növényi fehérje kivonat*, kukoricaglutén, hidrolizált állati fehérjék, halolaj, ásványi sók, szójaolaj, frukto-oligoszacharidok (0,34 %), élesztő-hidrolizátum (mannán-oligoszacharidok forrása), élesztő kivonat (béta-glükánok forrása), borágó olaj, bársonyvirág kivonat (lutein forrás). *L.I.P.: kitűnően emészthető, válogatott fehérje. Adalékanyagok (kilogrammonként): Tápértékkel rendelkező adalékanyagok: A vitamin: 29500 NE, D3 vitamin: 800 NE, E vitamin: 600 mg, E1 (Vas): 38 mg, E2 (Jód): 3,8 mg, E4 (Réz): 12 mg, E5 (Mangán): 50 mg, E6 (Cink): 135 mg, E8 (Szelén): 0,07 mg – Technológiai adalékanyagok: Üledékes eredetű klinoptilolit: 10 g – Érzékszervi adalékanyagok: Yucca kivonat: 125 mg – Tartósítószerek – Antioxidánsok. Analitikai összetevők: Nyersfehérje: 29,0 % – Nyersolajok és -zsírok: 18,0 % – Nyershamu: 7,6 % – Nyersrost: 1,5 % – EPA/DHA: 0,3 %. Életkor (hónap) Felnőttkori testsúly = 6 kg Felnőttkori testsúly = 8 kg Felnőttkori testsúly = 10 kg 2 106 g ( 1+1/8 mérőpoharak) 127g (1+3/8 mérőpoharak) 150 g (1+4/8 mérőpoharak) 3 122 g (1+2/8 mérőpoharak) 149 g (1+4/8 mérőpoharak) 176 g (1+7/8 mérőpoharak) 4 128 g (1+3/8 mérőpoharak) 158 g (1+5/8 mérőpoharak) 187 g (2 mérőpoharak) 5 129 g (1+3/8  mérőpoharak) 161 g (1+5/8 mérőpoharak) 190 g (2 mérőpoharak) 6 128 g (1+3/8 mérőpoharak) 159 g (1+5/8 mérőpoharak) 189 g (2 mérőpoharak) 7 116 g (1+2/8  mérőpoharak) 144 g (1+4/8 mérőpoharak) 171 g (1+6/8 mérőpoharak) 8 104 g (1+1/8 mérőpoharak) 129 g (1+3/8 mérőpoharak) 153 g (1+5/8 mérőpoharak) 9 92 g (1 mérőpohár) 115 g (1+2/8 mérőpoharak) 137 g (1+3/8 mérőpoharak) 10 91 g (1 mérőpohár) 114 g (1+1/8 mérőpoharak) 136 g (1+3/8 mérőpoharak) 11 Átváltás Pug Adult Átváltás Pug Adult Átváltás Pug Adult Tovább olvasok"}
{"breadcrumb": "Főoldal/Kutya/Eledelek/Száraz eledelek/Royal Canin Breed Health Nutrition Németjuhász adult száraz kutyaeledel 11kg", "product_name": "Royal Canin Breed Health Nutrition Németjuhász adult száraz kutyaeledel 11kgRoyal Canin Breed Health Nutrition Németjuhász adult száraz kutyaeledel 11kg", "brand": "Royal CaninBreed Health Nutrition10,1 – 12kgFelnőttszárnyasbőr&szőr ápolónagytestű 26kg-tólNémetjuhász", "regular_price": "3 699", "selling_price": "3 499", "price_per_unit": "1 kg=1865 Ft", "product_url": "https://webshop.fressnapf.hu/termekek/royal-canin-breed-health-nutriton-kutya-szarazeledel-nemetjuhasz-adult-11kg/", "product_description": "Teljes értékű táp felnőtt és idős német juhászkutyáknak – 15 hónapos kortól. A 15 hónapos és annál idősebb németjuhászok számára alkalmas ROYAL CANIN® German Shepherd Adult tápot kifejezetten úgy állították össze, hogy a felnőtt németjuhászok minden tápanyagigényét kielégítse. A ROYAL CANIN® German Shepherd Adult táp hozzájárul az emésztőszervek optimális egészségéhez annak köszönhetően, hogy kitűnően emészthető L.I.P. fehérjéket, valamint olyan rostokat tartalmaz, melyek korlátozzák a bélbeli fermentációt és egyúttal elősegítik a bélflóra jó egyensúlyának fenntartását. A ROYAL CANIN® German Shepherd Adult táp egy olyan tápanyagkomplexet tartalmaz, amely támogatja a bőr védvonal funkcióját. EPA és DHA omega-3 zsírsavakat is tartalmaz, melyek táplálják és egészségesen tartják a kutya szőrzetét és bőrét. A németjuhász élénk vérmérsékletéről és magas szintű aktivitásáról ismert. Ezért egy, az ízületek egészségét támogató tápanyagokat tartalmazó táp segíthet fenntartani e fajta magas aktivitási szintjeit. Ez az oka annak, hogy a ROYAL CANIN® German Shepherd Adult táp a csontok és az ízületek egészségének megőrzését támogató különleges tápanyagokat tartalmaz. Ezen túlmenően ez az összetétel az egészséges testsúly fenntartását is elősegíti. Emellett a ROYAL CANIN® German Shepherd Adult táp különleges tápszemcséjének mérete és alakja kifejezetten a németjuhász különleges állkapcsához igazodik. Ez az egyedi kialakítású tápszemcse kifejezetten a táp megfelelő megrágására ösztönzi a kutyákat az evés során. Ezt a különleges tápszemcsét kifejezetten a németjuhász fajta számára tervezték, a táp ízletességének növelése érdekében. Összetétel: Rizs, dehidratált baromfifehérje, állati zsiradékok, növényi fehérje kivonat*, kukoricaliszt, hidrolizált állati fehérjék, növényi rostok, ásványi sók, cukorrépapép, szójaolaj, halolaj, kókuszolaj, élesztő- hidrolizátum (mannán-oligoszacharidok forrása), rákféleségekből készült hidrolizátum (glükózamin forrás), bársonyvirág kivonat (lutein forrás), porc hidrolizátum (kondroitin forrás). *L.I.P.: kitűnően emészthető, válogatott fehérje. Analitikai összetevők: Nyersfehérje: 24,0 % – Nyersolajok és -zsírok: 19,0 % – Nyershamu: 6,5 % – Nyersrost: 4,0 % – EPA/DHA: 4 g/kg. Tápértékkel rendelkező adalékanyagok: A vitamin: 28500 NE, D3 vitamin: 800 NE, E1 (Vas): 51 mg, E2 (Jód): 5,1 mg, E4 (Réz): 15 mg, E5 (Mangán): 66 mg, E6 (Cink): 145 mg, E8 (Szelén): 0,11 mg Technológiai adalékanyagok: Üledékes eredetű klinoptilolit: 10 g – Érzékszervi adalékanyagok: Tea kivonat (polifenol forrás): 150 mg – Tartósítószerek – Antioxidánsok. A kutya testsúlya Alacsony aktivitás Átlagos aktivitás Magas aktivitás 26 kg 286 g (3+3/8 mérőpoharak) 376 g (4+4/8 mérőpoharak) 436 g (5+2/8 mérőpoharak) 28 kg 302 g (3+5/8 mérőpoharak) 397 g (4+4/8 mérőpoharak) 461 g (5+4/8 mérőpoharak) 30 kg 318 g (3+6/8 mérőpoharak) 418 g (5 mérőpoharak) 485 g (5+6/8 mérőpoharak) 32 kg 334 g (4 mérőpoharak) 439 g (5+2/8 mérőpoharak) 510 g (6+1/8 mérőpoharak) 34 kg 349 g (4+1/8 mérőpoharak) 460 g (5+4/8 mérőpoharak) 533 g (6+3/8 mérőpoharak) 36 kg 365 g (4+3/8 mérőpoharak) 480 g (5+6/8 mérőpoharak) 557 g (6+5/8 mérőpoharak) 38 kg 380 g (4+4/8 mérőpoharak) 500 g (6 mérőpoharak) 580 g (6+7/8 mérőpoharak) 40 kg 395 g (4+6/8 mérőpoharak) 519 g (6+1/8 mérőpoharak) 602 g (7+4/8 mérőpoharak) 42 kg 409 g (4+7/8 mérőpoharak) 539 g (6+3/8 mérőpoharak) 625 g (7+4/8 mérőpoharak) 44 kg 424 g (5 mérőpoharak) 558 g (6+5/8 mérőpoharak) 647 g (7+6/8 mérőpoharak) Tovább olvasok"}
{"breadcrumb": "Főoldal/Kutya/Eledelek/Száraz eledelek/Royal Canin Breed Health Nutrition Németjuhász adult száraz kutyaeledel 3kg", "product_name": "Royal Canin Breed Health Nutrition Németjuhász adult száraz kutyaeledel 3kgRoyal Canin Breed Health Nutrition Németjuhász adult száraz kutyaeledel 3kg", "brand": "Royal CaninBreed Health Nutrition1,1kg – 4kgFelnőttszárnyasnagytestű 26kg-tólNémetjuhász", "regular_price": "3 799", "selling_price": "3 299", "price_per_unit": "1 kg=2900 Ft", "product_url": "https://webshop.fressnapf.hu/termekek/royal-canin-breed-health-nutrition-kutya-szarazeledel-nemetjuhasz-adult-3kg/", "product_description": "Teljes értékű táp felnőtt és idős német juhászkutyáknak – 15 hónapos kortól. A 15 hónapos és annál idősebb németjuhászok számára alkalmas ROYAL CANIN® German Shepherd Adult tápot kifejezetten úgy állították össze, hogy a felnőtt németjuhászok minden tápanyagigényét kielégítse. A ROYAL CANIN® German Shepherd Adult táp hozzájárul az emésztőszervek optimális egészségéhez annak köszönhetően, hogy kitűnően emészthető L.I.P. fehérjéket, valamint olyan rostokat tartalmaz, melyek korlátozzák a bélbeli fermentációt és egyúttal elősegítik a bélflóra jó egyensúlyának fenntartását. A ROYAL CANIN® German Shepherd Adult táp egy olyan tápanyagkomplexet tartalmaz, amely támogatja a bőr védvonal funkcióját. EPA és DHA omega-3 zsírsavakat is tartalmaz, melyek táplálják és egészségesen tartják a kutya szőrzetét és bőrét. A németjuhász élénk vérmérsékletéről és magas szintű aktivitásáról ismert. Ezért egy, az ízületek egészségét támogató tápanyagokat tartalmazó táp segíthet fenntartani e fajta magas aktivitási szintjeit. Ez az oka annak, hogy a ROYAL CANIN® German Shepherd Adult táp a csontok és az ízületek egészségének megőrzését támogató különleges tápanyagokat tartalmaz. Ezen túlmenően ez az összetétel az egészséges testsúly fenntartását is elősegíti. Emellett a ROYAL CANIN® German Shepherd Adult táp különleges tápszemcséjének mérete és alakja kifejezetten a németjuhász különleges állkapcsához igazodik. Ez az egyedi kialakítású tápszemcse kifejezetten a táp megfelelő megrágására ösztönzi a kutyákat az evés során. Ezt a különleges tápszemcsét kifejezetten a németjuhász fajta számára tervezték, a táp ízletességének növelése érdekében. Összetétel: Rizs, dehidratált baromfifehérje, állati zsiradékok, növényi fehérje kivonat*, kukoricaliszt, hidrolizált állati fehérjék, növényi rostok, ásványi sók, cukorrépapép, szójaolaj, halolaj, kókuszolaj, élesztő- hidrolizátum (mannán-oligoszacharidok forrása), rákféleségekből készült hidrolizátum (glükózamin forrás), bársonyvirág kivonat (lutein forrás), porc hidrolizátum (kondroitin forrás). *L.I.P.: kitűnően emészthető, válogatott fehérje. Analitikai összetevők: Nyersfehérje: 24,0 % – Nyersolajok és -zsírok: 19,0 % – Nyershamu: 6,5 % – Nyersrost: 4,0 % – EPA/DHA: 4 g/kg. Tápértékkel rendelkező adalékanyagok: A vitamin: 28500 NE, D3 vitamin: 800 NE, E1 (Vas): 51 mg, E2 (Jód): 5,1 mg, E4 (Réz): 15 mg, E5 (Mangán): 66 mg, E6 (Cink): 145 mg, E8 (Szelén): 0,11 mg Technológiai adalékanyagok: Üledékes eredetű klinoptilolit: 10 g – Érzékszervi adalékanyagok: Tea kivonat (polifenol forrás): 150 mg – Tartósítószerek – Antioxidánsok. A kutya testsúlya Alacsony aktivitás Átlagos aktivitás Magas aktivitás 26 kg 286 g (3+3/8 mérőpoharak) 376 g (4+4/8 mérőpoharak) 436 g (5+2/8 mérőpoharak) 28 kg 302 g (3+5/8 mérőpoharak) 397 g (4+4/8 mérőpoharak) 461 g (5+4/8 mérőpoharak) 30 kg 318 g (3+6/8 mérőpoharak) 418 g (5 mérőpoharak) 485 g (5+6/8 mérőpoharak) 32 kg 334 g (4 mérőpoharak) 439 g (5+2/8 mérőpoharak) 510 g (6+1/8 mérőpoharak) 34 kg 349 g (4+1/8 mérőpoharak) 460 g (5+4/8 mérőpoharak) 533 g (6+3/8 mérőpoharak) 36 kg 365 g (4+3/8 mérőpoharak) 480 g (5+6/8 mérőpoharak) 557 g (6+5/8 mérőpoharak) 38 kg 380 g (4+4/8 mérőpoharak) 500 g (6 mérőpoharak) 580 g (6+7/8 mérőpoharak) 40 kg 395 g (4+6/8 mérőpoharak) 519 g (6+1/8 mérőpoharak) 602 g (7+4/8 mérőpoharak) 42 kg 409 g (4+7/8 mérőpoharak) 539 g (6+3/8 mérőpoharak) 625 g (7+4/8 mérőpoharak) 44 kg 424 g (5 mérőpoharak) 558 g (6+5/8 mérőpoharak) 647 g (7+6/8 mérőpoharak) Tovább olvasok"}
{"breadcrumb": "Főoldal/Kutya/Eledelek/Száraz eledelek/Royal Canin Breed Health Nutrition Németjuhász puppy száraz kutyaeledel 12kg", "product_name": "Royal Canin Breed Health Nutrition Németjuhász puppy száraz kutyaeledel 12kgRoyal Canin Breed Health Nutrition Németjuhász puppy száraz kutyaeledel 12kg", "brand": "Royal CaninBreed Health Nutrition10,1 – 12kgKölyökszárnyasNémetjuhász", "regular_price": "3 799", "selling_price": "3 299", "price_per_unit": "1 kg=2192 Ft", "product_url": "https://webshop.fressnapf.hu/termekek/royal-canin-breed-health-nutrition-nemetjuhasz-puppy-szaraz-kutyaeledel-12kg/", "product_description": "Teljes értékű táp Német juhászkutya fajtájú kölyökkutyáknak – 15 hónapos korig. A növekedés létfontosságú időszaka a kutya életében: nagy változások, felfedezések és új találkozások időszaka. A kölyökkutya immunrendszere e kulcsfontosságú időszakban fokozatosan fejlődik. A Puppy táp egy szabadalmazott* antioxidáns komplexet – benne E-vitamint – tartalmaz, hogy támogassa a kölyökkutya természetes védekező rendszerét és fenntartsa a kölyök optimális egészségét a növekedés során. *Franciaország, szabadalom: EP1146870. A kitűnő minőségű fehérjét (L.I.P.*) és prebiotikumokat (FOS) is magában foglaló tápanyag-kombinációt tartalmazó táp, segít fenntartani a bélflóra egészséges egyensúlyát is, ami hozzájárul a bélsár jó minőségéhez. A táp figyelembe veszi a Német juhászkutya kölyök érzékeny emésztőrendszerét. *L.I.P.: kitűnően emészthető, válogatott fehérje. Gondosan beállított kalcium- és foszfortartalmának köszönhetően a German Shepherd Puppy táp támogatja a kölyök csontszerkezetét és az ízületeket. Ez a különleges formula emellett az ideális testsúly fenntartásához is hozzájárul. A tápszemcse alakja, mérete, szerkezete és összetétele kifejezetten a Német juhászkutya fajtájú kölyök számára lett kifejlesztve. Összetétel: dehidratált baromfifehérje, rizs, növényi fehérje kivonat*, búzaliszt, kukoricaliszt, állati zsiradékok, hidrolizált állati fehérjék, cukorrépapép, növényi rostok, halolaj, ásványi sók, szójaolaj, frukto-oligoszacharidok (0,34 %), Psyllium maghéj és mag, élesztő-hidrolizátum (mannán-oligoszacharidok forrása: 0,05 %), rákféleségekből készült hidrolizátum (glükózamin forrás), élesztő kivonat (béta-glükánok forrása), bársonyvirág kivonat (lutein forrás), porc hidrolizátum (kondroitin forrás). *L.I.P.: kitűnően emészthető, válogatott fehérje. Adalékanyagok (kilogrammonként): Tápértékkel rendelkező adalékanyagok: A vitamin: 30500 NE, D3 vitamin: 800 NE, E vitamin: 620 mg – E1 (Vas): 38 mg, E2 (Jód): 3,8 mg, E4 (Réz): 12 mg, E5 (Mangán): 49 mg, E6 (Cink): 128 mg, E8 (Szelén): 0,08 mg – Technológiai adalékanyagok: Üledékes eredetű klinoptilolit: 10 g – Érzékszervi adalékanyagok: Yucca kivonat: 125 mg – Tartósítószerek – Antioxidánsok. Analitikai összetevők: Nyersfehérje: 30,0 % – Nyersolajok és -zsírok: 16,0 % – Nyershamu: 7,3 % – Nyersrost: 2,7 % – Kalcium: 1,26 % – Foszfor: 1 %. Életkor (hónap) Felnőttkori testsúly = 26 kg Felnőttkori testsúly = 35 kg Felnőttkori testsúly = 44 kg 2 266 g (2+7/8 mérőpohár) 287 g (3+1/8 mérőpohár) 309 g (3+3/8 mérőpohár) 3 328 g (3+5/8 mérőpohár) 367 g (4 mérőpohár) 405 g (4+4/8 mérőpohár) 4 356 g (3+5/8 mérőpohár) 402 g (4+3/8 mérőpohár) 447 g (4+7/8 mérőpohár) 6 407 g (4+4/8 mérőpohár) 507 g (5+5/8 mérőpohár) 602 g (6+5/8 mérőpohár) 8 406 g (4+4/8 mérőpohár) 511 g (5+5/8 mérőpohár) 647 g (7+1/8 mérőpohár) 10 371 g (4+1/8 mérőpohár) 467 g (5+1/8 mérőpohár) 605 g (6+5/8 mérőpohár) 12 335 g (3+5/8 mérőpohár) 422 g (4+5/8 mérőpohár) 504 g (5+4/8 mérőpohár) 14 333 g (3+5/8 mérőpohár) 416 g (4+4/8 mérőpohár) 496 g (5+3/8 mérőpohár) 16 Átváltás German Shepherd Adult Átváltás German Shepherd Adult Átváltás German Shepherd Adult Tovább olvasok"}
{"breadcrumb": "Főoldal/Kutya/Eledelek/Száraz eledelek/Royal Canin Breed Health Nutrition Németjuhász puppy száraz kutyaeledel 3kg", "product_name": "Royal Canin Breed Health Nutrition Németjuhász puppy száraz kutyaeledel 3kgRoyal Canin Breed Health Nutrition Németjuhász puppy száraz kutyaeledel 3kg", "brand": "Royal CaninBreed Health Nutrition1,1kg – 4kgKölyökszárnyasnagytestű 26kg-tólNémetjuhász", "regular_price": "3 799", "selling_price": "3 299", "price_per_unit": "1 kg=3100 Ft", "product_url": "https://webshop.fressnapf.hu/termekek/royal-canin-breed-health-nutrition-kutya-szarazeledel-nemetjuhasz-puppy-3kg/", "product_description": "Teljes értékű táp Német juhászkutya fajtájú kölyökkutyáknak – 15 hónapos korig. A növekedés létfontosságú időszaka a kutya életében: nagy változások, felfedezések és új találkozások időszaka. A kölyökkutya immunrendszere e kulcsfontosságú időszakban fokozatosan fejlődik. A Puppy táp egy szabadalmazott* antioxidáns komplexet – benne E-vitamint – tartalmaz, hogy támogassa a kölyökkutya természetes védekező rendszerét és fenntartsa a kölyök optimális egészségét a növekedés során. *Franciaország, szabadalom: EP1146870. A kitűnő minőségű fehérjét (L.I.P.*) és prebiotikumokat (FOS) is magában foglaló tápanyag-kombinációt tartalmazó táp, segít fenntartani a bélflóra egészséges egyensúlyát is, ami hozzájárul a bélsár jó minőségéhez. A táp figyelembe veszi a Német juhászkutya kölyök érzékeny emésztőrendszerét. *L.I.P.: kitűnően emészthető, válogatott fehérje. Gondosan beállított kalcium- és foszfortartalmának köszönhetően a German Shepherd Puppy táp támogatja a kölyök csontszerkezetét és az ízületeket. Ez a különleges formula emellett az ideális testsúly fenntartásához is hozzájárul. A tápszemcse alakja, mérete, szerkezete és összetétele kifejezetten a Német juhászkutya fajtájú kölyök számára lett kifejlesztve. Összetétel: dehidratált baromfifehérje, rizs, növényi fehérje kivonat*, búzaliszt, kukoricaliszt, állati zsiradékok, hidrolizált állati fehérjék, cukorrépapép, növényi rostok, halolaj, ásványi sók, szójaolaj, frukto-oligoszacharidok (0,34 %), Psyllium maghéj és mag, élesztő-hidrolizátum (mannán-oligoszacharidok forrása: 0,05 %), rákféleségekből készült hidrolizátum (glükózamin forrás), élesztő kivonat (béta-glükánok forrása), bársonyvirág kivonat (lutein forrás), porc hidrolizátum (kondroitin forrás). *L.I.P.: kitűnően emészthető, válogatott fehérje. Adalékanyagok (kilogrammonként): Tápértékkel rendelkező adalékanyagok: A vitamin: 30500 NE, D3 vitamin: 800 NE, E vitamin: 620 mg – E1 (Vas): 38 mg, E2 (Jód): 3,8 mg, E4 (Réz): 12 mg, E5 (Mangán): 49 mg, E6 (Cink): 128 mg, E8 (Szelén): 0,08 mg – Technológiai adalékanyagok: Üledékes eredetű klinoptilolit: 10 g – Érzékszervi adalékanyagok: Yucca kivonat: 125 mg – Tartósítószerek – Antioxidánsok. Analitikai összetevők: Nyersfehérje: 30,0 % – Nyersolajok és -zsírok: 16,0 % – Nyershamu: 7,3 % – Nyersrost: 2,7 % – Kalcium: 1,26 % – Foszfor: 1 %. Életkor (hónap) Felnőttkori testsúly = 26 kg Felnőttkori testsúly = 35 kg Felnőttkori testsúly = 44 kg 2 266 g (2+7/8 mérőpohár) 287 g (3+1/8 mérőpohár) 309 g (3+3/8 mérőpohár) 3 328 g (3+5/8 mérőpohár) 367 g (4 mérőpohár) 405 g (4+4/8 mérőpohár) 4 356 g (3+5/8 mérőpohár) 402 g (4+3/8 mérőpohár) 447 g (4+7/8 mérőpohár) 6 407 g (4+4/8 mérőpohár) 507 g (5+5/8 mérőpohár) 602 g (6+5/8 mérőpohár) 8 406 g (4+4/8 mérőpohár) 511 g (5+5/8 mérőpohár) 647 g (7+1/8 mérőpohár) 10 371 g (4+1/8 mérőpohár) 467 g (5+1/8 mérőpohár) 605 g (6+5/8 mérőpohár) 12 335 g (3+5/8 mérőpohár) 422 g (4+5/8 mérőpohár) 504 g (5+4/8 mérőpohár) 14 333 g (3+5/8 mérőpohár) 416 g (4+4/8 mérőpohár) 496 g (5+3/8 mérőpohár) 16 Átváltás German Shepherd Adult Átváltás German Shepherd Adult Átváltás German Shepherd Adult Tovább olvasok"}
{"breadcrumb": "Főoldal/Kutya/Eledelek/Nedves eledelek/Royal Canin Breed Health Nutrition Pomerániai kutya adult tasak 12x85g", "product_name": "Royal Canin Breed Health Nutrition Pomerániai kutya adult tasak 12x85gRoyal Canin Breed Health Nutrition Pomerániai kutya adult tasak 12x85g", "brand": "Royal CaninBreed Health Nutrition0g – 100gFelnőttszárnyaspástétomtasakPomerániai", "regular_price": "8 994", "selling_price": "8 394", "price_per_unit": "469 Ft", "product_url": "https://webshop.fressnapf.hu/termekek/royal-canin-breed-health-nutrition-pomeraniai-kutya-adult-tasak-12x85g/", "product_description": "Teljes értékű állateledel felnőtt és idősödő pomerániai törpespicc kutyák számára – 8 hónapos kortól ÖSSZETÉTEL: kukorica, dehidratált baromfifehérjék, búzaliszt, rizs, búzaglutén*, állati zsiradékok, hidrolizált állati fehérjék, cikóriapép, halolaj, ásványi anyagok (ezen belül pentanátrium-trifoszfát (0,35 %)), szójaolaj, psyllium (útifű) maghéj és mag (0,5 %), frukto-oligoszacharidok, borágóolaj (0,1 %), erjesztéssel előállított glükózamin, bársonyvirág por, hidrolizált porc (kondroitin forrás). ADALÉKANYAGOK (kilogrammonként): Tápértékkel rendelkező adalékanyagok: A-vitamin: 29940 NE, D3-vitamin: 800 NE, Vas (3b103): 42 mg, Jód (3b201, 3b202): 4,2 mg, Réz (3b405, 3b406): 13 mg, Mangán (3b502, 3b504): 55 mg, Cink (3b603, 3b605, 3b606): 136 mg, Szelén (3b801, 3b811, 3b812): 0,09 mg – Technológiai adalékanyagok: Üledékes eredetű klinoptilolit: 10 g – Tartósítószerek – Antioxidánsok. ANALITIKAI ÖSSZETEVŐK: Nyersfehérje: 26,0 % – Nyersrost: 1,6 % – Zsírtartalom: 16,0 % – Nyershamu: 5,4 % – EPA/DHA: 0,4 %. *L.I.P.: kitűnően emészthető, válogatott fehérje. Tovább olvasok"}
{"breadcrumb": "Főoldal/Kutya/Eledelek/Száraz eledelek/Royal Canin Breed Health Nutrition Shih Tzu adult száraz kutyaeledel 1,5kg", "product_name": "Royal Canin Breed Health Nutrition Shih Tzu adult száraz kutyaeledel 1,5kgRoyal Canin Breed Health Nutrition Shih Tzu adult száraz kutyaeledel 1,5kg", "brand": "Royal CaninBreed Health Nutrition1,1kg – 4kgFelnőttszárnyaskistestű 10kg-igSi-cu", "regular_price": "3 499", "selling_price": "2 999", "price_per_unit": "1 kg=3799 Ft", "product_url": "https://webshop.fressnapf.hu/termekek/royal-canin-breed-health-nutrition-kutya-szarazeledel-si-cu-adult-15kg/", "product_description": "Teljes értékű táp felnőtt és idős shih tzu fajtájú kutyáknak – 10 hónapos kortól A Shih Tzu táp különleges összetétele támogatja a bőr „védvonal” szerepét és általános egészségét, főként az általa tartalmazott, EPA és DHA nevű omega-3 zsírsavaknak, valamint A vitamin tartalmának köszönhetően. Borágó olajjal gazdagított. A táp kalciummal kelátokat képező anyagokat is tartalmaz, aminek köszönhetően segít csökkenteni a fogkő képződésének kockázatát. Tápanyag-összetétele segít csökkenteni a bélsár mennyiségét és annak szagát is. A speciálisan kialakított tápszemcse megkönnyíti a Shih tzu fajtájú kutya számára a tápszemcse megragadását és arra ösztönzik a kutyát, hogy lenyelés előtt szétrágja azt. Összetétel: rizs, dehidratált baromfifehérje, állati zsiradékok, növényi fehérje kivonat*, hidrolizált állati fehérjék, növényi rostok, cukorrépapép, ásványi sók, halolaj, szójaolaj, frukto-oligoszacharidok, borágó olaj (0,1 %), bársonyvirág kivonat (lutein forrás), rákféleségekből készült hidrolizátum (glükózamin forrás), porc hidrolizátum (kondroitin forrás). *L.I.P.: kitűnően emészthető, válogatott fehérje. Adalékanyagok (kilogrammonként): Tápértékkel rendelkező adalékanyagok: A vitamin: 29500 NE, D3 vitamin: 800 NE, E1 (Vas): 56 mg, E2 (Jód): 5 mg, E4 (Réz): 13 mg, E5 (Mangán): 63 mg, E6 (Cink): 142 mg, E8 (Szelén): 0,15 mg – Technológiai adalékanyagok: Üledékes eredetű klinoptilolit: 10 g – Érzékszervi adalékanyagok: Tea kivonat (polifenol forrás): 150 mg – Tartósítószerek – Antioxidánsok. Analitikai összetevők: Nyersfehérje: 24,0 % – Nyersolajok és -zsírok: 20,0 % – Nyershamu: 5,8 % – Nyersrost: 3,0 % – Kilogrammonként: Pentanátrium-trifoszfát: 3,5 g – EPA/DHA: 3 g. A kutya testsúlya Nincs aktivitás Mérsékelt aktivitás Magas energiaszükséglet 4 kg 67g (6/8 mérőpohár) 78 g (7/8 mérőpohár) 88 g (1 mérőpohár) 5 kg 79 g (7/8 mérőpohár) 92 g (1 mérőpohár) 104 g (1+1/8 mérőpoharak) 6 kg 91 g (1 mérőpohár) 105 g (1+1/8 mérőpoharak) 120 g (1+2/8 mérőpoharak) 7 kg 102 g (1+1/8 mérőpoharak) 118 g (1+2/8 mérőpoharak) 134 g (1+3/8 mérőpoharak) Tovább olvasok"}
{"breadcrumb": "Főoldal/Kutya/Eledelek/Száraz eledelek/Royal Canin Breed Health Nutrition Shih Tzu adult száraz kutyaeledel 500g", "product_name": "Royal Canin Breed Health Nutrition Shih Tzu adult száraz kutyaeledel 500gRoyal Canin Breed Health Nutrition Shih Tzu adult száraz kutyaeledel 500g", "brand": "Royal CaninBreed Health Nutrition401g – 600gFelnőttszárnyaskistestű 10kg-igSi-cu", "regular_price": "9 999", "selling_price": "8 999", "price_per_unit": "1 kg=4398 Ft", "product_url": "https://webshop.fressnapf.hu/termekek/royal-canin-breed-health-nutrition-kutya-szarazeledel-si-cu-adult-500g/", "product_description": "Teljes értékű táp felnőtt és idős shih tzu fajtájú kutyáknak – 10 hónapos kortól A Shih Tzu táp különleges összetétele támogatja a bőr „védvonal” szerepét és általános egészségét, főként az általa tartalmazott, EPA és DHA nevű omega-3 zsírsavaknak, valamint A vitamin tartalmának köszönhetően. Borágó olajjal gazdagított. A táp kalciummal kelátokat képező anyagokat is tartalmaz, aminek köszönhetően segít csökkenteni a fogkő képződésének kockázatát. Tápanyag-összetétele segít csökkenteni a bélsár mennyiségét és annak szagát is. A speciálisan kialakított tápszemcse megkönnyíti a Shih tzu fajtájú kutya számára a tápszemcse megragadását és arra ösztönzik a kutyát, hogy lenyelés előtt szétrágja azt. Összetétel: rizs, dehidratált baromfifehérje, állati zsiradékok, növényi fehérje kivonat*, hidrolizált állati fehérjék, növényi rostok, cukorrépapép, ásványi sók, halolaj, szójaolaj, frukto-oligoszacharidok, borágó olaj (0,1 %), bársonyvirág kivonat (lutein forrás), rákféleségekből készült hidrolizátum (glükózamin forrás), porc hidrolizátum (kondroitin forrás). *L.I.P.: kitűnően emészthető, válogatott fehérje. Adalékanyagok (kilogrammonként): Tápértékkel rendelkező adalékanyagok: A vitamin: 29500 NE, D3 vitamin: 800 NE, E1 (Vas): 56 mg, E2 (Jód): 5 mg, E4 (Réz): 13 mg, E5 (Mangán): 63 mg, E6 (Cink): 142 mg, E8 (Szelén): 0,15 mg – Technológiai adalékanyagok: Üledékes eredetű klinoptilolit: 10 g – Érzékszervi adalékanyagok: Tea kivonat (polifenol forrás): 150 mg – Tartósítószerek – Antioxidánsok. Analitikai összetevők: Nyersfehérje: 24,0 % – Nyersolajok és -zsírok: 20,0 % – Nyershamu: 5,8 % – Nyersrost: 3,0 % – Kilogrammonként: Pentanátrium-trifoszfát: 3,5 g – EPA/DHA: 3 g. A kutya testsúlya Nincs aktivitás Mérsékelt aktivitás Magas energiaszükséglet 4 kg 67g (6/8 mérőpohár) 78 g (7/8 mérőpohár) 88 g (1 mérőpohár) 5 kg 79 g (7/8 mérőpohár) 92 g (1 mérőpohár) 104 g (1+1/8 mérőpoharak) 6 kg 91 g (1 mérőpohár) 105 g (1+1/8 mérőpoharak) 120 g (1+2/8 mérőpoharak) 7 kg 102 g (1+1/8 mérőpoharak) 118 g (1+2/8 mérőpoharak) 134 g (1+3/8 mérőpoharak) Tovább olvasok"}
{"breadcrumb": "Főoldal/Kutya/Eledelek/Nedves eledelek/Royal Canin Breed Health Nutrition Tacskó adult kutya tasak 12x85g", "product_name": "Royal Canin Breed Health Nutrition Tacskó adult kutya tasak 12x85gRoyal Canin Breed Health Nutrition Tacskó adult kutya tasak 12x85g", "brand": "Royal CaninBreed Health Nutrition0g – 100gFelnőtthús és állati származékoktasakkistestű 10kg-igTacskó", "regular_price": "5 094", "selling_price": "4 794", "price_per_unit": "329 Ft", "product_url": "https://webshop.fressnapf.hu/termekek/royal-canin-breed-health-nutrition-kutya-tasak-tacsko-adult-85g/", "product_description": "Teljes értékű táp felnőtt és idős Dachshund fajtájú kutyáknak – 10 hónapos kortól (pépes állagú). -Támogatja a tacskó csontszerkezetének és az ízületek egészségének fenntartását. -Segít fenntartani a tacskó izomtónusát. -Segít kielégíteni a tacskó étvágyát. -Az ízletes pástétomnak az illata és a puhasága megfelel még a legválogatósabb tacskók ízlésének is. Összetétel: hús és állati származékok, gabonafélék, növényi eredetű származékok, ásványi anyagok, különféle cukrok, olajok és zsírok, puhatestűek és rákfélék. Adalékanyagok (kilogrammonként): Tápértékkel rendelkező adalékanyagok: D3 vitamin: 188 NE, E1 (Vas): 7 mg, E2 (Jód): 0,23 mg, E4 (Réz): 1,9 mg, E5 (Mangán): 2,1 mg, E6 (Cink): 21 mg. Analitikai összetevők: Nyersfehérje: 8,5 % – Nyersolajok és -zsírok: 5,9 % – Nyershamu: 1,8 % – Nyersrost: 1,2 % – Nedvesség: 79 %. Felnőttkori testsúly (kg) 4 6 8 Alutasakos eledelek száma (1=85 g) 3+1/2 5 6 Tovább olvasok"}
{"breadcrumb": "Főoldal/Kutya/Eledelek/Száraz eledelek/Royal Canin Breed Health Nutrition Tacskó adult száraz kutyaeledel 1,5kg", "product_name": "Royal Canin Breed Health Nutrition Tacskó adult száraz kutyaeledel 1,5kgRoyal Canin Breed Health Nutrition Tacskó adult száraz kutyaeledel 1,5kg", "brand": "Royal CaninBreed Health Nutrition1,1kg – 4kgFelnőttszárnyasbőr&szőr ápolókistestű 10kg-igTacskó", "regular_price": "9 999", "selling_price": "8 999", "price_per_unit": "1 kg=3799 Ft", "product_url": "https://webshop.fressnapf.hu/termekek/royal-canin-breed-health-nutriton-kutya-szarazeledel-tacsko-adult-15kg/", "product_description": "Teljes értékű táp felnőtt és idős tacskó fajtájú kutyáknak – 10 hónapos kortól A 10 hónaposnál idősebb tacskók számára alkalmas ROYAL CANIN® Dachshund Adult táp kifejezetten úgy van összeállítva, hogy a felnőtt tacskó minden tápanyagigényét kielégítse a jó egészség és a jó közérzet megőrzése érdekében. Ezeknek az „alacsony fekvésű” kutyáknak hosszú testük van, amely nagyon tömör és izmos marad. Fejüket jellemzően magasan hordják, arckifejezésük rendszerint éberséget tükröz. Rövid lábaik dacára a tacskók nagyon aktívak és mozgékonyak. Ezért a felnőtt tacskóknak egy, az energiaigényük kielégítéséhez szükséges tápanyagokat tartalmazó tápra van szükségük az egészséges aktivitási szintjük fenntartásához. A ROYAL CANIN® Dachshund Adult táp gondosan beállított kalcium- és foszfortartalmának köszönhetően hozzájárul a tacskó csontjainak és ízületeinek egészségesen tartásához. Ez a különleges formula segít a kutyának megőrizni jó izomtónusát és ideális testsúlyát. A ROYAL CANIN® Dachshund Adult táp emellett segít csökkenteni a kutya bélsarának kellemetlen szagát és mennyiségét is. A ROYAL CANIN® Dachshund Adult különleges tápszemcséje a kalciummal kelátot képező anyagokat tartalmaz, így elősegíti a fogkőképződés csökkentését. Az egyes kutyák egyedi ízlésének való megfelelés érdekében a ROYAL CANIN® Dachshund Adult egy puha és ízletes pástétom formájú nedves tápként is kapható. Összetétel: Rizs, dehidratált baromfifehérje, növényi fehérje kivonat*, hidrolizált állati fehérjék, állati zsiradékok, növényi rostok, cukorrépapép, halolaj, szójaolaj, ásványi sók, frukto-oligoszacharidok, borágó olaj, bársonyvirág kivonat (lutein forrás), rákféleségekből készült hidrolizátum (glükózamin forrás), porc hidrolizátum (kondroitin forrás). *L.I.P.: kitűnően emészthető, válogatott fehérje. Analitikai összetevők: Nyersfehérje: 28,0 % – Nyersolajok és -zsírok: 14,0 % – Nyershamu: 6,4 % – Nyersrost: 2,9 % – Kilogrammonként: Kalcium: 8 g – Foszfor: 6,6 g – Pentanátrium-trifoszfát: 3,5 g. Tápértékkel rendelkező adalékanyagok: A vitamin: 31500 NE, D3 vitamin: 800 NE, E1 (Vas): 35 mg, E2 (Jód): 3,6 mg, E4 (Réz): 11 mg, E5 (Mangán): 46 mg, E6 (Cink): 139 mg, E8 (Szelén): 0,07 mg Technológiai adalékanyagok: Üledékes eredetű klinoptilolit: 10 g – Érzékszervi adalékanyagok: Tea kivonat (polifenol forrás): 150 mg – Tartósítószerek – Antioxidánsok. A kutya testsúlya Lakásban – aktivitás nélkül Átlagos aktivitás Nagyon aktív 2 kg 43 g (4/8 mérőpohár) 50 g (5/8 mérőpohár) 56 g (6/8 mérőpohár) 5 kg 85 g (1+1/8 mérőpohár) 99 g (1+2/8 mérőpohár) 112 g (1+4/8 mérőpohár) 8 kg 121 g (1+5/8 mérőpohár) 140 g (1+7/8 mérőpohár) 159 g (2+1/8 mérőpohár) 10 kg 143 g (1+7/8 mérőpohár) 166 g (2+1/8 mérőpohár) 188 g (2+4/8 mérőpohár) Tovább olvasok"}
{"breadcrumb": "Főoldal/Kutya/Eledelek/Száraz eledelek/Royal Canin Breed Health Nutrition Tacskó adult száraz kutyaeledel 500g", "product_name": "Royal Canin Breed Health Nutrition Tacskó adult száraz kutyaeledel 500gRoyal Canin Breed Health Nutrition Tacskó adult száraz kutyaeledel 500g", "brand": "Royal CaninBreed Health Nutrition401g – 600gFelnőttszárnyaskistestű 10kg-igTacskó", "regular_price": "9 999", "selling_price": "8 999", "price_per_unit": "1 kg=4398 Ft", "product_url": "https://webshop.fressnapf.hu/termekek/royal-canin-breed-health-nutrition-kutya-szarazeledel-tacsko-adult-500g/", "product_description": "Teljes értékű táp felnőtt és idős tacskó fajtájú kutyáknak – 10 hónapos kortól A 10 hónaposnál idősebb tacskók számára alkalmas ROYAL CANIN® Dachshund Adult táp kifejezetten úgy van összeállítva, hogy a felnőtt tacskó minden tápanyagigényét kielégítse a jó egészség és a jó közérzet megőrzése érdekében. Ezeknek az „alacsony fekvésű” kutyáknak hosszú testük van, amely nagyon tömör és izmos marad. Fejüket jellemzően magasan hordják, arckifejezésük rendszerint éberséget tükröz. Rövid lábaik dacára a tacskók nagyon aktívak és mozgékonyak. Ezért a felnőtt tacskóknak egy, az energiaigényük kielégítéséhez szükséges tápanyagokat tartalmazó tápra van szükségük az egészséges aktivitási szintjük fenntartásához. A ROYAL CANIN® Dachshund Adult táp gondosan beállított kalcium- és foszfortartalmának köszönhetően hozzájárul a tacskó csontjainak és ízületeinek egészségesen tartásához. Ez a különleges formula segít a kutyának megőrizni jó izomtónusát és ideális testsúlyát. A ROYAL CANIN® Dachshund Adult táp emellett segít csökkenteni a kutya bélsarának kellemetlen szagát és mennyiségét is. A ROYAL CANIN® Dachshund Adult különleges tápszemcséje a kalciummal kelátot képező anyagokat tartalmaz, így elősegíti a fogkőképződés csökkentését. Az egyes kutyák egyedi ízlésének való megfelelés érdekében a ROYAL CANIN® Dachshund Adult egy puha és ízletes pástétom formájú nedves tápként is kapható. Összetétel: Rizs, dehidratált baromfifehérje, növényi fehérje kivonat*, hidrolizált állati fehérjék, állati zsiradékok, növényi rostok, cukorrépapép, halolaj, szójaolaj, ásványi sók, frukto-oligoszacharidok, borágó olaj, bársonyvirág kivonat (lutein forrás), rákféleségekből készült hidrolizátum (glükózamin forrás), porc hidrolizátum (kondroitin forrás). *L.I.P.: kitűnően emészthető, válogatott fehérje. Analitikai összetevők: Nyersfehérje: 28,0 % – Nyersolajok és -zsírok: 14,0 % – Nyershamu: 6,4 % – Nyersrost: 2,9 % – Kilogrammonként: Kalcium: 8 g – Foszfor: 6,6 g – Pentanátrium-trifoszfát: 3,5 g. Tápértékkel rendelkező adalékanyagok: A vitamin: 31500 NE, D3 vitamin: 800 NE, E1 (Vas): 35 mg, E2 (Jód): 3,6 mg, E4 (Réz): 11 mg, E5 (Mangán): 46 mg, E6 (Cink): 139 mg, E8 (Szelén): 0,07 mg Technológiai adalékanyagok: Üledékes eredetű klinoptilolit: 10 g – Érzékszervi adalékanyagok: Tea kivonat (polifenol forrás): 150 mg – Tartósítószerek – Antioxidánsok. A kutya testsúlya Lakásban – aktivitás nélkül Átlagos aktivitás Nagyon aktív 2 kg 43 g (4/8 mérőpohár) 50 g (5/8 mérőpohár) 56 g (6/8 mérőpohár) 5 kg 85 g (1+1/8 mérőpohár) 99 g (1+2/8 mérőpohár) 112 g (1+4/8 mérőpohár) 8 kg 121 g (1+5/8 mérőpohár) 140 g (1+7/8 mérőpohár) 159 g (2+1/8 mérőpohár) 10 kg 143 g (1+7/8 mérőpohár) 166 g (2+1/8 mérőpohár) 188 g (2+4/8 mérőpohár) Tovább olvasok"}
{"breadcrumb": "Főoldal/Kutya/Eledelek/Száraz eledelek/Royal Canin Breed Health Nutrition Tacskó adult száraz kutyaeledel 7,5kg", "product_name": "Royal Canin Breed Health Nutrition Tacskó adult száraz kutyaeledel 7,5kgRoyal Canin Breed Health Nutrition Tacskó adult száraz kutyaeledel 7,5kg", "brand": "Royal CaninBreed Health Nutrition4,1kg – 10kgFelnőttszárnyasbőr&szőr ápolókistestű 10kg-igTacskó", "regular_price": "3 799", "selling_price": "3 299", "price_per_unit": "1 kg=2640 Ft", "product_url": "https://webshop.fressnapf.hu/termekek/royal-canin-breed-health-nutriton-kutya-szarazeledel-tacsko-adult-75kg/", "product_description": "Teljes értékű táp felnőtt és idős tacskó fajtájú kutyáknak – 10 hónapos kortól A 10 hónaposnál idősebb tacskók számára alkalmas ROYAL CANIN® Dachshund Adult táp kifejezetten úgy van összeállítva, hogy a felnőtt tacskó minden tápanyagigényét kielégítse a jó egészség és a jó közérzet megőrzése érdekében. Ezeknek az „alacsony fekvésű” kutyáknak hosszú testük van, amely nagyon tömör és izmos marad. Fejüket jellemzően magasan hordják, arckifejezésük rendszerint éberséget tükröz. Rövid lábaik dacára a tacskók nagyon aktívak és mozgékonyak. Ezért a felnőtt tacskóknak egy, az energiaigényük kielégítéséhez szükséges tápanyagokat tartalmazó tápra van szükségük az egészséges aktivitási szintjük fenntartásához. A ROYAL CANIN® Dachshund Adult táp gondosan beállított kalcium- és foszfortartalmának köszönhetően hozzájárul a tacskó csontjainak és ízületeinek egészségesen tartásához. Ez a különleges formula segít a kutyának megőrizni jó izomtónusát és ideális testsúlyát. A ROYAL CANIN® Dachshund Adult táp emellett segít csökkenteni a kutya bélsarának kellemetlen szagát és mennyiségét is. A ROYAL CANIN® Dachshund Adult különleges tápszemcséje a kalciummal kelátot képező anyagokat tartalmaz, így elősegíti a fogkőképződés csökkentését. Az egyes kutyák egyedi ízlésének való megfelelés érdekében a ROYAL CANIN® Dachshund Adult egy puha és ízletes pástétom formájú nedves tápként is kapható. Összetétel: Rizs, dehidratált baromfifehérje, növényi fehérje kivonat*, hidrolizált állati fehérjék, állati zsiradékok, növényi rostok, cukorrépapép, halolaj, szójaolaj, ásványi sók, frukto-oligoszacharidok, borágó olaj, bársonyvirág kivonat (lutein forrás), rákféleségekből készült hidrolizátum (glükózamin forrás), porc hidrolizátum (kondroitin forrás). *L.I.P.: kitűnően emészthető, válogatott fehérje. Analitikai összetevők: Nyersfehérje: 28,0 % – Nyersolajok és -zsírok: 14,0 % – Nyershamu: 6,4 % – Nyersrost: 2,9 % – Kilogrammonként: Kalcium: 8 g – Foszfor: 6,6 g – Pentanátrium-trifoszfát: 3,5 g. Tápértékkel rendelkező adalékanyagok: A vitamin: 31500 NE, D3 vitamin: 800 NE, E1 (Vas): 35 mg, E2 (Jód): 3,6 mg, E4 (Réz): 11 mg, E5 (Mangán): 46 mg, E6 (Cink): 139 mg, E8 (Szelén): 0,07 mg Technológiai adalékanyagok: Üledékes eredetű klinoptilolit: 10 g – Érzékszervi adalékanyagok: Tea kivonat (polifenol forrás): 150 mg – Tartósítószerek – Antioxidánsok. A kutya testsúlya Lakásban – aktivitás nélkül Átlagos aktivitás Nagyon aktív 2 kg 43 g (4/8 mérőpohár) 50 g (5/8 mérőpohár) 56 g (6/8 mérőpohár) 5 kg 85 g (1+1/8 mérőpohár) 99 g (1+2/8 mérőpohár) 112 g (1+4/8 mérőpohár) 8 kg 121 g (1+5/8 mérőpohár) 140 g (1+7/8 mérőpohár) 159 g (2+1/8 mérőpohár) 10 kg 143 g (1+7/8 mérőpohár) 166 g (2+1/8 mérőpohár) 188 g (2+4/8 mérőpohár) Tovább olvasok"}
{"breadcrumb": "Főoldal/Kutya/Eledelek/Száraz eledelek/Royal Canin Breed Health Nutrition Törpe schnauzer adult száraz kutyaeledel 3kg", "product_name": "Royal Canin Breed Health Nutrition Törpe schnauzer adult száraz kutyaeledel 3kgRoyal Canin Breed Health Nutrition Törpe schnauzer adult száraz kutyaeledel 3kg", "brand": "Royal CaninBreed Health Nutrition1,1kg – 4kgFelnőttszárnyaskistestű 10kg-igTörpe schnauzer", "regular_price": "3 499", "selling_price": "2 999", "price_per_unit": "1 kg=3000 Ft", "product_url": "https://webshop.fressnapf.hu/termekek/royal-canin-breed-health-nutrition-kutya-szarazeledel-torpe-schnauzer-adult-3kg/", "product_description": "Teljes értékű táp felnőtt és idős Miniature Schnauzer fajtájú kutyáknak – 10 hónapos kortól. A Miniature Schnauzer Adult táp segít fenntartani a húgyrendszer egészségét. Gyakori ivásra ösztönzi a kutyát, elősegítve ezzel a vizelet hígítását. A táp kalciummal kelátokat képező anyagokat is tartalmaz, aminek köszönhetően segít csökkenteni a fogkő képződésének kockázatát. A táp optimális mennyiségben tartalmaz bizonyos aminosavakat, amelyek segítenek megőrizni a szőrzet természetes színét. Tápanyag-összetétele segít fenntartani a törpe schnauzer ideális testsúlyát. Összetétel: rizs, dehidratált baromfifehérje, kukorica, növényi fehérje kivonat*, kukoricaglutén, állati zsiradékok, hidrolizált állati fehérjék, ásványi sók, cikória pép, halolaj, növényi rostok, frukto-oligoszacharidok, Psyllium maghéj és mag, szójaolaj, borágó olaj, rákféleségekből készült hidrolizátum (glükózamin forrás), bársonyvirág kivonat (lutein forrás), porc hidrolizátum (kondroitin forrás). *L.I.P.: kitűnően emészthető, válogatott fehérje. Adalékanyagok (kilogrammonként): Tápértékkel rendelkező adalékanyagok: A vitamin: 31000 NE, D3 vitamin: 800 NE, E1 (Vas): 46 mg, E2 (Jód): 4,6 mg, E4 (Réz): 14 mg, E5 (Mangán): 59 mg, E6 (Cink): 140 mg, E8 (Szelén): 0,08 mg – Technológiai adalékanyagok: Üledékes eredetű klinoptilolit: 10 g – Érzékszervi adalékanyagok: Tea kivonat (polifenol forrás): 150 mg – Tartósítószerek – Antioxidánsok. Analitikai összetevők: Nyersfehérje: 25,0 % – Nyersolajok és -zsírok: 12,0 % – Nyershamu: 7,8 % – Nyersrost: 2,2 % – Pentanátrium-trifoszfát: 3,5 g/kg. A kutya testsúlya Alacsony energiaszükséglet Átlagos aktivitás Magas energiaszükséglet 4 Kg 74 g (7/8 mérőpohár) 86 g (1 mérőpohár) 98 g (1+1/8 mérőpoharak) 5 Kg 88 g (1 mérőpohár) 102 g (1+1/8 mérőpoharak) 115 g (1+2/8 mérőpoharak) 6 Kg 101 g (1+1/8 mérőpoharak) 116 g (1+2/8 mérőpoharak) 132 g (1+4/8 mérőpoharak) 7 Kg 113 g (1+2/8 mérőpoharak) 131 g (1+4/8 mérőpoharak) 148 g (1+5/8 mérőpoharak) 8 Kg 125 g (1+3/8 mérőpoharak) 144 g (1+5/8 mérőpoharak) 164 g (1+7/8 mérőpoharak) Tovább olvasok"}
{"breadcrumb": "Főoldal/Kutya/Eledelek/Száraz eledelek/Royal Canin Breed Health Nutrition Uszkár adult száraz kutyaeledel 1,5kg", "product_name": "Royal Canin Breed Health Nutrition Uszkár adult száraz kutyaeledel 1,5kgRoyal Canin Breed Health Nutrition Uszkár adult száraz kutyaeledel 1,5kg", "brand": "Royal CaninBreed Health Nutrition1,1kg – 4kgFelnőttszárnyasbőr&szőr ápolókistestű 10kg-igUszkár", "regular_price": "3 799", "selling_price": "3 299", "price_per_unit": "1 kg=3799 Ft", "product_url": "https://webshop.fressnapf.hu/termekek/royal-canin-breed-health-nutriton-kutya-szarazeledel-uszkar-adult-15kg/", "product_description": "Teljes értékű táp felnőtt és idős uszkár fajtájú kutyáknak – 10 hónapos kortól. Az optimális egészség támogatása érdekében a ROYAL CANIN®’s Breed Health Nutrition (fajta szerinti egészséges táplálás) terméksora az egyedi és a sajátos igényeknek megfelelő tápokkal elégíti ki az egyes fajták konkrét táplálkozási igényeit. A ROYAL CANIN® Poodle Adult tápot kifejezetten úgy állították össze, hogy kielégítse az Ön kutyája minden táplálkozási igényét. Az uszkár gyapjas szőrszálakból álló nagyon finom, könnyű és göndör szőrzettel rendelkezik. Mivel az uszkár szőre folyamatosan nő, a ROYAL CANIN® Poodle Adult táp omega-3 zsírsavakat (EPA-t és DHA- t) és borágó olajat tartalmaz, mely tápanyagok – a táp gondosan beállított fehérjetartalmával együtt – támogatják az egészséges szőrnövekedést, valamint a pompás gyapjas bunda szépségének folyamatos megőrzését. A ROYAL CANIN® Poodle Adult tápszemcséje a kalciummal kelátokat képező anyagokat tartalmaz, így kifejezetten úgy van kialakítva, hogy lassítsa a fogkőképződést és a fogkő felhalmozódását, így hozzájáruljon a kutya jó szájhigiéniájának fenntartásához. Ehhez társul még az is, hogy a táp összetétele segít megőrizni az uszkár jó izomtónusát. Összetétel: Kukorica, dehidratált baromfifehérje, növényi fehérje kivonat*, állati zsiradékok, rizs, kukoricaliszt, kukoricaglutén, hidrolizált állati fehérjék, cukorrépapép, ásványi sók, szójaolaj, halolaj, élesztő és annak részei, növényi rostok, frukto-oligoszacharidok, borágó olaj (0,1 %), rákféleségekből készült hidrolizátum (glükózamin forrás), bársonyvirág kivonat (lutein forrás), porc hidrolizátum (kondroitin forrás). *L.I.P.: kitűnően emészthető, válogatott fehérje. Analitikai összetevők: Nyersfehérje: 30,0 % – Nyersolajok és -zsírok: 19,0 % – Nyershamu: 5,5 % – Nyersrost: 2,1 % – Kilogrammonként: Omega-3 zsírsavak: 8,5 g, EPA/DHA is: 3 g – Pentanátrium-trifoszfát: 3,5 g. Tápértékkel rendelkező adalékanyagok: A vitamin: 29500 NE, D3 vitamin: 800 NE, E1 (Vas): 40 mg, E2 (Jód): 4 mg, E4 (Réz): 12 mg, E5 (Mangán): 52 mg, E6 (Cink): 139 mg, E8 (Szelén): 0,08 mg Technológiai adalékanyagok: Üledékes eredetű klinoptilolit: 5 g – Érzékszervi adalékanyagok: Tea kivonat (polifenol forrás): 150 mg – Tartósítószerek – Antioxidánsok. A kutya testsúlya Nincs aktivitás Mérsékelt aktivitás Magas energiaszükséglet 2 kg 39 g (3/8 mérőpohár) 46 g (4/8 mérőpohár) 52 g (5/8 mérőpohár) 6 kg 90 g (1 mérőpohár) 104 g (1+1/8 mérőpohár) 118 g (1+2/8 mérőpohár) 10 kg 132 g (1+3/8 mérőpohár) 152 g (1+5/8 mérőpohár) 173 g (1+7/8 mérőpohár) 12 kg 151 g (1+5/8 mérőpohár) 175 g (1+7/8 mérőpohár) 199 g (2+1/8 mérőpohár) Tovább olvasok"}
{"breadcrumb": "Főoldal/Kutya/Eledelek/Száraz eledelek/Royal Canin Breed Health Nutrition Uszkár adult száraz kutyaeledel 500g", "product_name": "Royal Canin Breed Health Nutrition Uszkár adult száraz kutyaeledel 500gRoyal Canin Breed Health Nutrition Uszkár adult száraz kutyaeledel 500g", "brand": "Royal CaninBreed Health Nutrition401g – 600gFelnőttszárnyaskistestű 10kg-igUszkár", "regular_price": "11 499", "selling_price": "9 999", "price_per_unit": "1 kg=4398 Ft", "product_url": "https://webshop.fressnapf.hu/termekek/royal-canin-breed-health-nutrition-kutya-szarazeledel-uszkar-adult-500g/", "product_description": "Teljes értékű táp felnőtt és idős uszkár fajtájú kutyáknak – 10 hónapos kortól. Az optimális egészség támogatása érdekében a ROYAL CANIN®’s Breed Health Nutrition (fajta szerinti egészséges táplálás) terméksora az egyedi és a sajátos igényeknek megfelelő tápokkal elégíti ki az egyes fajták konkrét táplálkozási igényeit. A ROYAL CANIN® Poodle Adult tápot kifejezetten úgy állították össze, hogy kielégítse az Ön kutyája minden táplálkozási igényét. Az uszkár gyapjas szőrszálakból álló nagyon finom, könnyű és göndör szőrzettel rendelkezik. Mivel az uszkár szőre folyamatosan nő, a ROYAL CANIN® Poodle Adult táp omega-3 zsírsavakat (EPA-t és DHA- t) és borágó olajat tartalmaz, mely tápanyagok – a táp gondosan beállított fehérjetartalmával együtt – támogatják az egészséges szőrnövekedést, valamint a pompás gyapjas bunda szépségének folyamatos megőrzését. A ROYAL CANIN® Poodle Adult tápszemcséje a kalciummal kelátokat képező anyagokat tartalmaz, így kifejezetten úgy van kialakítva, hogy lassítsa a fogkőképződést és a fogkő felhalmozódását, így hozzájáruljon a kutya jó szájhigiéniájának fenntartásához. Ehhez társul még az is, hogy a táp összetétele segít megőrizni az uszkár jó izomtónusát. Összetétel: Kukorica, dehidratált baromfifehérje, növényi fehérje kivonat*, állati zsiradékok, rizs, kukoricaliszt, kukoricaglutén, hidrolizált állati fehérjék, cukorrépapép, ásványi sók, szójaolaj, halolaj, élesztő és annak részei, növényi rostok, frukto-oligoszacharidok, borágó olaj (0,1 %), rákféleségekből készült hidrolizátum (glükózamin forrás), bársonyvirág kivonat (lutein forrás), porc hidrolizátum (kondroitin forrás). *L.I.P.: kitűnően emészthető, válogatott fehérje. Analitikai összetevők: Nyersfehérje: 30,0 % – Nyersolajok és -zsírok: 19,0 % – Nyershamu: 5,5 % – Nyersrost: 2,1 % – Kilogrammonként: Omega-3 zsírsavak: 8,5 g, EPA/DHA is: 3 g – Pentanátrium-trifoszfát: 3,5 g. Tápértékkel rendelkező adalékanyagok: A vitamin: 29500 NE, D3 vitamin: 800 NE, E1 (Vas): 40 mg, E2 (Jód): 4 mg, E4 (Réz): 12 mg, E5 (Mangán): 52 mg, E6 (Cink): 139 mg, E8 (Szelén): 0,08 mg Technológiai adalékanyagok: Üledékes eredetű klinoptilolit: 5 g – Érzékszervi adalékanyagok: Tea kivonat (polifenol forrás): 150 mg – Tartósítószerek – Antioxidánsok. A kutya testsúlya Nincs aktivitás Mérsékelt aktivitás Magas energiaszükséglet 2 kg 39 g (3/8 mérőpohár) 46 g (4/8 mérőpohár) 52 g (5/8 mérőpohár) 6 kg 90 g (1 mérőpohár) 104 g (1+1/8 mérőpohár) 118 g (1+2/8 mérőpohár) 10 kg 132 g (1+3/8 mérőpohár) 152 g (1+5/8 mérőpohár) 173 g (1+7/8 mérőpohár) 12 kg 151 g (1+5/8 mérőpohár) 175 g (1+7/8 mérőpohár) 199 g (2+1/8 mérőpohár) Tovább olvasok"}
{"breadcrumb": "Főoldal/Kutya/Eledelek/Száraz eledelek/Royal Canin Breed Health Nutrition West highland white terrier adult száraz kutyaeledel 1,5kg", "product_name": "Royal Canin Breed Health Nutrition West highland white terrier adult száraz kutyaeledel 1,5kgRoyal Canin Breed Health Nutrition West highland white terrier adult száraz kutyaeledel 1,5kg", "brand": "Royal CaninBreed Health Nutrition1,1kg – 4kgFelnőttszárnyaskistestű 10kg-igWest highland white terrier", "regular_price": "3 799", "selling_price": "3 299", "price_per_unit": "1 kg=3799 Ft", "product_url": "https://webshop.fressnapf.hu/termekek/royal-canin-breed-health-nutrition-kutya-szarazeledel-west-highland-white-terrier-adult-15kg/", "product_description": "Teljes értékű táp felnőtt és idős West Highland White terrier fajtájú kutyáknak – 10 hónapos kortól. A 10 hónaposnál idősebb West Highland White terrierek számára alkalmas ROYAL CANIN® West Highland White Terrier Adult tápot kifejezetten úgy állították össze, hogy a felnőtt West Highland White terrierek minden tápanyagigényét kielégítse. A Westie jellegzetes és durva fehér szőrzete különleges ápolást igényel a szőrzet minőségének és a bőr jó egészségének megőrzése érdekében. Ezért a ROYAL CANIN® West Highland White Terrier Adult táp a tápanyagok és az omega-3 zsírsavak (EPA és DHA) különleges komplexét tartalmazza, hogy segítsen megőrizni a Westie bőrének és szőrzetének egészségét. A West Highland White terrier további jellemzője a durva szőrzet és a finom bőr, ezért a ROYAL CANIN® West Highland White Terrier Adult táp a szőrnövekedést támogató meghatározott aminosavakat, valamint bőrtápláló hatású, borágó olajból és lenmagból származó zsírsavakat is tartalmaz. A kutya fogainak és ínyének egészségesen tartásához fontos egy olyan tápot etetni, amely támogatja a kutya fogainak egészségét. A ROYAL CANIN® West Highland White Terrier Adult tápszemcséje a kalciummal kelátokat képező anyagokat tartalmaz, így segít lelassítani a fogkő képződését és felhalmozódását, ezáltal támogatja a jó szájhigiéniát. Ezen túlmenően a ROYAL CANIN® West Highland White Terrier Adult táp kielégíti még a legválogatósabb kutyák étvágyát is, mivel a fokozott ízletesség érdekében kivételes ízesítő anyagok gondosan összeállított kombinációját tartalmazza. Összetétel: Kukoricaliszt, dehidratált baromfifehérje, rizs, kukorica, állati zsiradékok, hidrolizált állati fehérjék, dehidratált sertésfehérje*, búza, cikória pép, szójaolaj, halolaj, ásványi sók, lenmag (0,5%), frukto- oligoszacharidok, borágó olaj (0,1 %), bársonyvirág kivonat (lutein forrás), rákféleségekből készült hidrolizátum (glükózamin forrás), porc hidrolizátum (kondroitin forrás). *L.I.P.: kitűnően emészthető, válogatott fehérje. Analitikai összetevők: Nyersfehérje: 21,0 % – Nyersolajok és -zsírok: 16,0 % – Nyershamu: 6,0 % – Nyersrost: 1,4 % – Kilogrammonként: EPA/DHA: 3 g – Pentanátrium-trifoszfát: 3,5 g. Tápértékkel rendelkező adalékanyagok: A vitamin: 29500 NE, D3 vitamin: 800 NE, E1 (Vas): 98 mg, E2 (Jód): 5,8 mg, E4 (Réz): 6 mg, E5 (Mangán): 63 mg, E6 (Cink): 142 mg, E8 (Szelén): 0,31 mg Technológiai adalékanyagok: Üledékes eredetű klinoptilolit: 10 g – Érzékszervi adalékanyagok: Tea kivonat (polifenol forrás): 150 mg – Tartósítószerek – Antioxidánsok. A kutya testsúlya Nincs aktivitás Mérsékelt aktivitás Magas energiaszükséglet 6 kg 93 g (1 mérőpohár) 108 g (1+1/8 mérőpoharak) 122 g (1+3/8 mérőpoharak) 7 kg 104 g (1+1/8 mérőpoharak) 121 g (1+3/8 mérőpoharak) 137 g (1+4/8 mérőpoharak) 8 kg 115 g (1+2/8 mérőpoharak) 134 g (1+4/8 mérőpoharak) 152 g (1+5/8 mérőpoharak) 9 kg 126 g (1+3/8 mérőpoharak) 146 g (1+5/8 mérőpoharak) 166 g (1+7/8 mérőpoharak) 10 kg 136 g (1+4/8 mérőpoharak) 158 g (1+6/8 mérőpoharak) 179 g (2 mérőpoharak) Tovább olvasok"}
{"breadcrumb": "Főoldal/Kutya/Eledelek/Száraz eledelek/Royal Canin Breed Health Nutrition West highland white terrier adult száraz kutyaeledel 3kg", "product_name": "Royal Canin Breed Health Nutrition West highland white terrier adult száraz kutyaeledel 3kgRoyal Canin Breed Health Nutrition West highland white terrier adult száraz kutyaeledel 3kg", "brand": "Royal CaninBreed Health Nutrition1,1kg – 4kgFelnőttszárnyasbőr&szőr ápolókistestű 10kg-igWest highland white terrier", "regular_price": "3 799", "selling_price": "3 299", "price_per_unit": "1 kg=3000 Ft", "product_url": "https://webshop.fressnapf.hu/termekek/royal-canin-breed-health-nutriton-kutya-szarazeledel-west-highland-white-terrier-adult-3kg/", "product_description": "Teljes értékű táp felnőtt és idős West Highland White terrier fajtájú kutyáknak – 10 hónapos kortól. A 10 hónaposnál idősebb West Highland White terrierek számára alkalmas ROYAL CANIN® West Highland White Terrier Adult tápot kifejezetten úgy állították össze, hogy a felnőtt West Highland White terrierek minden tápanyagigényét kielégítse. A Westie jellegzetes és durva fehér szőrzete különleges ápolást igényel a szőrzet minőségének és a bőr jó egészségének megőrzése érdekében. Ezért a ROYAL CANIN® West Highland White Terrier Adult táp a tápanyagok és az omega-3 zsírsavak (EPA és DHA) különleges komplexét tartalmazza, hogy segítsen megőrizni a Westie bőrének és szőrzetének egészségét. A West Highland White terrier további jellemzője a durva szőrzet és a finom bőr, ezért a ROYAL CANIN® West Highland White Terrier Adult táp a szőrnövekedést támogató meghatározott aminosavakat, valamint bőrtápláló hatású, borágó olajból és lenmagból származó zsírsavakat is tartalmaz. A kutya fogainak és ínyének egészségesen tartásához fontos egy olyan tápot etetni, amely támogatja a kutya fogainak egészségét. A ROYAL CANIN® West Highland White Terrier Adult tápszemcséje a kalciummal kelátokat képező anyagokat tartalmaz, így segít lelassítani a fogkő képződését és felhalmozódását, ezáltal támogatja a jó szájhigiéniát. Ezen túlmenően a ROYAL CANIN® West Highland White Terrier Adult táp kielégíti még a legválogatósabb kutyák étvágyát is, mivel a fokozott ízletesség érdekében kivételes ízesítő anyagok gondosan összeállított kombinációját tartalmazza. Összetétel: Kukoricaliszt, dehidratált baromfifehérje, rizs, kukorica, állati zsiradékok, hidrolizált állati fehérjék, dehidratált sertésfehérje*, búza, cikória pép, szójaolaj, halolaj, ásványi sók, lenmag (0,5%), frukto- oligoszacharidok, borágó olaj (0,1 %), bársonyvirág kivonat (lutein forrás), rákféleségekből készült hidrolizátum (glükózamin forrás), porc hidrolizátum (kondroitin forrás). *L.I.P.: kitűnően emészthető, válogatott fehérje. Analitikai összetevők: Nyersfehérje: 21,0 % – Nyersolajok és -zsírok: 16,0 % – Nyershamu: 6,0 % – Nyersrost: 1,4 % – Kilogrammonként: EPA/DHA: 3 g – Pentanátrium-trifoszfát: 3,5 g. Tápértékkel rendelkező adalékanyagok: A vitamin: 29500 NE, D3 vitamin: 800 NE, E1 (Vas): 98 mg, E2 (Jód): 5,8 mg, E4 (Réz): 6 mg, E5 (Mangán): 63 mg, E6 (Cink): 142 mg, E8 (Szelén): 0,31 mg Technológiai adalékanyagok: Üledékes eredetű klinoptilolit: 10 g – Érzékszervi adalékanyagok: Tea kivonat (polifenol forrás): 150 mg – Tartósítószerek – Antioxidánsok. A kutya testsúlya Nincs aktivitás Mérsékelt aktivitás Magas energiaszükséglet 6 kg 93 g (1 mérőpohár) 108 g (1+1/8 mérőpoharak) 122 g (1+3/8 mérőpoharak) 7 kg 104 g (1+1/8 mérőpoharak) 121 g (1+3/8 mérőpoharak) 137 g (1+4/8 mérőpoharak) 8 kg 115 g (1+2/8 mérőpoharak) 134 g (1+4/8 mérőpoharak) 152 g (1+5/8 mérőpoharak) 9 kg 126 g (1+3/8 mérőpoharak) 146 g (1+5/8 mérőpoharak) 166 g (1+7/8 mérőpoharak) 10 kg 136 g (1+4/8 mérőpoharak) 158 g (1+6/8 mérőpoharak) 179 g (2 mérőpoharak) Tovább olvasok"}
{"breadcrumb": "Főoldal/Kutya/Eledelek/Száraz eledelek/Royal Canin Breed Health Nutrition West highland white terrier adult száraz kutyaeledel 500g", "product_name": "Royal Canin Breed Health Nutrition West highland white terrier adult száraz kutyaeledel 500gRoyal Canin Breed Health Nutrition West highland white terrier adult száraz kutyaeledel 500g", "brand": "Royal CaninBreed Health Nutrition401g – 600gFelnőttszárnyaskistestű 10kg-igWest highland white terrier", "regular_price": "9 999", "selling_price": "8 999", "price_per_unit": "1 kg=4398 Ft", "product_url": "https://webshop.fressnapf.hu/termekek/royal-canin-breed-health-nutrition-kutya-szarazeledel-west-highland-white-terrier-adult-500g/", "product_description": "Teljes értékű táp felnőtt és idős West Highland White terrier fajtájú kutyáknak – 10 hónapos kortól. A 10 hónaposnál idősebb West Highland White terrierek számára alkalmas ROYAL CANIN® West Highland White Terrier Adult tápot kifejezetten úgy állították össze, hogy a felnőtt West Highland White terrierek minden tápanyagigényét kielégítse. A Westie jellegzetes és durva fehér szőrzete különleges ápolást igényel a szőrzet minőségének és a bőr jó egészségének megőrzése érdekében. Ezért a ROYAL CANIN® West Highland White Terrier Adult táp a tápanyagok és az omega-3 zsírsavak (EPA és DHA) különleges komplexét tartalmazza, hogy segítsen megőrizni a Westie bőrének és szőrzetének egészségét. A West Highland White terrier további jellemzője a durva szőrzet és a finom bőr, ezért a ROYAL CANIN® West Highland White Terrier Adult táp a szőrnövekedést támogató meghatározott aminosavakat, valamint bőrtápláló hatású, borágó olajból és lenmagból származó zsírsavakat is tartalmaz. A kutya fogainak és ínyének egészségesen tartásához fontos egy olyan tápot etetni, amely támogatja a kutya fogainak egészségét. A ROYAL CANIN® West Highland White Terrier Adult tápszemcséje a kalciummal kelátokat képező anyagokat tartalmaz, így segít lelassítani a fogkő képződését és felhalmozódását, ezáltal támogatja a jó szájhigiéniát. Ezen túlmenően a ROYAL CANIN® West Highland White Terrier Adult táp kielégíti még a legválogatósabb kutyák étvágyát is, mivel a fokozott ízletesség érdekében kivételes ízesítő anyagok gondosan összeállított kombinációját tartalmazza. Összetétel: Kukoricaliszt, dehidratált baromfifehérje, rizs, kukorica, állati zsiradékok, hidrolizált állati fehérjék, dehidratált sertésfehérje*, búza, cikória pép, szójaolaj, halolaj, ásványi sók, lenmag (0,5%), frukto- oligoszacharidok, borágó olaj (0,1 %), bársonyvirág kivonat (lutein forrás), rákféleségekből készült hidrolizátum (glükózamin forrás), porc hidrolizátum (kondroitin forrás). *L.I.P.: kitűnően emészthető, válogatott fehérje. Analitikai összetevők: Nyersfehérje: 21,0 % – Nyersolajok és -zsírok: 16,0 % – Nyershamu: 6,0 % – Nyersrost: 1,4 % – Kilogrammonként: EPA/DHA: 3 g – Pentanátrium-trifoszfát: 3,5 g. Tápértékkel rendelkező adalékanyagok: A vitamin: 29500 NE, D3 vitamin: 800 NE, E1 (Vas): 98 mg, E2 (Jód): 5,8 mg, E4 (Réz): 6 mg, E5 (Mangán): 63 mg, E6 (Cink): 142 mg, E8 (Szelén): 0,31 mg Technológiai adalékanyagok: Üledékes eredetű klinoptilolit: 10 g – Érzékszervi adalékanyagok: Tea kivonat (polifenol forrás): 150 mg – Tartósítószerek – Antioxidánsok. A kutya testsúlya Nincs aktivitás Mérsékelt aktivitás Magas energiaszükséglet 6 kg 93 g (1 mérőpohár) 108 g (1+1/8 mérőpoharak) 122 g (1+3/8 mérőpoharak) 7 kg 104 g (1+1/8 mérőpoharak) 121 g (1+3/8 mérőpoharak) 137 g (1+4/8 mérőpoharak) 8 kg 115 g (1+2/8 mérőpoharak) 134 g (1+4/8 mérőpoharak) 152 g (1+5/8 mérőpoharak) 9 kg 126 g (1+3/8 mérőpoharak) 146 g (1+5/8 mérőpoharak) 166 g (1+7/8 mérőpoharak) 10 kg 136 g (1+4/8 mérőpoharak) 158 g (1+6/8 mérőpoharak) 179 g (2 mérőpoharak) Tovább olvasok"}
{"breadcrumb": "Főoldal/Kutya/Eledelek/Nedves eledelek/Royal Canin Breed Health Nutrition Yorkshire terrier adult kutya tasak 12x85g", "product_name": "Royal Canin Breed Health Nutrition Yorkshire terrier adult kutya tasak 12x85gRoyal Canin Breed Health Nutrition Yorkshire terrier adult kutya tasak 12x85g", "brand": "Royal CaninBreed Health Nutrition0g – 100gFelnőttszárnyastasakbőr&szőr ápolókistestű 10kg-igYorkshire terrier", "regular_price": "5 094", "selling_price": "4 794", "price_per_unit": "329 Ft", "product_url": "https://webshop.fressnapf.hu/termekek/royal-canin-breed-health-nutrition-kutya-tasak-yorkshire-terrier-adult-12x85g/", "product_description": "Teljes értékű táp felnőtt és idős Yorkshire terrier fajtájú kutyáknak – 10 hónapos kortól (pépes állagú). A ROYAL CANIN® Yorkshire Terrier in Loaf (pástétom formájú) tápot kifejezetten a felnőtt yorkshire terrier tápanyagszükségleteinek szem előtt tartásával állították össze, és az 10 hónapos kor felett etethető. A ROYAL CANIN® Yorkshire Terrier in Loaf (pástétom formájú) táp hozzájárul a bőr és a hosszú szőrzet egészségesen tartásához. A táp a gondosan kiválogatott, optimális hatású tápanyagok különleges elegyét tartalmazza annak érdekében, hogy segítsen a kutyának megőrizni fénylő és csillogó bundáját. A táp pontosan beállított tápanyagtartalma révén támogatja az egészséges emésztést is. Ezért a ROYAL CANIN® Yorkshire Terrier in Loaf (pástétom formájú) táp állagát úgy alakították ki, hogy az fokozza a táp ízletességét és segítsen serkenteni a kutya étvágyát. Ennek az ízletes pástétomnak az illata és a puhasága megfelel még a legválogatósabb yorkshire terrierek ízlésének is! Összetétel: Hús és állati származékok, növényi eredetű származékok, gabonafélék, ásványi anyagok, olajok és zsírok, különféle cukrok. Analitikai összetevők: Nyersfehérje: 8,5% – Nyersolajok és -zsírok: 6% – Nyershamu: 1,9% – Nyersrost: 1,6% – Nedvesség: 78%. Tápértékkel rendelkező adalékanyagok: D3 vitamin: 195 NE, E1 (Vas): 13 mg, E2 (Jód): 0,22 mg, E4 (Réz): 1,8 mg, E5 (Mangán): 4,1 mg, E6 (Cink): 41 mg – Technológiai adalékanyagok: Üledékes eredetű klinoptilolit: 2,2 g. Felnőttkori testsúly (kg) 2 3 4 Alutasak/nap (1=85 g) 2 3 3+1/2 Tovább olvasok"}
{"breadcrumb": "Főoldal/Kutya/Eledelek/Száraz eledelek/Royal Canin Breed Health Nutrition Yorkshire terrier adult száraz kutyaeledel 1,5kg", "product_name": "Royal Canin Breed Health Nutrition Yorkshire terrier adult száraz kutyaeledel 1,5kgRoyal Canin Breed Health Nutrition Yorkshire terrier adult száraz kutyaeledel 1,5kg", "brand": "Royal CaninBreed Health Nutrition1,1kg – 4kgFelnőttszárnyasbőr&szőr ápolókistestű 10kg-igYorkshire terrier", "regular_price": "9 999", "selling_price": "8 999", "price_per_unit": "1 kg=3933 Ft", "product_url": "https://webshop.fressnapf.hu/termekek/royal-canin-breed-health-nutriton-kutya-szarazeledel-yorkshire-terrier-adult-15kg/", "product_description": "Teljes értékű táp felnőtt és idős Yorkshire terrier fajtájú kutyáknak – 10 hónapos kortól. A 10 hónaposnál idősebb yorkshire terrierek számára alkalmas ROYAL CANIN® Yorkshire Terrier Adult tápot kifejezetten úgy állították össze, hogy a felnőtt yorkshire terrierek minden tápanyagigényét kielégítse. A yorkshire terrier fajta legismertebb jellemzőjének a feltűnően szép szőrzetet tekintik. E kivételesen finom és hosszú szőr folyamatosan nő. A yorki nem vedlik, és gyönyörű szőrzetének különleges tápanyagokra van szüksége ahhoz, hogy puha és selymes maradjon. Az esszenciális omega-3 zsírsavakkal (EPA és DHA), omega-6 zsírsavakkal, borágó olajjal és biotinnal kiegészített ROYAL CANIN® Yorkshire Terrier Adult táp gondosan beállított összetétele révén segít egészségesen tartani a yorki szőrzetét. A yorkshire terrierek gyakran válogatósak a táplálékuk tekintetében, ezért sok esetben nélkülözhetetlen, hogy az etetett táp különlegesen ízletes legyen. Ezért a ROYAL CANIN® Yorkshire Terrier Adult táp megfelel még a legválogatósabb kutyák étvágyának is, a kivételes ízesítő anyagok olyan kombinációjának köszönhetően, melynek a kutya nem tud ellenállni! A yorkshire terrierek hosszú élettartamukról is ismertek. Átlagosan több mint 15 évig élhetnek, ami azt jelenti, hogy életük utolsó harmadában vannak kitéve az öregedés hatásainak. Ezért a ROYAL CANIN® Yorkshire Terrier Adult táp olyan tápanyagok kombinációját kínálja, melyek segítenek megőrizni az érett korú kutyák optimális egészségét. A jó szájhigiénia fontos szempont a kutya tápjának megválasztásakor. A ROYAL CANIN® Yorkshire Terrier Adult tápszemcséje gondosan beállított mennyiségben tartalmaz a kalciummal kelátokat képező anyagokat, ezáltal segít lelassítani a fogkőképződést. Összetétel: Dehidratált baromfifehérje, kukoricaliszt, rizs, állati zsiradékok, növényi fehérje kivonat*, kukorica, hidrolizált állati fehérjék, kukoricaglutén, növényi rostok, cukorrépapép, halolaj, ásványi sók, szójaolaj, élesztő és annak részei, frukto-oligoszacharidok, élesztő-hidrolizátum (mannán- oligoszacharidok forrása), borágó olaj (0,1 %), rákféleségekből készült hidrolizátum (glükózamin forrás), bársonyvirág kivonat (lutein forrás), porc hidrolizátum (kondroitin forrás). *L.I.P.: kitűnően emészthető, válogatott fehérje. Analitikai összetevők: Nyersfehérje: 28,0 % – Nyersolajok és -zsírok: 18,0 % – Nyershamu: 5,1 % – Nyersrost: 3,0 % – Kilogrammonként: Omega-6 zsírsavak: 33,7 g – Omega-3 zsírsavak: 7,5 g, EPA/DHA is: 3 g – Pentanátrium-trifoszfát: 3,5 g. Tápértékkel rendelkező adalékanyagok: A vitamin: 29500 NE, D3 vitamin: 800 NE, Biotin: 3 mg, E1 (Vas): 45 mg, E2 (Jód): 4,5 mg, E4 (Réz): 14 mg, E5 (Mangán): 58 mg, E6 (Cink): 137 mg, E8 (Szelén): 0,1 mg – Technológiai adalékanyagok: Üledékes eredetű klinoptilolit: 5 g – Érzékszervi adalékanyagok: Tea kivonat (polifenol forrás): 150 mg – Tartósítószerek – Antioxidánsok. A kutya testsúlya Alacsony energiaszükséglet Átlagos aktivitás 2 kg 40 g 47 g 3 kg 55 g 64 g 4 kg 68 g 79 g Tovább olvasok"}
{"breadcrumb": "Főoldal/Kutya/Eledelek/Száraz eledelek/Royal Canin Breed Health Nutrition Yorkshire terrier adult száraz kutyaeledel 500g", "product_name": "Royal Canin Breed Health Nutrition Yorkshire terrier adult száraz kutyaeledel 500gRoyal Canin Breed Health Nutrition Yorkshire terrier adult száraz kutyaeledel 500g", "brand": "Royal CaninBreed Health Nutrition401g – 600gFelnőttszárnyasbőr&szőr ápolókistestű 10kg-igYorkshire terrier", "regular_price": "3 799", "selling_price": "3 299", "price_per_unit": "1 kg=4398 Ft", "product_url": "https://webshop.fressnapf.hu/termekek/royal-canin-breed-health-nutriton-kutya-szarazeledel-yorkshire-terrier-adult-500g/", "product_description": "Teljes értékű táp felnőtt és idős Yorkshire terrier fajtájú kutyáknak – 10 hónapos kortól. A 10 hónaposnál idősebb yorkshire terrierek számára alkalmas ROYAL CANIN® Yorkshire Terrier Adult tápot kifejezetten úgy állították össze, hogy a felnőtt yorkshire terrierek minden tápanyagigényét kielégítse. A yorkshire terrier fajta legismertebb jellemzőjének a feltűnően szép szőrzetet tekintik. E kivételesen finom és hosszú szőr folyamatosan nő. A yorki nem vedlik, és gyönyörű szőrzetének különleges tápanyagokra van szüksége ahhoz, hogy puha és selymes maradjon. Az esszenciális omega-3 zsírsavakkal (EPA és DHA), omega-6 zsírsavakkal, borágó olajjal és biotinnal kiegészített ROYAL CANIN® Yorkshire Terrier Adult táp gondosan beállított összetétele révén segít egészségesen tartani a yorki szőrzetét. A yorkshire terrierek gyakran válogatósak a táplálékuk tekintetében, ezért sok esetben nélkülözhetetlen, hogy az etetett táp különlegesen ízletes legyen. Ezért a ROYAL CANIN® Yorkshire Terrier Adult táp megfelel még a legválogatósabb kutyák étvágyának is, a kivételes ízesítő anyagok olyan kombinációjának köszönhetően, melynek a kutya nem tud ellenállni! A yorkshire terrierek hosszú élettartamukról is ismertek. Átlagosan több mint 15 évig élhetnek, ami azt jelenti, hogy életük utolsó harmadában vannak kitéve az öregedés hatásainak. Ezért a ROYAL CANIN® Yorkshire Terrier Adult táp olyan tápanyagok kombinációját kínálja, melyek segítenek megőrizni az érett korú kutyák optimális egészségét. A jó szájhigiénia fontos szempont a kutya tápjának megválasztásakor. A ROYAL CANIN® Yorkshire Terrier Adult tápszemcséje gondosan beállított mennyiségben tartalmaz a kalciummal kelátokat képező anyagokat, ezáltal segít lelassítani a fogkőképződést. Összetétel: Dehidratált baromfifehérje, kukoricaliszt, rizs, állati zsiradékok, növényi fehérje kivonat*, kukorica, hidrolizált állati fehérjék, kukoricaglutén, növényi rostok, cukorrépapép, halolaj, ásványi sók, szójaolaj, élesztő és annak részei, frukto-oligoszacharidok, élesztő-hidrolizátum (mannán- oligoszacharidok forrása), borágó olaj (0,1 %), rákféleségekből készült hidrolizátum (glükózamin forrás), bársonyvirág kivonat (lutein forrás), porc hidrolizátum (kondroitin forrás). *L.I.P.: kitűnően emészthető, válogatott fehérje. Analitikai összetevők: Nyersfehérje: 28,0 % – Nyersolajok és -zsírok: 18,0 % – Nyershamu: 5,1 % – Nyersrost: 3,0 % – Kilogrammonként: Omega-6 zsírsavak: 33,7 g – Omega-3 zsírsavak: 7,5 g, EPA/DHA is: 3 g – Pentanátrium-trifoszfát: 3,5 g. Tápértékkel rendelkező adalékanyagok: A vitamin: 29500 NE, D3 vitamin: 800 NE, Biotin: 3 mg, E1 (Vas): 45 mg, E2 (Jód): 4,5 mg, E4 (Réz): 14 mg, E5 (Mangán): 58 mg, E6 (Cink): 137 mg, E8 (Szelén): 0,1 mg – Technológiai adalékanyagok: Üledékes eredetű klinoptilolit: 5 g – Érzékszervi adalékanyagok: Tea kivonat (polifenol forrás): 150 mg – Tartósítószerek – Antioxidánsok. A kutya testsúlya Alacsony energiaszükséglet Átlagos aktivitás 2 kg 40 g 47 g 3 kg 55 g 64 g 4 kg 68 g 79 g Tovább olvasok"}
{"breadcrumb": "Főoldal/Kutya/Eledelek/Száraz eledelek/Royal Canin Breed Health Nutrition Yorkshire terrier adult száraz kutyaeledel 7,5kg", "product_name": "Royal Canin Breed Health Nutrition Yorkshire terrier adult száraz kutyaeledel 7,5kgRoyal Canin Breed Health Nutrition Yorkshire terrier adult száraz kutyaeledel 7,5kg", "brand": "Royal CaninBreed Health Nutrition4,1kg – 10kgFelnőttszárnyasbőr&szőr ápolóYorkshire terrier", "regular_price": "3 399", "selling_price": "2 999", "price_per_unit": "1 kg=2720 Ft", "product_url": "https://webshop.fressnapf.hu/termekek/royal-canin-breed-health-nutrition-yorkshire-terrier-adult-szaraz-kutyaeledel-75kg/", "product_description": "Teljes értékű táp felnőtt és idős Yorkshire terrier fajtájú kutyáknak – 10 hónapos kortól. A 10 hónaposnál idősebb yorkshire terrierek számára alkalmas ROYAL CANIN® Yorkshire Terrier Adult tápot kifejezetten úgy állították össze, hogy a felnőtt yorkshire terrierek minden tápanyagigényét kielégítse. A yorkshire terrier fajta legismertebb jellemzőjének a feltűnően szép szőrzetet tekintik. E kivételesen finom és hosszú szőr folyamatosan nő. A yorki nem vedlik, és gyönyörű szőrzetének különleges tápanyagokra van szüksége ahhoz, hogy puha és selymes maradjon. Az esszenciális omega-3 zsírsavakkal (EPA és DHA), omega-6 zsírsavakkal, borágó olajjal és biotinnal kiegészített ROYAL CANIN® Yorkshire Terrier Adult táp gondosan beállított összetétele révén segít egészségesen tartani a yorki szőrzetét. A yorkshire terrierek gyakran válogatósak a táplálékuk tekintetében, ezért sok esetben nélkülözhetetlen, hogy az etetett táp különlegesen ízletes legyen. Ezért a ROYAL CANIN® Yorkshire Terrier Adult táp megfelel még a legválogatósabb kutyák étvágyának is, a kivételes ízesítő anyagok olyan kombinációjának köszönhetően, melynek a kutya nem tud ellenállni! A yorkshire terrierek hosszú élettartamukról is ismertek. Átlagosan több mint 15 évig élhetnek, ami azt jelenti, hogy életük utolsó harmadában vannak kitéve az öregedés hatásainak. Ezért a ROYAL CANIN® Yorkshire Terrier Adult táp olyan tápanyagok kombinációját kínálja, melyek segítenek megőrizni az érett korú kutyák optimális egészségét. A jó szájhigiénia fontos szempont a kutya tápjának megválasztásakor. A ROYAL CANIN® Yorkshire Terrier Adult tápszemcséje gondosan beállított mennyiségben tartalmaz a kalciummal kelátokat képező anyagokat, ezáltal segít lelassítani a fogkőképződést. Összetétel: Dehidratált baromfifehérje, kukoricaliszt, rizs, állati zsiradékok, növényi fehérje kivonat*, kukorica, hidrolizált állati fehérjék, kukoricaglutén, növényi rostok, cukorrépapép, halolaj, ásványi sók, szójaolaj, élesztő és annak részei, frukto-oligoszacharidok, élesztő-hidrolizátum (mannán- oligoszacharidok forrása), borágó olaj (0,1 %), rákféleségekből készült hidrolizátum (glükózamin forrás), bársonyvirág kivonat (lutein forrás), porc hidrolizátum (kondroitin forrás). *L.I.P.: kitűnően emészthető, válogatott fehérje. Analitikai összetevők: Nyersfehérje: 28,0 % – Nyersolajok és -zsírok: 18,0 % – Nyershamu: 5,1 % – Nyersrost: 3,0 % – Kilogrammonként: Omega-6 zsírsavak: 33,7 g – Omega-3 zsírsavak: 7,5 g, EPA/DHA is: 3 g – Pentanátrium-trifoszfát: 3,5 g. Tápértékkel rendelkező adalékanyagok: A vitamin: 29500 NE, D3 vitamin: 800 NE, Biotin: 3 mg, E1 (Vas): 45 mg, E2 (Jód): 4,5 mg, E4 (Réz): 14 mg, E5 (Mangán): 58 mg, E6 (Cink): 137 mg, E8 (Szelén): 0,1 mg – Technológiai adalékanyagok: Üledékes eredetű klinoptilolit: 5 g – Érzékszervi adalékanyagok: Tea kivonat (polifenol forrás): 150 mg – Tartósítószerek – Antioxidánsok. A kutya testsúlya Alacsony energiaszükséglet Átlagos aktivitás 2 kg 40 g 47 g 3 kg 55 g 64 g 4 kg 68 g 79 g Tovább olvasok"}
{"breadcrumb": "Főoldal/Kutya/Eledelek/Száraz eledelek/Royal Canin Breed Health Nutrition Yorkshire terrier puppy száraz kutyaeledel 1,5kg", "product_name": "Royal Canin Breed Health Nutrition Yorkshire terrier puppy száraz kutyaeledel 1,5kgRoyal Canin Breed Health Nutrition Yorkshire terrier puppy száraz kutyaeledel 1,5kg", "brand": "Royal CaninBreed Health Nutrition1,1kg – 4kgKölyökszárnyasbőr&szőr ápolókistestű 10kg-igYorkshire terrier", "regular_price": "3 799", "selling_price": "3 299", "price_per_unit": "1 kg=3999 Ft", "product_url": "https://webshop.fressnapf.hu/termekek/royal-canin-breed-health-nutriton-kutya-szarazeledel-yorkshire-terrier-junior-15kg/", "product_description": "Teljes értékű táp Yorkshire Terrier fajtájú kölyökkutyáknak – 10 hónapos korig. A 10 hónaposnál fiatalabb kölyökkutyák számára alkalmas ROYAL CANIN® Yorkshire Terrier Puppy táp kifejezetten úgy van összeállítva, hogy a fiatal Yorkshire terrier minden tápanyagigényét kielégítse. Mivel a fiatal Yorkshire terrier immunrendszere fokozatosan fejlődik, a ROYAL CANIN® Yorkshire Terrier Puppy egy szabadalmazott antioxidáns komplexet – benne E-vitamint – tartalmaz, hogy támogassa a kölyökkutya természetes védekező rendszerét e fontos növekedési időszak során. A Yorkshire terrier fajtájú kutyáknak nagyon hosszú, sima és selymes szőrük van, amely állandóan nő. Ezért különösen fontos, hogy a kutyájával etetett táp olyan tápanyagokat tartalmazzon, amelyek hozzájárulnak a szőrzet egészségének fenntartásához. A ROYAL CANIN® Yorkshire Terrier Puppy táp gondosan beállított mennyiségű omega-3 zsírsavakkal (EPA és DHA) és omega-6 zsírsavakkal (borágó olajból), valamint biotinnal van kiegészítve. E nagyon előnyös hatású tápanyagok kombinációja segít egészségesen tartani a kölyökkutya szőrzetét. A ROYAL CANIN® Yorkshire Terrier Puppy táp támogatja az egészséges emésztést is. A táp kitűnően emészthető, kitűnő minőségű fehérjét (L.I.P.) és prebiotikumokat (FOS) is magukban foglaló tápanyagokat tartalmaz, melyek segítenek fenntartani a kölyökkutya bélflórájának egészséges egyensúlyát, ami hozzájárul a bélsár jó minőségéhez. Ezen túlmenően a ROYAL CANIN® Yorkshire Terrier Puppy táp különleges tápszemcséje a kalciummal kelátot képező anyagokat is tartalmaz a kölyökkutya jó szájhigiéniájának megőrzése és a fogkő képződésének és felhalmozódásának lelassítása érdekében. Összetétel: Dehidratált baromfifehérje, rizs, kukoricaliszt, állati zsiradékok, növényi fehérje kivonat*, cukorrépapép, hidrolizált állati fehérjék, ásványi sók, szójaolaj, halolaj, élesztő és annak részei, frukto-oligoszacharidok (0,34 %), élesztő-hidrolizátum (mannán-oligoszacharidok forrása), borágó olaj, élesztő kivonat (béta-glükánok forrása), bársonyvirág kivonat (lutein forrás). *L.I.P.: kitűnően emészthető, válogatott fehérje. Analitikai összetevők: Nyersfehérje: 29,0 % – Nyersolajok és -zsírok: 20,0 % – Nyershamu: 7,7 % -Nyersrost: 1,3 % – Kilogrammonként: EPA/DHA: 3,0 g – Omega-6 zsírsavak: 38 g. Tápértékkel rendelkező adalékanyagok: A vitamin: 29000 NE, D3 vitamin: 800 NE, E vitamin: 590 mg, E1 (Vas): 39 mg, E2 (Jód): 3,9 mg, E4 (Réz): 12 mg, E5 (Mangán): 51 mg, E6 (Cink): 106 mg, E8 (Szelén): 0,08 mg, Biotin: 3 mg – Technológiai adalékanyagok: Üledékes eredetű klinoptilolit: 10 g – Érzékszervi adalékanyagok: Yucca kivonat: 125 mg – Tartósítószerek – Antioxidánsok. Életkor (hónap) Felnőttkori testsúly : 2 kg Felnőttkori testsúly : 3 kg Felnőttkori testsúly : 4 kg – Gramm Gramm Gramm 2 49 g 63 g 78 g 3 54 g 71 g 88 g 4 55 g 75 g 92 g 5 55 g 75 g 93 g 6 48 g 68 g 84 g 7 40 g 61 g 75 g 8 39 g 54 g 67 g 9 39 g 54 g 66 g 10 39 g 53 g 65 g 11 Yorkshire Adult Yorkshire Adult Yorkshire Adult Tovább olvasok"}
{"breadcrumb": "Főoldal/Kutya/Eledelek/Száraz eledelek/Royal Canin Breed Health Nutrition Yorkshire terrier puppy száraz kutyaeledel 500g", "product_name": "Royal Canin Breed Health Nutrition Yorkshire terrier puppy száraz kutyaeledel 500gRoyal Canin Breed Health Nutrition Yorkshire terrier puppy száraz kutyaeledel 500g", "brand": "Royal CaninBreed Health Nutrition401g – 600gKölyökszárnyaskistestű 10kg-igYorkshire terrier", "regular_price": "11 499", "selling_price": "9 999", "price_per_unit": "1 kg=4598 Ft", "product_url": "https://webshop.fressnapf.hu/termekek/royal-canin-breed-health-nutrition-kutya-szarazeledel-yorkshire-terrier-puppy-500g/", "product_description": "Teljes értékű táp Yorkshire Terrier fajtájú kölyökkutyáknak – 10 hónapos korig. A 10 hónaposnál fiatalabb kölyökkutyák számára alkalmas ROYAL CANIN® Yorkshire Terrier Puppy táp kifejezetten úgy van összeállítva, hogy a fiatal Yorkshire terrier minden tápanyagigényét kielégítse. Mivel a fiatal Yorkshire terrier immunrendszere fokozatosan fejlődik, a ROYAL CANIN® Yorkshire Terrier Puppy egy szabadalmazott antioxidáns komplexet – benne E-vitamint – tartalmaz, hogy támogassa a kölyökkutya természetes védekező rendszerét e fontos növekedési időszak során. A Yorkshire terrier fajtájú kutyáknak nagyon hosszú, sima és selymes szőrük van, amely állandóan nő. Ezért különösen fontos, hogy a kutyájával etetett táp olyan tápanyagokat tartalmazzon, amelyek hozzájárulnak a szőrzet egészségének fenntartásához. A ROYAL CANIN® Yorkshire Terrier Puppy táp gondosan beállított mennyiségű omega-3 zsírsavakkal (EPA és DHA) és omega-6 zsírsavakkal (borágó olajból), valamint biotinnal van kiegészítve. E nagyon előnyös hatású tápanyagok kombinációja segít egészségesen tartani a kölyökkutya szőrzetét. A ROYAL CANIN® Yorkshire Terrier Puppy táp támogatja az egészséges emésztést is. A táp kitűnően emészthető, kitűnő minőségű fehérjét (L.I.P.) és prebiotikumokat (FOS) is magukban foglaló tápanyagokat tartalmaz, melyek segítenek fenntartani a kölyökkutya bélflórájának egészséges egyensúlyát, ami hozzájárul a bélsár jó minőségéhez. Ezen túlmenően a ROYAL CANIN® Yorkshire Terrier Puppy táp különleges tápszemcséje a kalciummal kelátot képező anyagokat is tartalmaz a kölyökkutya jó szájhigiéniájának megőrzése és a fogkő képződésének és felhalmozódásának lelassítása érdekében. Összetétel: Dehidratált baromfifehérje, rizs, kukoricaliszt, állati zsiradékok, növényi fehérje kivonat*, cukorrépapép, hidrolizált állati fehérjék, ásványi sók, szójaolaj, halolaj, élesztő és annak részei, frukto-oligoszacharidok (0,34 %), élesztő-hidrolizátum (mannán-oligoszacharidok forrása), borágó olaj, élesztő kivonat (béta-glükánok forrása), bársonyvirág kivonat (lutein forrás). *L.I.P.: kitűnően emészthető, válogatott fehérje. Analitikai összetevők: Nyersfehérje: 29,0 % – Nyersolajok és -zsírok: 20,0 % – Nyershamu: 7,7 % -Nyersrost: 1,3 % – Kilogrammonként: EPA/DHA: 3,0 g – Omega-6 zsírsavak: 38 g. Tápértékkel rendelkező adalékanyagok: A vitamin: 29000 NE, D3 vitamin: 800 NE, E vitamin: 590 mg, E1 (Vas): 39 mg, E2 (Jód): 3,9 mg, E4 (Réz): 12 mg, E5 (Mangán): 51 mg, E6 (Cink): 106 mg, E8 (Szelén): 0,08 mg, Biotin: 3 mg – Technológiai adalékanyagok: Üledékes eredetű klinoptilolit: 10 g – Érzékszervi adalékanyagok: Yucca kivonat: 125 mg – Tartósítószerek – Antioxidánsok. Életkor (hónap) Felnőttkori testsúly : 2 kg Felnőttkori testsúly : 3 kg Felnőttkori testsúly : 4 kg – Gramm Gramm Gramm 2 49 g 63 g 78 g 3 54 g 71 g 88 g 4 55 g 75 g 92 g 5 55 g 75 g 93 g 6 48 g 68 g 84 g 7 40 g 61 g 75 g 8 39 g 54 g 67 g 9 39 g 54 g 66 g 10 39 g 53 g 65 g 11 Yorkshire Adult Yorkshire Adult Yorkshire Adult Tovább olvasok"}
{"breadcrumb": "Főoldal/Kutya/Eledelek/Nedves eledelek/Royal Canin Canine Care Nutrition Digestive Care kutya tasak adult 12x85g", "product_name": "Royal Canin Canine Care Nutrition Digestive Care kutya tasak adult 12x85gRoyal Canin Canine Care Nutrition Digestive Care kutya tasak adult 12x85g", "brand": "Royal CaninCanine Care Nutrition0g – 100gFelnőtthús és állati származékoktasakérzékeny emésztésűközepes testű 11-25kg", "regular_price": "8 994", "selling_price": "8 394", "price_per_unit": "469 Ft", "product_url": "https://webshop.fressnapf.hu/termekek/royal-canin-canine-care-nutrition-kutya-tasak-adult-emesztorendszeri-problemakra-85g/", "product_description": "Teljes értékű kutyaeledel – Felnőtt kutyáknak – 10 hónapos kortól – Emésztőszervi érzékenységre hajlamos kutyáknak. -Pontosan kiegyensúlyozott táplálék-összetétel, amely elősegíti a kiegyensúlyozott bélflórát és elősegíti az optimális székletminőséget. -A rossz minőségű széklet az érzékeny emésztés jele is lehet. Egy kitűnő minőségű tápanyagokat tartalmazó táp a bélkomfort mellett a kutya általános jóllétéhez is hozzájárul. Összetétel: hús és állati származékok, növényi eredetű származékok, gabonafélék, olajok és zsírok, ásványi sók, különféle cukrok. Adalékanyagok (kilogrammonként): Tápértékkel rendelkező adalékanyagok: D3 vitamin: 190 NE, E1 (Vas): 5 mg, E2 (Jód): 0,3 mg, E4 (Réz): 2,4 mg, E5 (Mangán): 1,4 mg, E6 (Cink): 14 mg – Technológiai adalékanyagok: üledékes eredetű klinoptilolit: 2,2 g . Analitikai összetevők: Nyersfehérje: 8,6 % – Nyerszsír: 5,7 % – Nyershamu: 1,9 % – Nyersrost: 1,3 % – Nedvesség: 79 %. Tovább olvasok"}
{"breadcrumb": "Főoldal/Kutya/Eledelek/Nedves eledelek/Royal Canin Canine Care Nutrition Exigent kutya tasak adult 12x85g", "product_name": "Royal Canin Canine Care Nutrition Exigent kutya tasak adult 12x85gRoyal Canin Canine Care Nutrition Exigent kutya tasak adult 12x85g", "brand": "Royal CaninCanine Care Nutrition0g – 100gFelnőtthús és állati származékoktasakválogatósközepes testű 11-25kg", "regular_price": "8 994", "selling_price": "8 394", "price_per_unit": "469 Ft", "product_url": "https://webshop.fressnapf.hu/termekek/royal-canin-canine-care-nutrition-kutya-tasak-adult-exigent-85g/", "product_description": "Teljes értékű kutyaeledel – Felnőtt kutyáknak – 10 hónapos kortól – Válogatós kutyáknak. -A bármely testméretű kutya számára alkalmas Exigent Loaf tele van mindazokkal a tápanyagokkal, melyekre kutyájának az egészséges élethez szüksége van. -Etetések idején a kutya nemcsak a neki felkínált eleség állagát, hanem annak aromáját és falatméretét is megvizsgálja. Összetétel: hús és állati származékok, növényi eredetű származékok, gabonafélék, ásványi sók, különféle cukrok. Adalékanyagok (kilogrammonként): Tápértékkel rendelkező adalékanyagok: D3 vitamin: 170 NE, E1 (Vas): 4 mg, E2 (Jód): 0,3 mg, E4 (Réz): 2,5 mg, E5 (Mangán): 1,2 mg, E6 (Cink): 12 mg. Analitikai összetevők: Nyersfehérje: 8,5 % – Nyerszsír: 5,9 % – Nyershamu: 1,7 % – Nyersrost: 1,3 % – Nedvesség: 79,5. A kutya testsúlya Alutasak 2 kg 2 4 kg 3 + 1/2 10 kg 7 + 1/2 Tovább olvasok"}
{"breadcrumb": "Főoldal/Kutya/Eledelek/Nedves eledelek/Royal Canin Canine Care Nutrition Light kutya tasak 12x85g", "product_name": "Royal Canin Canine Care Nutrition Light kutya tasak 12x85gRoyal Canin Canine Care Nutrition Light kutya tasak 12x85g", "brand": "Royal CaninCanine Care Nutrition0g – 100gFelnőtthús és állati származékoktasakhízásra hajlamosközepes testű 11-25kg", "regular_price": "8 994", "selling_price": "8 394", "price_per_unit": "469 Ft", "product_url": "https://webshop.fressnapf.hu/termekek/royal-canin-canine-care-nutrition-kutya-tasak-light-85g/", "product_description": "Teljes értékű kutyaeledel – Felnőtt kutyáknak – 10 hónapos kortól – Súlygyarapodásra hajlamos kutyáknak. -Ez a különlegesen ízletes, kitűnően emészthető fehérjékben gazdag táp segít biztosítani, hogy a kutya a csökkent zsír- és kalóriafelvétel ellenére megőrizze egészséges izomtömegét. -A túlsúlyos kutyák gyakran szenvednek az extra kilók által az ízületeikre rótt terheléstől. Enyhítsen kutyája terhein a kifejezetten az ideális testsúly megőrzésének elősegítésére tervezett, kitűnő minőségű tápanyagokat tartalmazó táp etetésével! Összetétel: hús és állati származékok, növényi eredetű származékok, gabonafélék, ásványi sók, különféle cukrok. Adalékanyagok (kilogrammonként): Tápértékkel rendelkező adalékanyagok: D3 vitamin: 130 NE, Vas: 6 mg, Jód: 0,3 mg, Réz: 2,7 mg, Mangán: 1,7 mg, Cink: 17 mg – Technológiai adalékanyagok: üledékes eredetű klinoptilolit: 2 g. Analitikai összetevők: Nyersfehérje: 8,7 % – Nyerszsír: 2,3 % – Nyershamu: 1,7 % – Nyersrost: 1,7 % – Nedvesség: 81 %. Tovább olvasok"}
{"breadcrumb": "Főoldal/Kutya/Eledelek/Száraz eledelek/Royal Canin Canine Care Nutrition Medium adult Dermacomfort száraz kutyaeledel 3kg", "product_name": "Royal Canin Canine Care Nutrition Medium adult Dermacomfort száraz kutyaeledel 3kgRoyal Canin Canine Care Nutrition Medium adult Dermacomfort száraz kutyaeledel 3kg", "brand": "Royal CaninCanine Care Nutrition1,1kg – 4kgFelnőttvegyesbőr&szőr ápolóközepes testű 11-25kg", "regular_price": "3 799", "selling_price": "3 299", "price_per_unit": "1 kg=3133 Ft", "product_url": "https://webshop.fressnapf.hu/termekek/royal-canin-canine-care-nutrition-kutya-szarazeledel-medium-adult-dermacomfort-3kg/", "product_description": "Teljes értékű táp – Felnőtt és idősödő kutyáknak, közepes testű fajták számára (11 kg és 25 kg közötti felnőttkori testtömeg) – 12 hónapos kortól – Bőrirritációra és viszketésre hajlamos kutyáknak. A kutya bőre egyaránt reagál a táplálásra, a szezonális és környezeti irritációkra. Az érzékeny, viszketeg bőr miatt a kutya nagyon sokat vakarózik, és közben karmaival felsértheti a bőrét – ami pedig a fertőzés kockázatával jár. A Dermacomfort Care táppal elért eredmények bizonyítottan sikeresek. A Royal Canin által végzett tudományos vizsgálatok bizonyítják, hogy a kutyatulajdonosok 91%-a elégedett volt e termékkel már mindössze 2 hónapos folyamatos használatot követően. A különlegesen ízletes táp Omega-3 és omega-6 zsírsavakat – köztük GLA-t, EPA-t és DHA-t – tartalmaz, hogy segítsen támogatni és táplálni a bőrt, hogy az kevésbé legyen érzékeny a kutya környezetében előforduló irritáló anyagokra. Összetétel: rizs, növényi fehérjekivonat*, búza, állati zsiradékok, kukoricaglutén, hántolt zab, kukorica, ásványi sók, hidrolizált állati fehérjék, szójaolaj, cukorrépapép, halolaj, lenmag, frukto-oligoszacharidok, borágó olaj, bársonyvirág kivonat (lutein forrás). *L.I.P.: kitűnően emészthető, válogatott fehérje. Analitikai összetevők: Nyersfehérje: 24,0 % – Nyersolajok és -zsírok: 17,0 % – Nyershamu: 5,9 % – Nyersrost: 1,4 % – Kilogrammonként: Omega-6 zsírsavak: 34,2 g, gamma-linolénsavat is tartalmaz: 0,3 g – Omega-3 zsírsavak: 11,3 g, EPA/DHA is: 4,1 g. Adalékanyagok (kilogrammonként): Tápértékkel rendelkező adalékanyagok: A vitamin: 29500 NE, D3 vitamin: 800 NE, E1 (Vas): 67 mg, E2 (Jód): 5,5 mg, E4 (Réz): 13 mg, E5 (Mangán): 67 mg, E6 (Cink): 150 mg, E8 (Szelén): 0,17 mg – Tartósítószerek – Antioxidánsok. A kutya testsúlya Alacsony aktivitás Átlagos aktivitás Magas aktivitás 11 kg 144 g (1+3/8 mérőpoharak) 167 g (1+4/8 mérőpoharak) 190 g (1+6/8 mérőpoharak) 15 kg 182 g (1+5/8 mérőpoharak) 211 g (2 mérőpoharak) 239 g (2+2/8 mérőpoharak) 20 kg 226 g (2+1/8 mérőpoharak) 261 g (2+3/8 mérőpoharak) 297 g (2+6/8 mérőpoharak) 25 kg 267 g (2+4/8 mérőpoharak) 309 g (2+7/8 mérőpoharak) 351 g (3+2/8 mérőpoharak) Tovább olvasok"}
{"breadcrumb": "Főoldal/Kutya/Eledelek/Száraz eledelek/Royal Canin Canine Care Nutrition Medium adult Digestive Care száraz kutyaeledel 12kg", "product_name": "Royal Canin Canine Care Nutrition Medium adult Digestive Care száraz kutyaeledel 12kgRoyal Canin Canine Care Nutrition Medium adult Digestive Care száraz kutyaeledel 12kg", "brand": "Royal CaninCanine Care Nutrition10,1 – 12kgFelnőttszárnyasérzékeny emésztésűközepes testű 11-25kg", "regular_price": "9 999", "selling_price": "8 999", "price_per_unit": "1 kg=2258 Ft", "product_url": "https://webshop.fressnapf.hu/termekek/royal-canin-canine-care-nutrition-medium-adult-digestive-care-szaraz-kutyaeledel-12kg/", "product_description": "Teljes értékű táp – Felnőtt és idősödő kutyáknak, közepes testű fajták számára (11 kg és 25kg közötti felnőttkori testtömeg) – 12 hónapos kortól – Emésztőszervi érzékenységre hajlamos kutyáknak. A Digestive Care Medium táppal elért eredmények bizonyítottan sikeresek. A Royal Canin által végzett tudományos vizsgálatok bizonyítják, hogy a táp az esetek akár 91%-ában optimális bélsárminőséget biztosít. A rossz bélsárminőség az érzékeny emésztőrendszer egyik jele lehet. Egy könnyen emészthető táp támogathatja az optimális emésztést, amely hozzájárul a kutya általános egészségének és életminőségének fenntartásához. A táp pontosan kiegyensúlyozott tápanyag-összetételének és a kitűnően emészthető – L.I.P. néven is ismert – fehérjetartalmának köszönhetően segít támogatni a bélflóra egyensúlyát és elősegíti az optimális bélsárminőséget. Ne etessen kutyájával emberi ételeket. Kövesse a csomagoláson szereplő adagolást, alakítson ki és kövessen egy napi etetési ütemtervet. Ha kutyája egészségével kapcsolatban bármilyen kérdése vagy aggálya van, kérjen tanácsot állatorvosától. Összetétel: rizs, dehidratált baromfifehérje, búzaliszt, állati zsiradékok, búza, kukoricaglutén, növényi fehérje kivonat*, árpa, hidrolizált állati fehérjék, cukorrépapép, szójaolaj, ásványi sók, halolaj, növényi rostok, frukto-oligoszacharidok, élesztő-hidrolizátum (mannán-oligoszacharidok forrása), borágó olaj, bársonyvirág kivonat (lutein forrás). Adalékanyagok (kilogrammonként): Tápértékkel rendelkező adalékanyagok: A vitamin: 22000 NE, D3 vitamin: 1000 NE, E1 (Vas): 38 mg, E2 (Jód): 3,8 mg, E4 (Réz): 12 mg, E5 (Mangán): 49 mg, E6 (Cink): 132 mg, E8 (Szelén): 0,06 mg – Technológiai adalékanyagok: Üledékes eredetű klinoptilolit: 10 g – Tartósítószerek – Antioxidánsok. Analitikai összetevők: Nyersfehérje: 25,0 % – Nyersolajok és -zsírok: 18,0 % – Nyershamu: 6,2 % – Nyersrost: 1,8 %. *L.I.P.: kitűnően emészthető, válogatott fehérje. Etetési útmutató: A kutya testsúlya Alacsony aktivitás Átlagos aktivitás Magas aktivitás 26 kg 281 g (3 mérőpoharak) 326 g (3+4/8 mérőpoharak) 370 g (4 mérőpoharak) 32 kg 329 g (3+4/8 mérőpoharak) 381 g (4+1/8 mérőpoharak) 433 g (4+5/8 mérőpoharak) 38 kg 374 g (4 mérőpoharak) 433 g (4+5/8 mérőpoharak) 492 g (5+2/8 mérőpoharak) 44 kg 418 g (4+4/8 mérőpoharak) 484 g (5+1/8 mérőpoharak) 550 g (5+7/8 mérőpoharak) Tovább olvasok"}
{"breadcrumb": "Főoldal/Kutya/Eledelek/Száraz eledelek/Royal Canin Canine Care Nutrition Medium adult Light Weight Care száraz kutyaeledel 12kg", "product_name": "Royal Canin Canine Care Nutrition Medium adult Light Weight Care száraz kutyaeledel 12kgRoyal Canin Canine Care Nutrition Medium adult Light Weight Care száraz kutyaeledel 12kg", "brand": "Royal CaninCanine Care Nutrition10,1 – 12kgFelnőttszárnyassúlycsökkentő diétaközepes testű 11-25kg", "regular_price": "3 699", "selling_price": "3 299", "price_per_unit": "1 kg=2108 Ft", "product_url": "https://webshop.fressnapf.hu/termekek/royal-canin-canine-care-nutrition-medium-adult-light-weight-care-szaraz-kutyaeledel-12kg/", "product_description": "Teljes értékű táp – Felnőtt és idősödő kutyáknak, közepes testű fajták számára (11 kg és 25kg közötti felnőttkori testtömeg) – 12 hónapos kortól – súlygyarapodásra hajlamos kutyáknak. A Light Weight Care Medium táppal elért eredmények bizonyítottan sikeresek. A táp 21%-kal kevesebb zsírt tartalmaz, mint egy normál felnőtt táp (Medium Adult). A táp nagy mennyiségben tartalmaz kitűnően emészthető fehérjéket* (27%) annak biztosítása érdekében, hogy az Ön kutyája a csökkentett zsírtartalom (11%) ellenére is megőrizze izomtömegét. Ez az ízletes és éhségcsillapító táp, az oldható és az oldhatatlan rostok optimális kombinációjával elősegíti a teltségérzetet, míg az omega-3 zsírsavakkal segít támogatni a kutya ízületeit. *L.I.P.: kitűnően emészthető, válogatott fehérje. Összetétel: dehidratált baromfifehérje, növényi rostok, kukorica, búza, árpa, kukoricaglutén, hidrolizált állati fehérjék, kukoricaliszt, állati zsiradékok, rizs, cukorrépapép, porított cellulóz, növényi fehérjekivonat*, élesztő és annak részei, halolaj, ásványi sók, frukto-oligoszacharidok, psyllium (útifű) maghéj és mag, szójaolaj, élesztő-hidrolizátum (mannán-oligoszacharidok forrása), rákféleségekből készült hidrolizátum (glükózamin forrás), bársonyvirág kivonat (lutein forrás), porc hidrolizátum (kondroitin forrás). *L.I.P.: kitűnően emészthető, válogatott fehérje. Analitikai összetevők: Nyersfehérje: 27,0 % – Nyersolajok és -zsírok: 11,0 % – Nyershamu: 4,8 % – Nyersrost: 11,8 %. Adalékanyagok (kilogrammonként): Tápértékkel rendelkező adalékanyagok: A vitamin: 22000 NE, D3 vitamin: 1000 NE, Vas (3b103): 34 mg, Jód (3b201, 3b202): 3,4 mg, Réz (3b405, 3b406): 10 mg, Mangán (3b502, 3b504): 44 mg, Cink (3b603, 3b605, 3b606): 133 mg, Szelén (3b801, 3b811, 3b812): 0,05 mg, L-karnitin: 200 mg – Tartósítószerek – Antioxidánsok. A kutya testsúlya Alacsony aktivitás Átlagos aktivitás Magas aktivitás 11 kg 161 g (2 mérőpoharak) 191 g (2+3/8 mérőpoharak) 221 g (2+6/8 mérőpoharak) 15 kg 203 g (2+4/8 mérőpoharak) 241 g (3 mérőpoharak) 279 g (3+3/8 mérőpoharak) 20 kg 251 g (3+1/8  mérőpoharak) 298 g (3+5/8  mérőpoharak) 346 g (4+2/8 mérőpoharak) 25 kg 297 g (3+5/8  mérőpoharak) 353 g (4+3/8  mérőpoharak) 409 g (5 mérőpoharak) Tovább olvasok"}
{"breadcrumb": "Főoldal/Kutya/Eledelek/Száraz eledelek/Royal Canin Canine Care Nutrition Medium adult Light Weight Care száraz kutyaeledel 3kg", "product_name": "Royal Canin Canine Care Nutrition Medium adult Light Weight Care száraz kutyaeledel 3kgRoyal Canin Canine Care Nutrition Medium adult Light Weight Care száraz kutyaeledel 3kg", "brand": "Royal CaninCanine Care Nutrition1,1kg – 4kgFelnőttszárnyashízásra hajlamosközepes testű 11-25kg", "regular_price": "3 699", "selling_price": "3 499", "price_per_unit": "1 kg=2900 Ft", "product_url": "https://webshop.fressnapf.hu/termekek/royal-canin-canine-care-nutrition-kutya-szarazeledel-medium-adult-light-weight-care-3kg/", "product_description": "Teljes értékű táp – Felnőtt és idősödő kutyáknak, közepes testű fajták számára (11 kg és 25kg közötti felnőttkori testtömeg) – 12 hónapos kortól – súlygyarapodásra hajlamos kutyáknak. A Light Weight Care Medium táppal elért eredmények bizonyítottan sikeresek. A táp 21%-kal kevesebb zsírt tartalmaz, mint egy normál felnőtt táp (Medium Adult). A táp nagy mennyiségben tartalmaz kitűnően emészthető fehérjéket* (27%) annak biztosítása érdekében, hogy az Ön kutyája a csökkentett zsírtartalom (11%) ellenére is megőrizze izomtömegét. Ez az ízletes és éhségcsillapító táp, az oldható és az oldhatatlan rostok optimális kombinációjával elősegíti a teltségérzetet, míg az omega-3 zsírsavakkal segít támogatni a kutya ízületeit. *L.I.P.: kitűnően emészthető, válogatott fehérje. Összetétel: dehidratált baromfifehérje, növényi rostok, kukorica, búza, árpa, kukoricaglutén, hidrolizált állati fehérjék, kukoricaliszt, állati zsiradékok, rizs, cukorrépapép, porított cellulóz, növényi fehérjekivonat*, élesztő és annak részei, halolaj, ásványi sók, frukto-oligoszacharidok, psyllium (útifű) maghéj és mag, szójaolaj, élesztő-hidrolizátum (mannán-oligoszacharidok forrása), rákféleségekből készült hidrolizátum (glükózamin forrás), bársonyvirág kivonat (lutein forrás), porc hidrolizátum (kondroitin forrás). *L.I.P.: kitűnően emészthető, válogatott fehérje. Analitikai összetevők: Nyersfehérje: 27,0 % – Nyersolajok és -zsírok: 11,0 % – Nyershamu: 4,8 % – Nyersrost: 11,8 %. Adalékanyagok (kilogrammonként): Tápértékkel rendelkező adalékanyagok: A vitamin: 22000 NE, D3 vitamin: 1000 NE, Vas (3b103): 34 mg, Jód (3b201, 3b202): 3,4 mg, Réz (3b405, 3b406): 10 mg, Mangán (3b502, 3b504): 44 mg, Cink (3b603, 3b605, 3b606): 133 mg, Szelén (3b801, 3b811, 3b812): 0,05 mg, L-karnitin: 200 mg – Tartósítószerek – Antioxidánsok. A kutya testsúlya Alacsony aktivitás Átlagos aktivitás Magas aktivitás 11 kg 161 g (2 mérőpoharak) 191 g (2+3/8 mérőpoharak) 221 g (2+6/8 mérőpoharak) 15 kg 203 g (2+4/8 mérőpoharak) 241 g (3 mérőpoharak) 279 g (3+3/8 mérőpoharak) 20 kg 251 g (3+1/8  mérőpoharak) 298 g (3+5/8  mérőpoharak) 346 g (4+2/8 mérőpoharak) 25 kg 297 g (3+5/8  mérőpoharak) 353 g (4+3/8  mérőpoharak) 409 g (5 mérőpoharak) Tovább olvasok"}
{"breadcrumb": "Főoldal/Kutya/Eledelek/Száraz eledelek/Royal Canin Canine Care Nutrition Medium adult Sterilised száraz kutyaeledel 3kg", "product_name": "Royal Canin Canine Care Nutrition Medium adult Sterilised száraz kutyaeledel 3kgRoyal Canin Canine Care Nutrition Medium adult Sterilised száraz kutyaeledel 3kg", "brand": "Royal CaninCanine Care Nutrition1,1kg – 4kgFelnőttszárnyasivartalanítottközepes testű 11-25kg", "regular_price": "3 799", "selling_price": "3 299", "price_per_unit": "1 kg=3133 Ft", "product_url": "https://webshop.fressnapf.hu/termekek/royal-canin-canine-care-nutrition-kutya-szarazeledel-medium-adult-steril-3kg/", "product_description": "Teljes értékű táp – Felnőtt és idősödő ivartalanított kutyáknak, kistestű fajták számára (11 kg és 25 kg közötti vagy felnőttkori testtömeg) – 12 hónapos kortól – súlygyarapodásra hajlamos ivartalanított kutyáknak. A Sterilised Care Medium táppal elért eredmények bizonyítottan sikeresek. A táp 10%-kal alacsonyabb kalóriatartalmú mint a normál felnőtt táp (Medium Adult). Kitűnően emészthető fehérjék* (28%) és mérsékelt zsírbevitel (13%) kombinációjával ez az ízletes táp segít fenntartani a kutya ideális testsúllyát. A kistestű ivartalanított kutyáknak kifejlesztett táp L-karitinnel és rostokkal gazdagított, így az Ön kutyája a megszokott adagját fogyaszthatja, csökentett kalóriabevitel mellett. *L.I.P.: kitűnően emészthető, válogatott fehérje. Összetétel: kukorica, dehidratált baromfifehérje, búza, növényi rostok, hidrolizált állati fehérjék, állati zsiradékok, kukoricaglutén, növényi fehérjekivonat*, cukorrépapép, élesztő és annak részei, halolaj, szójaolaj, ásványi sók, Psyllium maghéj és mag, frukto-oligoszacharidok, élesztő-hidrolizátum (mannán-oligoszacharidok forrása), borágó olaj, bársonyvirág kivonat (lutein forrás). *L.I.P.: kitűnően emészthető, válogatott fehérje. Analitikai összetevők: Nyersfehérje: 28,0 % – Nyersolajok és -zsírok: 13,0 % – Nyershamu: 4,9 % – Nyersrost: 6,4 %. Adalékanyagok (kilogrammonként): Tápértékkel rendelkező adalékanyagok: A vitamin: 21000 NE, D3 vitamin: 1000 NE, E1 (Vas): 37 mg, E2 (Jód): 3,7 mg, E4 (Réz): 11 mg, E5 (Mangán): 48 mg, E6 (Cink): 135 mg, E8 (Szelén): 0,06 mg, L-karnitin: 200 mg – Technológiai adalékanyagok: Üledékes eredetű klinoptilolit: 5 g – Tartósítószerek – Antioxidánsok. A kutya testsúlya 11 kg – 15 kg – 20 kg – 25 kg – – (g) Mérőpoharak (g) Mérőpoharak (g) Mérőpoharak (g) Mérőpoharak Lakásban – aktivitás nélkül 140 g 1+5/8 177 g 2 219 g 2+4/8 259 g 3 Átlagos aktivitás 166 g 1+7/8 210 g 2+3/8 260 g 3 308 g 3+5/8 Magas aktivitás 193 g 2+2/8 243 g 2+7/8 301 g 3+4/8 356 g 4+1/8 Tovább olvasok"}
{"breadcrumb": "Főoldal/Kutya/Eledelek/Száraz eledelek/Royal Canin Canine Care Nutrition Mini adult Dermacomfort száraz kutyaeledel 1kg", "product_name": "Royal Canin Canine Care Nutrition Mini adult Dermacomfort száraz kutyaeledel 1kgRoyal Canin Canine Care Nutrition Mini adult Dermacomfort száraz kutyaeledel 1kg", "brand": "Royal CaninCanine Care Nutrition801g – 1kgFelnőttvegyesbőr&szőr ápolókistestű 10kg-ig", "regular_price": "3 799", "selling_price": "3 299", "price_per_unit": "1 kg=4099 Ft", "product_url": "https://webshop.fressnapf.hu/termekek/royal-canin-canine-care-nutrition-mini-adult-dermacomfort-szaraz-kutyaeledel-1kg/", "product_description": "Teljes értékű táp – Felnőtt és idősödő kutyáknak, kistestű fajták számára (10 kg vagy alatti felnőttkori testtömeg) – 10 hónapos kortól – Bőrirritációra és viszketésre hajlamos kutyáknak. A Dermacomfort Care Mini táppal elért eredmények bizonyítottan sikeresek. A Royal Canin által végzett tudományos vizsgálatok bizonyítják, hogy a kutyatulajdonosok 91%-a elégedett volt e termékkel már mindössze 2 hónapos folyamatos használatot követően. A kutya bőre egyaránt reagál a táplálásra, a szezonális és környezeti irritációkra. Az érzékeny, viszketeg bőr miatt a kutya nagyon sokat vakarózik, és közben karmaival felsértheti a bőrét – ami pedig a fertőzés kockázatával jár. A különlegesen ízletes táp Omega-3 és omega-6 zsírsavakat – köztük GLA-t, EPA-t és DHA-t – tartalmaz, hogy segítsen támogatni és táplálni a bőrt, hogy az kevésbé legyen érzékeny a kutya környezetében előforduló irritáló anyagokra. Összetétel: rizs, növényi fehérje kivonat*, búza, állati zsiradékok, kukoricaglutén, hántolt zab, kukorica, hidrolizált állati fehérjék, ásványi sók, szójaolaj, cukorrépapép, halolaj, lenmag, frukto-oligoszacharidok, palmitin- és sztearinsavak citromsavval észterezett mono- és digliceridjei, borágó olaj, bársonyvirág kivonat (lutein forrás). Adalékanyagok (kilogrammonként): Tápértékkel rendelkező adalékanyagok: A vitamin: 29000 NE, D3 vitamin: 800 NE, E1 (Vas): 67 mg, E2 (Jód): 5,4 mg, E4 (Réz): 13 mg, E5 (Mangán): 66 mg, E6 (Cink): 146 mg, E8 (Szelén): 0,17 mg – Tartósítószerek – Antioxidánsok. Analitikai összetevők: Nyersfehérje: 25,5 % – Nyersolajok és -zsírok: 17,0 % – Nyershamu: 5,3 % – Nyersrost: 1,4 % – Kilogrammonként: Omega-6 zsírsavak: 35,2 g gamma-linolénsavat is tartalmaz: 0,3 g – Omega-3 zsírsavak: 11,3 g, EPA/DHA is: 4,0 g. *L.I.P.: kitűnően emészthető, válogatott fehérje. A kutya testsúlya Átlagos aktivitás Átlagos aktivitás Magas aktivitás 1 kg 24 g (2/8 mérőpohár) 27 g (2/8 mérőpohár) 31 g (2/8 mérőpohár) 3 kg 54 g (4/8 mérőpohár) 63 g (5/8 mérőpohár) 71 g (5/8 mérőpohár) 6 kg 91 g (7/8 mérőpohár) 105 g (1 mérőpohár) 120 g (1+1/8 mérőpohár) 10 kg 133 g (1+2/8 mérőpohár) 154 g (1+3/8 mérőpohár) 175 g (1+5/8 mérőpohár) Tovább olvasok"}
{"breadcrumb": "Főoldal/Kutya/Eledelek/Száraz eledelek/Royal Canin Canine Care Nutrition Mini adult Digestive Care száraz kutyaeledel 1kg", "product_name": "Royal Canin Canine Care Nutrition Mini adult Digestive Care száraz kutyaeledel 1kgRoyal Canin Canine Care Nutrition Mini adult Digestive Care száraz kutyaeledel 1kg", "brand": "Royal CaninCanine Care Nutrition801g – 1kgFelnőttszárnyasérzékeny emésztésűkistestű 10kg-ig", "regular_price": "9 999", "selling_price": "8 999", "price_per_unit": "1 kg=3799 Ft", "product_url": "https://webshop.fressnapf.hu/termekek/royal-canin-canine-care-nutrition-mini-adult-digestive-care-szaraz-kutyaeledel-1kg/", "product_description": "Teljes értékű táp – Felnőtt és idősödő kutyáknak, kistestű fajták számára (10 kg vagy alatti felnőttkori testtömeg) – 10 hónapos kortól – Emésztőszervi érzékenységre hajlamos kutyáknak. A Digestive Care Mini táppal elért eredmények bizonyítottan sikeresek. A Royal Canin által végzett tudományos vizsgálatok bizonyítják, hogy a táp az esetek akár 92%-ában optimális bélsárminőséget biztosít. A táp pontosan kiegyensúlyozott tápanyag-összetételének és a kitűnően emészthető – L.I.P. néven is ismert – fehérjetartalmának köszönhetően segít támogatni a bélflóra egyensúlyát és elősegíti az optimális bélsárminőséget. Ne etessen kutyájával emberi ételeket. Kövesse a csomagoláson szereplő adagolást, alakítson ki és kövessen egy napi etetési ütemtervet. Ha kutyája egészségével kapcsolatban bármilyen kérdése vagy aggálya van, kérjen tanácsot állatorvosától. A rossz bélsárminőség az érzékeny emésztőrendszer egyik jele lehet. Egy könnyen emészthető táp támogathatja az optimális emésztést, amely hozzájárul a kutya általános egészségének és életminőségének fenntartásához. Összetétel: dehidratált baromfifehérje, rizs, állati zsiradékok, hidrolizált állati fehérjék, növényi fehérje kivonat*, búzaliszt, búza, árpa, kukoricaglutén, cukorrépapép, élesztő és annak részei, halolaj, szójaolaj, növényi rostok, ásványi sók, frukto-oligoszacharidok, bársonyvirág kivonat (lutein forrás). Adalékanyagok (kilogrammonként): Tápértékkel rendelkező adalékanyagok: A vitamin: 30500 NE, D3 vitamin: 800 NE, E1 (Vas): 37 mg, E2 (Jód): 3,7 mg, E4 (Réz): 11 mg, E5 (Mangán): 48 mg, E6 (Cink): 135 mg, E8 (Szelén): 0,08 mg – Technológiai adalékanyagok: Üledékes eredetű klinoptilolit: 10 g – Tartósítószerek – Antioxidánsok. Analitikai összetevők: Nyersfehérje: 30,0 % – Nyersolajok és -zsírok: 22,0 % – Nyershamu: 6,1 % – Nyersrost: 1,8 %. *L.I.P.: kitűnően emészthető, válogatott fehérje. A kutya testsúlya Alacsony aktivitás Átlagos aktivitás Magas aktivitás 1 kg 22 g (1/8 mérőpohár) 26 g (2/8 mérőpohár) 29 g (2/8 mérőpohár) 3 kg 51 g (3/8 mérőpohár) 59 g (4/8 mérőpohár) 267 g (4/8 mérőpohár) 6 kg 86 g (6/8 mérőpohár) 99 g (7/8 mérőpohár) 113 g (1 mérőpohár) 10 kg 125 g (1 mérőpohár) 145 g (1+2/8 mérőpoharak) 165 g (1+3/8 mérőpoharak) Tovább olvasok"}
{"breadcrumb": "Főoldal/Kutya/Eledelek/Száraz eledelek/Royal Canin Canine Care Nutrition Mini adult Digestive Care száraz kutyaeledel 3kg", "product_name": "Royal Canin Canine Care Nutrition Mini adult Digestive Care száraz kutyaeledel 3kgRoyal Canin Canine Care Nutrition Mini adult Digestive Care száraz kutyaeledel 3kg", "brand": "Royal CaninCanine Care Nutrition1,1kg – 4kgFelnőttszárnyasérzékeny emésztésűkistestű 10kg-ig", "regular_price": "9 999", "selling_price": "8 999", "price_per_unit": "1 kg=3166 Ft", "product_url": "https://webshop.fressnapf.hu/termekek/royal-canin-canine-care-nutrition-kutya-szarazeledel-mini-adult-digestive-care-3kg/", "product_description": "Teljes értékű táp – Felnőtt és idősödő kutyáknak, kistestű fajták számára (10 kg vagy alatti felnőttkori testtömeg) – 10 hónapos kortól – Emésztőszervi érzékenységre hajlamos kutyáknak. A Digestive Care Mini táppal elért eredmények bizonyítottan sikeresek. A Royal Canin által végzett tudományos vizsgálatok bizonyítják, hogy a táp az esetek akár 92%-ában optimális bélsárminőséget biztosít. A táp pontosan kiegyensúlyozott tápanyag-összetételének és a kitűnően emészthető – L.I.P. néven is ismert – fehérjetartalmának köszönhetően segít támogatni a bélflóra egyensúlyát és elősegíti az optimális bélsárminőséget. Összetétel: dehidratált baromfifehérje, rizs, állati zsiradékok, hidrolizált állati fehérjék, növényi fehérjekivonat*, búzaliszt, búza, árpa, kukoricaglutén, cukorrépapép, élesztő és annak részei, halolaj, szójaolaj, növényi rostok, ásványi sók, frukto-oligoszacharidok, bársonyvirág kivonat (lutein forrás). *L.I.P.: kitűnően emészthető, válogatott fehérje. Analitikai összetevők: Nyersfehérje: 30,0 % – Nyersolajok és -zsírok: 22,0 % – Nyershamu: 6,1 % – Nyersrost: 1,8 %. Adalékanyagok (kilogrammonként): Tápértékkel rendelkező adalékanyagok: A vitamin: 30500 NE, D3 vitamin: 800 NE, E1 (Vas): 37 mg, E2 (Jód): 3,7 mg, E4 (Réz): 11 mg, E5 (Mangán): 48 mg, E6 (Cink): 135 mg, E8 (Szelén): 0,08 mg – Technológiai adalékanyagok: Üledékes eredetű klinoptilolit: 10 g – Tartósítószerek – Antioxidánsok. Tovább olvasok"}
{"breadcrumb": "Főoldal/Kutya/Eledelek/Száraz eledelek/Royal Canin Canine Care Nutrition Mini adult Exigent száraz kutyaeledel 1kg", "product_name": "Royal Canin Canine Care Nutrition Mini adult Exigent száraz kutyaeledel 1kgRoyal Canin Canine Care Nutrition Mini adult Exigent száraz kutyaeledel 1kg", "brand": "Royal CaninCanine Care Nutrition801g – 1kgFelnőtthús és állati származékokválogatóskistestű 10kg-ig", "regular_price": "3 499", "selling_price": "2 999", "price_per_unit": "1 kg=4099 Ft", "product_url": "https://webshop.fressnapf.hu/termekek/royal-canin-canine-care-nutrition-kutya-szarazeledel-mini-exigent-1kg/", "product_description": "Teljes értékű táp felnőtt és idősödő kutyáknak, kistestű fajták számára (10 kg vagy alatti felnőttkori testtömeg) – 10 hónapos kortól – válogatós kutyáknak. Bizonyítottan sikeres eredményeket ad: A Royal Canin által végzett tudományos vizsgálatok során a kutyák akár 99%-a is előnyben részesítette ezt a tápot. Az Exigent Mini tele van mindazokkal a tápanyagokkal, és kitűnő minőségű fehérjékkel, melyekre a kistestű kutyáknak szüksége van. A Exigent Mini táp párna alakú tápszemcséje, izgalmasan ropogós állagú és ízletes tápanyagok pástétomával töltött, illeszkedik a miniatűr állkapocshoz. A tápszemcsék ropogós külső részét ízletes, zsíros bevonat fedi, míg a pástétom formájú töltet egyszerre bőséges és ízletes, amelynek az Ön kutyája sem lesz képes ellenállni. Összetétel: dehidratált baromfifehérje, állati zsiradékok, rizs, növényi fehérjekivonat*, előfőzött búzaliszt, kukoricaliszt, hidrolizált állati fehérjék, növényi rostok, cukorrépapép, ásványi sók, halolaj, frukto-oligoszacharidok, borágó olaj, bársonyvirág kivonat (lutein forrás). *L.I.P.: kitűnően emészthető, válogatott fehérje. Analitikai összetevők: Nyersfehérje: 30 % – Nyersolajok és -zsírok: 22 % – Nyershamu: 4,8 % – Nyersrost: 2,6 %. Adalékanyagok (kilogrammonként): Tápértékkel rendelkező adalékanyagok: A vitamin: 29500 NE, D3 vitamin: 800 NE, E1 (Vas): 38 mg, E2 (Jód): 3,9 mg, E4 (Réz): 12 mg, E5 (Mangán): 50 mg, E6 (Cink): 133 mg, E8 (Szelén): 0,08 mg – Tartósítószerek – Antioxidánsok. A kutya testsúlya Alacsony aktivitás Átlagos aktivitás Magas aktivitás 1 kg 22 g (2/8 mérőpohár) 26 g (2/8 mérőpohár) 29 g (2/8 mérőpohár) 3 kg 51 g (4/8 mérőpohár) 59 g (4/8 mérőpohár) 67 g (5/8 mérőpohár) 6 kg 86 g (7/8 mérőpohár) 99 g (1 mérőpohár) 113 g (1+1/8 mérőpoharak) 10 kg 126g (1+2/8 mérőpoharak) 146 g (1+3/8 mérőpoharak) 166 g (1+5/8 mérőpoharak) Tovább olvasok"}
{"breadcrumb": "Főoldal/Kutya/Eledelek/Száraz eledelek/Royal Canin Canine Care Nutrition Mini adult Exigent száraz kutyaeledel 3kg", "product_name": "Royal Canin Canine Care Nutrition Mini adult Exigent száraz kutyaeledel 3kgRoyal Canin Canine Care Nutrition Mini adult Exigent száraz kutyaeledel 3kg", "brand": "Royal CaninCanine Care Nutrition1,1kg – 4kgFelnőttszárnyasválogatóskistestű 10kg-ig", "regular_price": "9 999", "selling_price": "8 999", "price_per_unit": "1 kg=3066 Ft", "product_url": "https://webshop.fressnapf.hu/termekek/royal-canin-canine-care-nutrition-kutya-szarazeledel-mini-adult-exigent-3kg/", "product_description": "Teljes értékű táp felnőtt és idősödő kutyáknak, kistestű fajták számára (10 kg vagy alatti felnőttkori testtömeg) – 10 hónapos kortól – válogatós kutyáknak. Bizonyítottan sikeres eredményeket ad: A Royal Canin által végzett tudományos vizsgálatok során a kutyák akár 99%-a is előnyben részesítette ezt a tápot. Az Exigent Mini tele van mindazokkal a tápanyagokkal, és kitűnő minőségű fehérjékkel, melyekre a kistestű kutyáknak szüksége van. A Exigent Mini táp párna alakú tápszemcséje, izgalmasan ropogós állagú és ízletes tápanyagok pástétomával töltött, illeszkedik a miniatűr állkapocshoz. A tápszemcsék ropogós külső részét ízletes, zsíros bevonat fedi, míg a pástétom formájú töltet egyszerre bőséges és ízletes, amelynek az Ön kutyája sem lesz képes ellenállni. Összetétel: dehidratált baromfifehérje, állati zsiradékok, rizs, növényi fehérjekivonat*, előfőzött búzaliszt, kukoricaliszt, hidrolizált állati fehérjék, növényi rostok, cukorrépapép, ásványi sók, halolaj, frukto-oligoszacharidok, borágó olaj, bársonyvirág kivonat (lutein forrás). *L.I.P.: kitűnően emészthető, válogatott fehérje. Analitikai összetevők: Nyersfehérje: 30 % – Nyersolajok és -zsírok: 22 % – Nyershamu: 4,8 % – Nyersrost: 2,6 %. Adalékanyagok (kilogrammonként): Tápértékkel rendelkező adalékanyagok: A vitamin: 29500 NE, D3 vitamin: 800 NE, E1 (Vas): 38 mg, E2 (Jód): 3,9 mg, E4 (Réz): 12 mg, E5 (Mangán): 50 mg, E6 (Cink): 133 mg, E8 (Szelén): 0,08 mg – Tartósítószerek – Antioxidánsok. A kutya testsúlya Alacsony aktivitás Átlagos aktivitás Magas aktivitás 1 kg 22 g (2/8 mérőpohár) 26 g (2/8 mérőpohár) 29 g (2/8 mérőpohár) 3 kg 51 g (4/8 mérőpohár) 59 g (4/8 mérőpohár) 67 g (5/8 mérőpohár) 6 kg 86 g (7/8 mérőpohár) 99 g (1 mérőpohár) 113 g (1+1/8 mérőpoharak) 10 kg 126g (1+2/8 mérőpoharak) 146 g (1+3/8 mérőpoharak) 166 g (1+5/8 mérőpoharak) Tovább olvasok"}
{"breadcrumb": "Főoldal/Kutya/Eledelek/Száraz eledelek/Royal Canin Canine Care Nutrition Mini adult Sterilised száraz kutyaeledel 1kg", "product_name": "Royal Canin Canine Care Nutrition Mini adult Sterilised száraz kutyaeledel 1kgRoyal Canin Canine Care Nutrition Mini adult Sterilised száraz kutyaeledel 1kg", "brand": "Royal CaninCanine Care Nutrition801g – 1kgFelnőttszárnyasivartalanítottkistestű 10kg-ig", "regular_price": "3 799", "selling_price": "3 299", "price_per_unit": "1 kg=3799 Ft", "product_url": "https://webshop.fressnapf.hu/termekek/royal-canin-canine-care-nutrition-mini-adult-sterilised-szaraz-kutyaeledel-1kg/", "product_description": "Teljes értékű táp – Felnőtt és idősödő ivartalanított kutyáknak, kistestű fajták számára (10 kg vagy alatti felnőttkori testtömeg) – 10 hónapos kortól – súlygyarapodásra hajlamos ivartalanított kutyáknak. A Sterilised Care Mini táppal elért eredmények bizonyítottan sikeresek. A táp 14%-kal alacsonyabb kalóriatartalmú mint a normál felnőtt táp. (Mini Adult). Kitűnően emészthető fehérjék* (30%) és mérsékelt zsírbevitel (13%) kombinációjával, ez az ízletes táp segít fenntartani a kutya ideális testsúlyát. A kistestű ivartalanított kutyáknak kifejlesztett táp L-karitinnel és rostokkal gazdagított, így az Ön kutyája a megszokott adagját fogyaszthatja, csökkentett kalóriabevitel mellett. *L.I.P.: kitűnően emészthető, válogatott fehérje. Összetétel: kukorica, dehidratált baromfifehérje, búza, hidrolizált állati fehérjék, kukoricaglutén, növényi rostok, növényi fehérje kivonat*, állati zsiradékok, cukorrépapép, élesztő és annak részei, halolaj, szójaolaj, Psyllium maghéj és mag, frukto-oligoszacharidok, ásványi sók, borágó olaj, bársonyvirág kivonat (lutein forrás). Adalékanyagok (kilogrammonként): Tápértékkel rendelkező adalékanyagok: A vitamin: 22000 NE, D3 vitamin: 1000 NE, E1 (Vas): 40 mg, E2 (Jód): 4 mg, E4 (Réz): 12 mg, E5 (Mangán): 52 mg, E6 (Cink): 156 mg, E8 (Szelén): 0,07 mg, L-karnitin: 200 mg – Technológiai adalékanyagok: Üledékes eredetű klinoptilolit: 5 g – Tartósítószerek – Antioxidánsok. Analitikai összetevők: Nyersfehérje: 30,0 % – Nyersolajok és -zsírok: 13,0 % – Nyershamu: 5,4 % – Nyersrost: 6,6 %. *L.I.P.: kitűnően emészthető, válogatott fehérje. A kutya testsúlya 1 kg 3 kg 6 kg 10 kg – Gramm Gramm Gramm Gramm Lakásban – aktivitás nélkül 23 g 53 g 89 g 131 g Átlagos aktivitás 28 g 63 g 106 g 155 g Magas aktivitás 32 g 73 g 123 g 180 g Tovább olvasok"}
{"breadcrumb": "Főoldal/Kutya/Eledelek/Száraz eledelek/Royal Canin Canine Care Nutrition Mini adult Urinary száraz kutyaeledel 1kg", "product_name": "Royal Canin Canine Care Nutrition Mini adult Urinary száraz kutyaeledel 1kgRoyal Canin Canine Care Nutrition Mini adult Urinary száraz kutyaeledel 1kg", "brand": "Royal CaninCanine Care Nutrition801g – 1kgFelnőttszárnyasvesekímélőkistestű 10kg-ig", "regular_price": "3 799", "selling_price": "3 299", "price_per_unit": "1 kg=3799 Ft", "product_url": "https://webshop.fressnapf.hu/termekek/royal-canin-canine-care-nutrition-mini-adult-urinary-szaraz-kutyaeledel-1kg/", "product_description": "Teljes értékű táp felnőtt és idősödő kutyáknak, kistestű fajták számára (10 kg vagy alatti felnőttkori testtömeg) – 10 hónapos kortól – húgyúti érzékenységekre hajlamos kutyáknak. A Urinary Care Mini táppal elért eredmények bizonyítottan sikeresek. A Royal Canin által végzett tudományos vizsgálatok bizonyítják, hogy ez a táp 21%-os vizelethígulást eredményezett, összehasonlítva egy normál felnőtt táppal. (Mini Adult). A kistestű kutyák jellemzően nem isznak elég vizet, ami a vizelet besűrűsödését eredményezheti. Ilyenkor a vizeletben lévő ásványi anyagokból kristályok képződhetnek, ami végül fájdalmat okozó húgykövek keletkezéséhez vezet. A kutya táplálásának módosítása segíthet megvédeni a húgyrendszert és csökkenteni a kőképződést. Ez a tökéletesített összetételű táp bizonyítottan hígan tartja a vizeletet és elősegíti annak kiegyensúlyozott ásványianyag-tartalmát. Ez a teljes értékű táp hosszú időn át is etethető a húgykövek képződéséhez kevésbé kedvező vizeletkörnyezet kialakítása érdekében. Összetétel: kukoricaliszt, dehidratált baromfifehérje, állati zsiradékok, rizs, hidrolizált állati fehérjék, növényi fehérje kivonat*, búza, kukorica, kukoricaglutén, cikória pép, ásványi sók, tojáspor, növényi rostok, porított cellulóz, bársonyvirág kivonat (lutein forrás). Adalékanyagok (kilogrammonként): Tápértékkel rendelkező adalékanyagok: A vitamin: 15500 NE, D3 vitamin: 1000 NE, E1 (Vas): 54 mg, E2 (Jód): 4,8 mg, E4 (Réz): 13 mg, E5 (Mangán): 60 mg, E6 (Cink): 137 mg, E8 (Szelén): 0,09 mg – Tartósítószerek – Antioxidánsok. Analitikai összetevők: Nyersfehérje: 27,0 % – Nyersolajok és -zsírok: 16,0 % – Nyershamu: 7,0 % – Nyersrost: 2,5 %. *L.I.P.: kitűnően emészthető, válogatott fehérje. A kutya testsúlya 1 kg 3 kg 6 kg 10 kg – Gramm Gramm Gramm Gramm Lakásban – aktivitás nélkül 23 g 53 g 89 g 131 g Átlagos aktivitás 28 g 63 g 106 g 155 g Magas aktivitás 32 g 73 g 123 g 180 g Tovább olvasok"}
{"breadcrumb": "Főoldal/Kutya/Eledelek/Száraz eledelek/Royal Canin Canine Care Nutrition Mini Sterilised száraz kutyaeledel 3kg", "product_name": "Royal Canin Canine Care Nutrition Mini Sterilised száraz kutyaeledel 3kgRoyal Canin Canine Care Nutrition Mini Sterilised száraz kutyaeledel 3kg", "brand": "Royal CaninCanine Care Nutrition1,1kg – 4kgFelnőtthús és állati származékokivartalanítottkistestű 10kg-ig", "regular_price": "11 499", "selling_price": "9 999", "price_per_unit": "1 kg=3050 Ft", "product_url": "https://webshop.fressnapf.hu/termekek/royal-canin-canine-care-nutrition-kutya-szarazeledel-mini-steril-3kg/", "product_description": "Teljes értékű táp – Felnőtt és idősödő ivartalanított kutyáknak, kistestű fajták számára (10 kg vagy alatti felnőttkori testtömeg) – 10 hónapos kortól – súlygyarapodásra hajlamos ivartalanított kutyáknak. A legfeljebb 10 kg testsúlyú, ivartalanított felnőtt kutyák számára kifejlesztett ROYAL CANIN® Sterilisedised Mini csillapítja a kutya éhségérzetét és gondosan beállított összetételű, kitűnő minőségű tápanyagai segítenek jó formában és aktívan tartani a kutyát. A ROYAL CANIN® Sterilisedised Mini a rostok optimális kombinációját tartalmazza a rendszeres és egészséges bélpasszázs biztosítása érdekében. Ezen túlmenően elősegíti a teltségérzet kialakulását és segít elkerülni a kéregetést. Ez a formula szándékosan kisebb zsírtartalmú, hogy segítsen megakadályozni a plusz kilókkal járó egészségügyi komplikációkat – végső soron biztosítja, hogy a kutya könnyű testsúlyú maradjon. Mi több, a ROYAL CANIN® Sterilisedised Mini a rostok optimális kombinációját tartalmazza, ami elősegíti a teltségérzet kialakulását és biztosítja a rendszeres, egészséges bélpasszázst és a jobb emésztést. Nem csak mi mondjuk, hanem tudományosan is bizonyított, hogy a ROYAL CANIN® Sterilisedised Mini 14%-kal alacsonyabb kalóriatartalmú, mint a normál felnőtt táp. Ez azt jelenti, hogy a ROYAL CANIN® Sterilisedised Mini etetésével elért eredmények bizonyítottan sikeresek. Összetétel: Kukorica, dehidratált baromfifehérje, búza, hidrolizált állati fehérjék, kukoricaglutén, növényi rostok, növényi fehérje kivonat*, állati zsiradékok, cukorrépapép, élesztő és annak részei, halolaj, szójaolaj, Psyllium maghéj és mag, frukto-oligoszacharidok, ásványi sók, borágó olaj, bársonyvirág kivonat (lutein forrás). *L.I.P.: kitűnően emészthető, válogatott fehérje. Analitikai összetevők: Nyersfehérje: 30,0 % – Nyersolajok és -zsírok: 13,0 % – Nyershamu: 5,4 % – Nyersrost: 6,6 %. Tápértékkel rendelkező adalékanyagok: A vitamin: 22000 NE, D3 vitamin: 1000 NE, E1 (Vas): 40 mg, E2 (Jód): 4 mg, E4 (Réz): 12 mg, E5 (Mangán): 52 mg, E6 (Cink): 156 mg, E8 (Szelén): 0,07 mg, L- karnitin: 200 mg – Technológiai adalékanyagok: Üledékes eredetű klinoptilolit: 5 g – Tartósítószerek – Antioxidánsok. A kutya testsúlya 1 kg 3 kg 6 kg 10 kg – Gramm Gramm Gramm Gramm Lakásban – aktivitás nélkül 23 g 53 g 89 g 131 g Átlagos aktivitás 28 g 63 g 106 g 155 g Magas aktivitás 32 g 73 g 123 g 180 g Tovább olvasok"}
{"breadcrumb": "Főoldal/Kutya/Eledelek/Nedves eledelek/Royal Canin Care Nutrition kutya tasak Steril 12x85g", "product_name": "Royal Canin Care Nutrition kutya tasak Steril 12x85gRoyal Canin Care Nutrition kutya tasak Steril 12x85g", "brand": "Royal CaninCanine Care Nutrition0g – 100gFelnőtthús és állati származékoktasakivartalanítottközepes testű 11-25kg", "regular_price": "5 094", "selling_price": "4 794", "price_per_unit": "469 Ft", "product_url": "https://webshop.fressnapf.hu/termekek/royal-canin-canine-care-nutrition-kutya-tasak-steril-85g/", "product_description": "Teljes értékű kutyaeledel – Ivartalanított, felnőtt kutyáknak – 10 hónapos kortól – Súlygyarapodásra hajlamos kutyáknak. -A tápban lévő fehérjék segítenek megőrizni a kutya izomtömegét a csökkent kalória- és zsírfelvétel mellett is. -Az ivartalanítás után a kutya anyagcseréje lelassul, és noha úgy tűnik, hogy a kutya most már szívesebben pihen a kanapén, mint aktívan kalandozik a szabadban, mégis farkasétvággyal eszik, ha eljön az etetés ideje. Összetétel: hús és állati származékok, gabonafélék, növényi eredetű származékok, ásványi sók, különféle cukrok, olajok és zsírok. Adalékanyagok (kilogrammonként): Tápértékkel rendelkező adalékanyagok: D3 vitamin: 190 NE, E1 (Vas): 2 mg, E2 (Jód): 0,3 mg, E4 (Réz): 2,4 mg, E5 (Mangán): 0,6 mg, E6 (Cink): 6 mg. Analitikai összetevők: Nyersfehérje: 8,4 % – Nyerszsír: 4,0 % – Nyershamu: 1,5 % – Nyersrost: 1,3 % – Nedvesség: 81 %. A kutya testsúlya Alutasak 5 kg 4+1/2 10 kg 7+1/2 20 kg 12+1/2 Tovább olvasok"}
{"breadcrumb": "Főoldal/Kutya/Eledelek/Jutalomfalatok&rágcsák/Royal Canin Educ kutya jutalomfalat 50g", "product_name": "Royal Canin Educ kutya jutalomfalat 50gRoyal Canin Educ kutya jutalomfalat 50g", "brand": "Royal CaninFelnőtthús és állati származékoktréning falatok", "regular_price": "499", "selling_price": "", "price_per_unit": "1 kg=9980 Ft", "product_url": "https://webshop.fressnapf.hu/termekek/royal-canin-educ-kutya-jutalomfalat-50g/", "product_description": "Táplálékkiegészítő jutalomfalat kölyök- és felnőtt kutyák számára. Összetétel: Manióka, búzaglutén*, növényi rostok, hidrolizált állati fehérjék, ásványi anyagok. *L.I.P.: kitűnően emészthető, válogatott fehérje. Analitikai összetevők: Nyersfehérje: 20% – Nyersolajok és -zsírok:1 % – Nyershamu: 2,3% – Nyersrost: 1,9%. Tápértékkel rendelkező adalékanyagok: C-vitamin: 200 mg; E-vitamin: 500 mg. – Tartósítószerek, antioxidánsok. Ajánlott napi maximális mennyiség Kölyök & Felnõtt MINI < 10 kg 10db Kölyök & Felnõtt MEDIUM 11-25 kg 20db Kölyök & Felnõtt MAXI 26-44 kg 30db Kölyök & Felnõtt GIANT >45 kg 40db Ajánlott, hogy a naponta felvett mennyiséget az egészségre ártalmas súlygyarapodás elkerülése érdekében folyamatosan ellenõrizzük. Tovább olvasok"}
{"breadcrumb": "Főoldal/Kutya/Eledelek/Jutalomfalatok&rágcsák/Royal Canin Energy kutya jutalomfalat 50g", "product_name": "Royal Canin Energy kutya jutalomfalat 50gRoyal Canin Energy kutya jutalomfalat 50g", "brand": "Royal Canin0g – 100gFelnőttszárnyasaktív&sporttréning falatok", "regular_price": "499", "selling_price": "", "price_per_unit": "1 kg=9980 Ft", "product_url": "https://webshop.fressnapf.hu/termekek/royal-canin-energy-kutya-jutalomfalat-50g/", "product_description": "Royal Canin Nutritional Supplement Energy Kiegészítő eledel felnőtt kutyák számára: mérsékelt fokú vagy intenzív mozgás Megnövelt mennyiségű antioxidánst (E- és C-vitamin, polifenol) tartalmaz, amelyek segítik a szabad gyökök semlegesítését. A tréningezés serkenti a szabad gyökök termelődését, amelyek felelősek az oxidatív stresszért a sejtekben. Az Energy táplálék kiegészítő nagy mennyiségben tartalmaz rövid szénláncú zsírsavakat, amelyek hozzájárulnak a gyorsan hasznosítható, magas energiaszinthez a kutyák aktivitásának és teljesítményének támogatása érdekében. A ROYAL CANIN® Energy egy táplálék-kiegészítő kutyák számára, amely segít gyorsan hasznosuló energiát adni a fizikai aktivitás előtt vagy alatt. A ROYAL CANIN® Energy 50 g-os tasakban kapható, mely felnőtt kutyák számára alkalmas. A ROYAL CANIN® Energy rövid szénláncú zsírsavakat tartalmaz, amelyek hozzájárulnak ahhoz, hogy kutyája szervezete számára nagy mennyiségű energiát biztosítson a fizikai teljesítmény támogatásához. A ROYAL CANIN® Energy egy speciálisan összeállított antioxidáns komplexet tartalmaz, amely segít semlegesíteni a szabad gyökök hatását és támogatja a sejtek egészségét. Ügyeljen arra, hogy betartsa a csomagoláson található etetési útmutató előírásait, hogy biztosan ne lépje túl a kutyájának ajánlott napi adagot. ÖSSZETÉTEL: Rizs, állati zsiradékok, kókuszolaj, búzaglutén*, növényi fehérje kivonat*, dehidratált baromfifehérje, hidrolizált állati fehérjék, cukorrépapép, növényi rostok, halolaj, szójaolaj, frukto-oligoszacharidok, bársonyvirág kivonat (lutein forrás), ásványi sók. *L.I.P.: kitűnően emészthető, válogatott fehérje. ADALÉKANYAGOK (kilogrammonként): Tápértékkel rendelkező adalékanyagok: A vitamin: 26500 NE, E vitamin: 700 NE, D3 vitamin: 1400 NE – Technológiai adalékanyagok: Üledékes eredetű klinoptilolit: 10 g – Tartósítószerek – Antioxidánsok. ANALITIKAI ÖSSZETEVŐK: Nyersfehérje: 27,0 % – Nyersolajok és -zsírok: 36,0 % – Nyershamu: 3,9 % – Nyersrost: 2,0 % – Kilogrammonként: Lutein: 17,0 mg – Béta-karotin: 2,5 mg. Etetési útmutató: A javasolt maximális mennyiség / nap Aktivitás <25 kg >25 kg Mérsékelt 1 tasak 1 tasak Intenzív 2 tasak 3 tasak Ideális módon a tevékenység megkezdése előtt egy órával adja kutyájának! Az elhízás elkerülése érdekében tartsa be a javasolt napi adagolást! Tovább olvasok"}
{"breadcrumb": "Főoldal/Kutya/Eledelek/Nedves eledelek/Royal Canin kutyatej pótló por 400g", "product_name": "Royal Canin kutyatej pótló por 400gRoyal Canin kutyatej pótló por 400g", "brand": "Royal Canin201g – 400gKölyök", "regular_price": "8 994", "selling_price": "8 394", "price_per_unit": "1 kg=21998 Ft", "product_url": "https://webshop.fressnapf.hu/termekek/royal-canin-kutyatej-potlo-por-400g/", "product_description": "Fő jellemzők/előnyök: Tejpótló kölyökmacskák számára Az agy fejlődése DHA támogatásával Az immunrendszer egészsége Mikrobiom támogatás A ROYAL CANIN® Babycat Milk tejpótlót kifejezetten kölyökmacskák táplálására fejlesztettük ki, arra az esetre, ha az anyatej nem elegendő vagy nem megfelelő minőségű. A tejpótló összetétele a lehető legjobban hasonlít az anyamacska tejéhez, amely sok természetes zsírsavat tartalmaz. A termék kiválóan alkalmas a kölyökmacskák számára életük első szakaszában, a születéstől az elválasztásig. A prebiotikumok és a kitűnően emészthető fehérjék kombinációja támogatja a bélmikrobióta egészséges egyensúlyát az egészséges emésztés érdekében. A tejpótló összetétele különösen megfelelő a kölyökmacskák fejletlen emésztőrendszerének, elősegíti a növekedést és az egészséges emésztést, valamint laktóztartalma az igényeikhez igazított, keményítőt pedig nem tartalmaz. Összetételének köszönhetően a Babycat Milk egyszerűen elkészíthető: azonnal oldódik, így teljesen homogén állagú tejpótlót  kapunk. A kölyökmacska természetes védekezőrendszere és idegrendszere a születés után folyamatosan fejlődik. A ROYAL CANIN® Babycat Milk omega-3 esszenciális zsírsavat (DHA) tartalmaz. Az anyatejben természetes módon jelen lévő DHA támogatja a kölyökmacska agyának fejlődését. Javasoljuk, hogy olvassa el a csomagoláson található etetési útmutatót és győződjön meg arról, hogy az optimális támogatás érdekében kölyökmacskája a megfelelő mennyiséget kapja. Valamennyi termékünk esetén széles körű minőség-ellenőrzést végzünk, biztosítva, hogy a ROYAL CANIN® Babycat Milk fogyasztása teljes értékű és kiegyensúlyozott táplálékot nyújtson kölyökmacskája számára, támogatva az egészséges növekedését. ÖSSZETÉTEL: Tejretentátum, tejzsír, finomított pálmaolaj (fenntartható gazdálkodásból), tejsavófehérje, finomított szójaolaj, finomított kókuszolaj, ásványi anyagok, frukto-oligoszacharidok (0,51 %), halolaj (DHA forrás), gombaolaj. ADALÉKANYAGOK (kilogrammonként)Tápértékkel rendelkező adalékanyagok: A-vitamin: 25000 NE, D3-vitamin: 1500 NE, Vas (3b103): 100 mg, Jód (3b201, 3b202): 4 mg, Réz (3b405, 3b406): 15 mg, Mangán (3b502, 3b504): 80 mg, Cink (3b603, 3b605, 3b606): 180 mg, Szelén (3b801, 3b811, 3b812): 0,43 mg. ANALITIKAI ÖSSZETEVŐK NYERSFEHÉRJE 33,0 % ZSÍRTARTALOM 39,0 % NYERSROST 0,0 % NYERSHAMU 5,0 % DHA 0,05 % Tovább olvasok"}
{"breadcrumb": "Főoldal/Kutya/Eledelek/Száraz eledelek/Royal Canin Size Health Nutrition Giant adult száraz kutyaeledel 15kg", "product_name": "Royal Canin Size Health Nutrition Giant adult száraz kutyaeledel 15kgRoyal Canin Size Health Nutrition Giant adult száraz kutyaeledel 15kg", "brand": "Royal CaninSize Health Nutrition12,1kg – 15kgFelnőttszárnyasízület védelemnagytestű 26kg-tól", "regular_price": "3 499", "selling_price": "2 999", "price_per_unit": "1 kg=1551 Ft", "product_url": "https://webshop.fressnapf.hu/termekek/royal-canin-size-health-nutrition-kutya-szarazeledel-giant-adult-15kg/", "product_description": "Teljes értékű táp felnőtt kutyáknak, óriástestű fajták számára (45 kg vagy feletti felnőttkori testtömeg) – 18/24 hónapos kortól. Az óriás testű kutyáknak fontos, hogy a felnőttkor elérésétől kezdve egy antioxidánsokkal kiegészített tápot kapjanak, mely támogatja az egészséges öregedés folyamatát és segít megőrizni a kutya vitalitását. Az óriás testű kutyákon az öregedés jelei korábban látszanak, mint kisebb testű társaikon. -A táp segít egészségesen tartani az óriás testméretű fajtákba tartozó kutyák csontjait és ízületeit, melyek a nagy testsúly miatt fokozott igénybevételnek lehetnek kitéve. -A táp antioxidánsok egyedülálló komplexét tartalmazza a szabadgyökök semlegesítésének elősegítésére. -Gondosan beállított taurin tartalmának köszönhetően segít egészségesen tartani a szívet. -Az ízletes, óriás méretű tápszemcsét úgy fejlesztették ki, hogy tökéletesen illeszkedjen az óriás testméretű kutyák állkapcsaihoz. A különleges összetételű formula segít fenntartani a jó szájhigiéniát is. Összetétel: Dehidratált baromfifehérje, kukorica, kukoricaliszt, állati zsiradékok, búza, rizs, hidrolizált állati fehérjék, kukoricaglutén, cukorrépapép, növényi fehérje kivonat*, halolaj, növényi rostok, élesztők, szójaolaj, ásványi sók, borágó olaj, rákféleségekből készült hidrolizátum (glükózamin forrás), bársonyvirág kivonat (lutein forrás), porc hidrolizátum (kondroitin forrás). *L.I.P.: kitűnően emészthető, válogatott fehérje. Analitikai összetevők: Nyersfehérje: 28 % – Nyersolajok és -zsírok: 20 % – Nyershamu: 5,2 % – Nyersrost: 1,8 %. Tápértékkel rendelkező adalékanyagok: A vitamin: 21500 NE, D3 vitamin: 1000 NE, E1 (Vas): 41 mg, E2 (Jód): 4,1 mg, E4 (Réz): 13 mg, E5 (Mangán): 53 mg, E6 (Cink): 159 mg, E8 (Szelén): 0,09 mg, Taurin: 1,3 g – Tartósítószerek – Antioxidánsok. A kutya testsúlya Alacsony aktivitás Átlagos aktivitás Magas aktivitás 45 kg 394 g (3+7/8 mérőpoharak) 457 g (4+3/8 mérőpoharak) 519 g (5 mérőpoharak) 55 kg 459 g (4+4/8 mérőpoharak) 531 g (5+1/8 mérőpoharak) 603 g (5+7/8 mérőpoharak) 65 kg 520 g (5 mérőpoharak) 602 g (5+7/8 mérőpoharak) 684 g (6+5/8 mérőpoharak) 75 kg 579 g (5+5/8 mérőpoharak) 670 g (6+4/8 mérőpoharak) 761 g (7+3/8 mérőpoharak) 85 kg 636 g (6+1/8 mérőpoharak) 736 g (7+1/8 mérőpoharak) 836 g (8+1/8 mérőpoharak) 100 kg 718 g (7 mérőpoharak) 831 g (8 mérőpoharak) 945 g (9+1/8 mérőpoharak) Tovább olvasok"}
{"breadcrumb": "Főoldal/Kutya/Eledelek/Száraz eledelek/Royal Canin Size Health Nutrition Giant adult száraz kutyaeledel 4kg", "product_name": "Royal Canin Size Health Nutrition Giant adult száraz kutyaeledel 4kgRoyal Canin Size Health Nutrition Giant adult száraz kutyaeledel 4kg", "brand": "Royal CaninSize Health Nutrition1,1kg – 4kgFelnőttszárnyasegészséges felnőtt táplálásnagytestű 26kg-tól", "regular_price": "3 799", "selling_price": "3 299", "price_per_unit": "1 kg=2250 Ft", "product_url": "https://webshop.fressnapf.hu/termekek/royal-canin-size-health-nutrition-giant-adult-szaraz-kutyaeledel-4kg/", "product_description": "Teljes értékű táp felnőtt kutyáknak, óriástestű fajták számára (45 kg vagy feletti felnőttkori testtömeg) – 18/24 hónapos kortól. Az óriás testű kutyáknak fontos, hogy a felnőttkor elérésétől kezdve egy antioxidánsokkal kiegészített tápot kapjanak, mely támogatja az egészséges öregedés folyamatát és segít megőrizni a kutya vitalitását. Az óriás testű kutyákon az öregedés jelei korábban látszanak, mint kisebb testű társaikon. -A táp segít egészségesen tartani az óriás testméretű fajtákba tartozó kutyák csontjait és ízületeit, melyek a nagy testsúly miatt fokozott igénybevételnek lehetnek kitéve. -A táp antioxidánsok egyedülálló komplexét tartalmazza a szabadgyökök semlegesítésének elősegítésére. -Gondosan beállított taurin tartalmának köszönhetően segít egészségesen tartani a szívet. -Az ízletes, óriás méretű tápszemcsét úgy fejlesztették ki, hogy tökéletesen illeszkedjen az óriás testméretű kutyák állkapcsaihoz. A különleges összetételű formula segít fenntartani a jó szájhigiéniát is. Összetétel: Dehidratált baromfifehérje, kukorica, kukoricaliszt, állati zsiradékok, búza, rizs, hidrolizált állati fehérjék, kukoricaglutén, cukorrépapép, növényi fehérje kivonat*, halolaj, növényi rostok, élesztők, szójaolaj, ásványi sók, borágó olaj, rákféleségekből készült hidrolizátum (glükózamin forrás), bársonyvirág kivonat (lutein forrás), porc hidrolizátum (kondroitin forrás). *L.I.P.: kitűnően emészthető, válogatott fehérje. Analitikai összetevők: Nyersfehérje: 28 % – Nyersolajok és -zsírok: 20 % – Nyershamu: 5,2 % – Nyersrost: 1,8 %. Tápértékkel rendelkező adalékanyagok: A vitamin: 21500 NE, D3 vitamin: 1000 NE, E1 (Vas): 41 mg, E2 (Jód): 4,1 mg, E4 (Réz): 13 mg, E5 (Mangán): 53 mg, E6 (Cink): 159 mg, E8 (Szelén): 0,09 mg, Taurin: 1,3 g – Tartósítószerek – Antioxidánsok. A kutya testsúlya Alacsony aktivitás Átlagos aktivitás Magas aktivitás 45 kg 394 g (3+7/8 mérőpoharak) 457 g (4+3/8 mérőpoharak) 519 g (5 mérőpoharak) 55 kg 459 g (4+4/8 mérőpoharak) 531 g (5+1/8 mérőpoharak) 603 g (5+7/8 mérőpoharak) 65 kg 520 g (5 mérőpoharak) 602 g (5+7/8 mérőpoharak) 684 g (6+5/8 mérőpoharak) 75 kg 579 g (5+5/8 mérőpoharak) 670 g (6+4/8 mérőpoharak) 761 g (7+3/8 mérőpoharak) 85 kg 636 g (6+1/8 mérőpoharak) 736 g (7+1/8 mérőpoharak) 836 g (8+1/8 mérőpoharak) 100 kg 718 g (7 mérőpoharak) 831 g (8 mérőpoharak) 945 g (9+1/8 mérőpoharak) Tovább olvasok"}
{"breadcrumb": "Főoldal/Kutya/Eledelek/Száraz eledelek/Royal Canin Size Health Nutrition Giant junior száraz kutyaeledel 15kg", "product_name": "Royal Canin Size Health Nutrition Giant junior száraz kutyaeledel 15kgRoyal Canin Size Health Nutrition Giant junior száraz kutyaeledel 15kg", "brand": "Royal CaninSize Health Nutrition12,1kg – 15kgKölyökszárnyasízület védelemnagytestű 26kg-tól", "regular_price": "3 499", "selling_price": "2 999", "price_per_unit": "1 kg=1927 Ft", "product_url": "https://webshop.fressnapf.hu/termekek/royal-canin-size-health-nutrition-kutya-szarazeledel-giant-junior-15kg/", "product_description": "Teljes értékű táp kölyökkutyáknak, óriástestű fajták számára (45 kg vagy feletti felnőttkori testtömeg) – 8-tól 18/24 hónapos korig. Az óriástestű kutyák körülbelül 18-24 hónap alatt érik el 45+ kg-os felnőttkori testtömegüket. Ez alatt az idő alatt tápanyagszükségletük változik, ezért kétféle étrendet fejlesztettünk ki: ROYAL CANIN® Giant Puppy, amelyet 2 és 8 hónapos kor között javasolt adni, valamint a ROYAL CANIN® Giant Junior, amelyet 8 és 18/24 hónapos kor között lehet etetni. Óriástestű kutyája fiatal évei alatt extra idő szükséges az izmok és a csontszerkezet kifejlődéséhez, a kistestű kutyáktól eltérően. Ez azt jelenti, hogy rengeteg fehérjére és meghatározott mennyiségű kalciumra és kalóriára van szükségük. Fontos, hogy a junior óriástestű kutyák egészséges súlyúak maradjanak, hogy csökkenjen a csont- és ízületi, valamint krónikus gyulladásos megbetegedések kockázata. A ROYAL CANIN® Giant Junior igazított fehérjemennyiséget tartalmaz, hogy támogassa az izmok fejlődését 8 és 18/24 hónapos kor között. Olyan tápanyagokat is tartalmaz, mint a C- és E-vitamin, amelyek bizonyítottan támogatjaák a kölyökkutya egészséges immunrendszerének fejlődését. Az extra nagytestű kutyáknak érzékeny emésztőrendszerük van, és hajlamosak lehetnek a hasmenésre és a szélszorulásra. A jótékony hatású prebiotikumok (pl. FOS, MOS és cukorrépapép) és kitűnően emészthető fehérjék kombinációjának köszönhetően a bél-mikrobióta (bélflóra) egészséges egyensúlyát is támogatja a megfelelő emésztés érdekében. Továbbá az összetétel az ásványi anyagok precíz szintjét tartalmazza, beleértve a kalciumot és a foszfort az erős, gyorsan növekvő csontok fejlődésének támogatására. A ROYAL CANIN® Giant Junior tápszemcséit úgy fejlesztettük ki, hogy elősegítsék a lassabb elfogyasztást. Ez azért fontos, mert az óriástestű kutyáknak lassan kell enniük, hogy csökkenjen a gyomorcsavarodás kockázata. Mire óriástestű junior kutyája eléri a 18/24 hónapos kort, olyan étrendre van szüksége, amely egyedileg igazított, hogy megfeleljen a tápanyagszükségleteinek felnőtt kutyaként. Ekkor át lehet térni a ROYAL CANIN® Giant Adult tápra. Összetétel: Dehidratált baromfifehérje, kukorica, kukoricaliszt, rizs, növényi fehérje kivonat*, állati zsiradékok, búzaliszt, cukorrépapép, hidrolizált állati fehérjék, ásványi sók, halolaj, szójaolaj, élesztő és annak részei, frukto-oligoszacharidok, Psyllium maghéj és mag, élesztő-hidrolizátum (mannán-oligoszacharidok forrása), élesztő kivonat (béta-glükánok forrása), bársonyvirág kivonat (lutein forrás), rákféleségekből készült hidrolizátum (glükózamin forrás), porc hidrolizátum (kondroitin forrás). *L.I.P.: kitűnően emészthető, válogatott fehérje. Analitikai összetevők: Nyersfehérje: 31 % – Nyersolajok és -zsírok: 16 % – Nyershamu: 7,4 % – Nyersrost: 1,3 % – Kalcium: 1,26 % – Foszfor: 1 % – L-karnitin: 300 mg/kg. Tápértékkel rendelkező adalékanyagok: A vitamin: 16500 NE, D3 vitamin: 1100 NE, E vitamin: 340 mg, E1 (Vas): 35 mg, E2 (Jód): 3,5 mg, E4 (Réz): 11 mg, E5 (Mangán): 45 mg, E6 (Cink): 128 mg, E8 (Szelén): 0,06 mg – Technológiai adalékanyagok: Üledékes eredetű klinoptilolit: 10 g – Érzékszervi adalékanyagok: Yucca kivonat: 125 mg – Tartósítószerek – Antioxidánsok. 45kg – 60kg – 75kg – 90kg – 100kg – Életkor (hónap) Gramm Mérőpoharak Gramm Mérőpoharak Gramm Mérőpoharak Gramm Mérőpoharak Gramm Mérőpoharak 8 597kg 6+7/8 745g 8+5/8 882g 10+2/8 1010g 11+6/8 1093g 12+5/8 9 557k 6+4/8 701g 8+1/8 878g 10+1/8 1010g 11+5/8 1093g 12+5/8 10 521kg 6 658g 7+5/8 828g 9+5/8 968g 11+2/8 1048g 12+1/8 11 476kg 5+4/8 613g 7+1/8 774g 9 916g 10+5/8 991g 11+4/8 12 434kg 5 574g 6+5/8 721g 8+3/8 868g 10 941g 10+7/8 13 431kg 5 538g 6+2/8 677g 7+7/8 817g 9+4/8 884g 10+2/8 14 426kg 4+7/8 535g 6+2/8 636g 7+3/8 768g 8+7/8 831g 9+5/8 18 GIANT Adult – 529g 6+1/8 629g 7+2/8 724g 8+3/8 784g 9+1/8 25 GIANT Adult – GIANT Adult GIANT Adult GIANT Adult GIANT Adult GIANT Adult GIANT Adult GIANT Adult GIANT Adult Tovább olvasok"}
{"breadcrumb": "Főoldal/Kutya/Eledelek/Száraz eledelek/Royal Canin Size Health Nutrition Giant junior száraz kutyaeledel 3,5kg", "product_name": "Royal Canin Size Health Nutrition Giant junior száraz kutyaeledel 3,5kgRoyal Canin Size Health Nutrition Giant junior száraz kutyaeledel 3,5kg", "brand": "Royal CaninSize Health Nutrition1,1kg – 4kgKölyökszárnyasízület védelemnagytestű 26kg-tól", "regular_price": "11 499", "selling_price": "9 999", "price_per_unit": "1 kg=2485 Ft", "product_url": "https://webshop.fressnapf.hu/termekek/royal-canin-size-health-nutrition-giant-junior-szaraz-kutyaeledel-35kg/", "product_description": "Teljes értékű táp kölyökkutyáknak, óriástestű fajták számára (45 kg vagy feletti felnőttkori testtömeg) – 8-tól 18/24 hónapos korig. Az óriástestű kutyák körülbelül 18-24 hónap alatt érik el 45+ kg-os felnőttkori testtömegüket. Ez alatt az idő alatt tápanyagszükségletük változik, ezért kétféle étrendet fejlesztettünk ki: ROYAL CANIN® Giant Puppy, amelyet 2 és 8 hónapos kor között javasolt adni, valamint a ROYAL CANIN® Giant Junior, amelyet 8 és 18/24 hónapos kor között lehet etetni. Óriástestű kutyája fiatal évei alatt extra idő szükséges az izmok és a csontszerkezet kifejlődéséhez, a kistestű kutyáktól eltérően. Ez azt jelenti, hogy rengeteg fehérjére és meghatározott mennyiségű kalciumra és kalóriára van szükségük. Fontos, hogy a junior óriástestű kutyák egészséges súlyúak maradjanak, hogy csökkenjen a csont- és ízületi, valamint krónikus gyulladásos megbetegedések kockázata. A ROYAL CANIN® Giant Junior igazított fehérjemennyiséget tartalmaz, hogy támogassa az izmok fejlődését 8 és 18/24 hónapos kor között. Olyan tápanyagokat is tartalmaz, mint a C- és E-vitamin, amelyek bizonyítottan támogatjaák a kölyökkutya egészséges immunrendszerének fejlődését. Az extra nagytestű kutyáknak érzékeny emésztőrendszerük van, és hajlamosak lehetnek a hasmenésre és a szélszorulásra. A jótékony hatású prebiotikumok (pl. FOS, MOS és cukorrépapép) és kitűnően emészthető fehérjék kombinációjának köszönhetően a bél-mikrobióta (bélflóra) egészséges egyensúlyát is támogatja a megfelelő emésztés érdekében. Továbbá az összetétel az ásványi anyagok precíz szintjét tartalmazza, beleértve a kalciumot és a foszfort az erős, gyorsan növekvő csontok fejlődésének támogatására. A ROYAL CANIN® Giant Junior tápszemcséit úgy fejlesztettük ki, hogy elősegítsék a lassabb elfogyasztást. Ez azért fontos, mert az óriástestű kutyáknak lassan kell enniük, hogy csökkenjen a gyomorcsavarodás kockázata. Mire óriástestű junior kutyája eléri a 18/24 hónapos kort, olyan étrendre van szüksége, amely egyedileg igazított, hogy megfeleljen a tápanyagszükségleteinek felnőtt kutyaként. Ekkor át lehet térni a ROYAL CANIN® Giant Adult tápra. Összetétel: Dehidratált baromfifehérje, kukorica, kukoricaliszt, rizs, növényi fehérje kivonat*, állati zsiradékok, búzaliszt, cukorrépapép, hidrolizált állati fehérjék, ásványi sók, halolaj, szójaolaj, élesztő és annak részei, frukto-oligoszacharidok, Psyllium maghéj és mag, élesztő-hidrolizátum (mannán-oligoszacharidok forrása), élesztő kivonat (béta-glükánok forrása), bársonyvirág kivonat (lutein forrás), rákféleségekből készült hidrolizátum (glükózamin forrás), porc hidrolizátum (kondroitin forrás). *L.I.P.: kitűnően emészthető, válogatott fehérje. Analitikai összetevők: Nyersfehérje: 31 % – Nyersolajok és -zsírok: 16 % – Nyershamu: 7,4 % – Nyersrost: 1,3 % – Kalcium: 1,26 % – Foszfor: 1 % – L-karnitin: 300 mg/kg. Tápértékkel rendelkező adalékanyagok: A vitamin: 16500 NE, D3 vitamin: 1100 NE, E vitamin: 340 mg, E1 (Vas): 35 mg, E2 (Jód): 3,5 mg, E4 (Réz): 11 mg, E5 (Mangán): 45 mg, E6 (Cink): 128 mg, E8 (Szelén): 0,06 mg – Technológiai adalékanyagok: Üledékes eredetű klinoptilolit: 10 g – Érzékszervi adalékanyagok: Yucca kivonat: 125 mg – Tartósítószerek – Antioxidánsok. 45kg – 60kg – 75kg – 90kg – 100kg – Életkor (hónap) Gramm Mérőpoharak Gramm Mérőpoharak Gramm Mérőpoharak Gramm Mérőpoharak Gramm Mérőpoharak 8 597kg 6+7/8 745g 8+5/8 882g 10+2/8 1010g 11+6/8 1093g 12+5/8 9 557k 6+4/8 701g 8+1/8 878g 10+1/8 1010g 11+5/8 1093g 12+5/8 10 521kg 6 658g 7+5/8 828g 9+5/8 968g 11+2/8 1048g 12+1/8 11 476kg 5+4/8 613g 7+1/8 774g 9 916g 10+5/8 991g 11+4/8 12 434kg 5 574g 6+5/8 721g 8+3/8 868g 10 941g 10+7/8 13 431kg 5 538g 6+2/8 677g 7+7/8 817g 9+4/8 884g 10+2/8 14 426kg 4+7/8 535g 6+2/8 636g 7+3/8 768g 8+7/8 831g 9+5/8 18 GIANT Adult – 529g 6+1/8 629g 7+2/8 724g 8+3/8 784g 9+1/8 25 GIANT Adult – GIANT Adult GIANT Adult GIANT Adult GIANT Adult GIANT Adult GIANT Adult GIANT Adult GIANT Adult Tovább olvasok"}
{"breadcrumb": "Főoldal/Kutya/Eledelek/Száraz eledelek/Royal Canin Size Health Nutrition Giant puppy száraz kutyaeledel 15kg", "product_name": "Royal Canin Size Health Nutrition Giant puppy száraz kutyaeledel 15kgRoyal Canin Size Health Nutrition Giant puppy száraz kutyaeledel 15kg", "brand": "Royal CaninSize Health Nutrition12,1kg – 15kgKölyökszárnyasízület védelemnagytestű 26kg-tól", "regular_price": "3 499", "selling_price": "2 999", "price_per_unit": "1 kg=1787 Ft", "product_url": "https://webshop.fressnapf.hu/termekek/royal-canin-size-health-nutrition-kutya-szarazeledel-giant-puppy-15kg/", "product_description": "Teljes értékű táp kölyökkutyáknak, óriástestű fajták számára (45 kg vagy feletti felnőttkori testtömeg) – 8 hónapos korig. Az óriástestű kutyák körülbelül 18-24 hónap alatt érik el 45+ kg-os felnőttkori testtömegüket. Ez alatt az idő alatt tápanyagszükségletük változik, ezért kétféle étrendet fejlesztettünk ki: ROYAL CANIN® Giant Puppy, amelyet 2 és 8 hónapos kor között javasolt adni, valamint a ROYAL CANIN® Giant Junior, amelyet 8 és 18/24 hónapos kor között lehet etetni. Óriástestű kölyökkutyája intenzív növekedési szakasza során elegendő kalóriára és megfelelő tápanyagokra van szüksége az egészséges növekedéshez. Ebben a növekedési fázisban fejlődnek ki kölyökkutyája csontjai, izmai, érzékelése és idegrendszere. Ekkora gyengül az anyakutyától származó a kolosztrummal felvett ellenanyagok szintje, ami azt jelenti, hogy a kölyökkutyáknak optimális fehérjemennyiségre van szükségük, hogy kifejlődjön saját immunrendszerük. A ROYAL CANIN® Giant Puppy olyan egyedi tápanyagokat tartalmaz, amelyek támogatják óriástestű kölyökkutyája intenzív növekedési szakaszát 2 és 8 hónapos kor között, valamint segítenek elkerülni a túlzott mértékű súlygyarapodást. Olyan tápanyagokat is tartalmaz, mint a C- és E-vitamin, amelyek bizonyítottan támogatják a kölyökkutya egészséges immunrendszerének fejlődését. Az extra nagytestű kutyáknak érzékeny emésztőrendszerük van, és hajlamosak a hasmenésre és a szélszorulásra. A jótékony hatású prebiotikumok (pl. FOS, MOS és cukorrépapép) és kitűnően emészthető fehérjék kombinációjának köszönhetően a bél-mikrobióta (bélflóra) egészséges egyensúlyát is támogatja a megfelelő emésztés érdekében. Továbbá az összetétel az ásványi anyagok precíz szintjét tartalmazza, beleértve a kalciumot és a foszfort az erős, gyorsan növekvő csontok fejlődésének támogatására. A ROYAL CANIN® Giant Puppy tápszemcséi kifejezetten kölyökkutyája extra nagy állkapcsához igazodnak, így egyszerű felvenni és elrágni őket. Mire óriástestű junior kutyája eléri a 8 hónapos kort, olyan étrendre van szüksége, amely egyedileg igazított, hogy megfeleljen a tápanyagszükségleteinek a növekedés következő fázisában. Ebben a szakaszban áttérhet a ROYAL CANIN® Giant Junior tápra. Összetétel: Dehidratált baromfifehérje, növényi fehérje kivonat*, rizs, kukorica, kukoricaliszt, állati zsiradékok, búzaliszt, cukorrépapép, hidrolizált állati fehérjék, kukoricaglutén, ásványi sók, szójaolaj, halolaj, élesztő és annak részei, frukto-oligoszacharidok, Psyllium maghéj és mag, élesztő-hidrolizátum (mannán-oligoszacharidok forrása), élesztő kivonat (béta-glükánok forrása), bársonyvirág kivonat (lutein forrás), rákféleségekből készült hidrolizátum (glükózamin forrás), porc hidrolizátum (kondroitin forrás). *L.I.P.: kitűnően emészthető, válogatott fehérje. Analitikai összetevők: Nyersfehérje: 34% – Nyersolajok és -zsírok: 14% – Nyershamu: 7,6% – Nyersrost: 1,4% – Kalcium: 1,26% – Foszfor: 1%. Tápértékkel rendelkező adalékanyagok: A vitamin: 16500 NE, D3 vitamin: 1100 NE, E vitamin: 500 mg, E1 (Vas): 36 mg, E2 (Jód): 3,6 mg, E4 (Réz): 11 mg, E5 (Mangán): 46 mg, E6 (Cink): 127 mg, E8 (Szelén): 0,05 mg – Technológiai adalékanyagok: Üledékes eredetű klinoptilolit: 10 g – Érzékszervi adalékanyagok: Yucca kivonat: 125 mg – Tartósítószerek – Antioxidánsok. Életkor (hónap) Felnőttkori testsúly = 45 kg Felnőttkori testsúly = 60 kg Felnőttkori testsúly = 75 kg Felnőttkori testsúly = 90 kg Felnőttkori testsúly = 100 kg 2 311 g (3+5/8 mérőpoharak) 397 g (4+5/8 mérőpoharak) 442 g (5+1/8 mérőpoharak) 490 g (5+5/8 mérőpoharak) 530 g (6+1/8 mérőpoharak) 3 409 g (4+6/8 mérőpoharak) 507 g (5+7/8 mérőpoharak) 584 g (6+6/8 mérőpoharak) 660 g (7+5/8 mérőpoharak) 714 g (8+2/8 mérőpoharak) 4 452 g (5+2/8 mérőpoharak) 559 g (6+4/8 mérőpoharak) 651 g (7+4/8 mérőpoharak) 734 g (8+4/8 mérőpoharak) 794 g (9+2/8 mérőpoharak) 5 537g (6+2/8 mérőpoharak) 662 g (7+5/8 mérőpoharak) 775 g (9 mérőpoharak) 884 g (10+2/8 mérőpoharak) 957 g (11+1/8 mérőpoharak) 6 611 g (7+1/8 mérőpoharak) 753 g (8+6/8 mérőpoharak) 884 g (10+ 2/8 mérőpoharak) 1007 g (11+5/8 mérőpoharak) 1090 g (12+5/8 mérőpoharak) 7 613 g (7+1/8 mérőpoharak) 760 g (8+6/8 mérőpoharak) 897 g (10+ 3/8 mérőpoharak) 1026 g (11+7/8 mérőpoharak) 1110 g (12+7/8 mérőpoharak) 8 609 g (7 mérőpoharak) 760 g (8+6/8 mérőpoharak) 899 g (10+ 3/8 mérőpoharak) 1030 g (11+7/8 mérőpoharak) 1115 g (12+7/8 mérőpoharak) 9 + Giant Junior Giant Junior Giant Junior Giant Junior Giant Junior Tovább olvasok"}
{"breadcrumb": "Főoldal/Kutya/Eledelek/Száraz eledelek/Royal Canin Size Health Nutrition Giant puppy száraz kutyaeledel 3,5kg", "product_name": "Royal Canin Size Health Nutrition Giant puppy száraz kutyaeledel 3,5kgRoyal Canin Size Health Nutrition Giant puppy száraz kutyaeledel 3,5kg", "brand": "Royal Canin1,1kg – 4kgKölyökszárnyasnagytestű 26kg-tólSize Health Nutrition", "regular_price": "3 799", "selling_price": "3 299", "price_per_unit": "1 kg=2485 Ft", "product_url": "https://webshop.fressnapf.hu/termekek/royal-canin-size-health-nutrition-giant-puppy-szaraz-kutyaeledel-35kg/", "product_description": "Teljes értékű táp kölyökkutyáknak, óriástestű fajták számára (45 kg vagy feletti felnőttkori testtömeg) – 8 hónapos korig. Az óriástestű kutyák körülbelül 18-24 hónap alatt érik el 45+ kg-os felnőttkori testtömegüket. Ez alatt az idő alatt tápanyagszükségletük változik, ezért kétféle étrendet fejlesztettünk ki: ROYAL CANIN® Giant Puppy, amelyet 2 és 8 hónapos kor között javasolt adni, valamint a ROYAL CANIN® Giant Junior, amelyet 8 és 18/24 hónapos kor között lehet etetni. Óriástestű kölyökkutyája intenzív növekedési szakasza során elegendő kalóriára és megfelelő tápanyagokra van szüksége az egészséges növekedéshez. Ebben a növekedési fázisban fejlődnek ki kölyökkutyája csontjai, izmai, érzékelése és idegrendszere. Ekkora gyengül az anyakutyától származó a kolosztrummal felvett ellenanyagok szintje, ami azt jelenti, hogy a kölyökkutyáknak optimális fehérjemennyiségre van szükségük, hogy kifejlődjön saját immunrendszerük. A ROYAL CANIN® Giant Puppy olyan egyedi tápanyagokat tartalmaz, amelyek támogatják óriástestű kölyökkutyája intenzív növekedési szakaszát 2 és 8 hónapos kor között, valamint segítenek elkerülni a túlzott mértékű súlygyarapodást. Olyan tápanyagokat is tartalmaz, mint a C- és E-vitamin, amelyek bizonyítottan támogatják a kölyökkutya egészséges immunrendszerének fejlődését. Az extra nagytestű kutyáknak érzékeny emésztőrendszerük van, és hajlamosak a hasmenésre és a szélszorulásra. A jótékony hatású prebiotikumok (pl. FOS, MOS és cukorrépapép) és kitűnően emészthető fehérjék kombinációjának köszönhetően a bél-mikrobióta (bélflóra) egészséges egyensúlyát is támogatja a megfelelő emésztés érdekében. Továbbá az összetétel az ásványi anyagok precíz szintjét tartalmazza, beleértve a kalciumot és a foszfort az erős, gyorsan növekvő csontok fejlődésének támogatására. A ROYAL CANIN® Giant Puppy tápszemcséi kifejezetten kölyökkutyája extra nagy állkapcsához igazodnak, így egyszerű felvenni és elrágni őket. Mire óriástestű junior kutyája eléri a 8 hónapos kort, olyan étrendre van szüksége, amely egyedileg igazított, hogy megfeleljen a tápanyagszükségleteinek a növekedés következő fázisában. Ebben a szakaszban áttérhet a ROYAL CANIN® Giant Junior tápra. Összetétel: Dehidratált baromfifehérje, növényi fehérje kivonat*, rizs, kukorica, kukoricaliszt, állati zsiradékok, búzaliszt, cukorrépapép, hidrolizált állati fehérjék, kukoricaglutén, ásványi sók, szójaolaj, halolaj, élesztő és annak részei, frukto-oligoszacharidok, Psyllium maghéj és mag, élesztő-hidrolizátum (mannán-oligoszacharidok forrása), élesztő kivonat (béta-glükánok forrása), bársonyvirág kivonat (lutein forrás), rákféleségekből készült hidrolizátum (glükózamin forrás), porc hidrolizátum (kondroitin forrás). *L.I.P.: kitűnően emészthető, válogatott fehérje. Analitikai összetevők: Nyersfehérje: 34% – Nyersolajok és -zsírok: 14% – Nyershamu: 7,6% – Nyersrost: 1,4% – Kalcium: 1,26% – Foszfor: 1%. Tápértékkel rendelkező adalékanyagok: A vitamin: 16500 NE, D3 vitamin: 1100 NE, E vitamin: 500 mg, E1 (Vas): 36 mg, E2 (Jód): 3,6 mg, E4 (Réz): 11 mg, E5 (Mangán): 46 mg, E6 (Cink): 127 mg, E8 (Szelén): 0,05 mg – Technológiai adalékanyagok: Üledékes eredetű klinoptilolit: 10 g – Érzékszervi adalékanyagok: Yucca kivonat: 125 mg – Tartósítószerek – Antioxidánsok. Életkor (hónap) Felnőttkori testsúly = 45 kg Felnőttkori testsúly = 60 kg Felnőttkori testsúly = 75 kg Felnőttkori testsúly = 90 kg Felnőttkori testsúly = 100 kg 2 311 g (3+5/8 mérőpoharak) 397 g (4+5/8 mérőpoharak) 442 g (5+1/8 mérőpoharak) 490 g (5+5/8 mérőpoharak) 530 g (6+1/8 mérőpoharak) 3 409 g (4+6/8 mérőpoharak) 507 g (5+7/8 mérőpoharak) 584 g (6+6/8 mérőpoharak) 660 g (7+5/8 mérőpoharak) 714 g (8+2/8 mérőpoharak) 4 452 g (5+2/8 mérőpoharak) 559 g (6+4/8 mérőpoharak) 651 g (7+4/8 mérőpoharak) 734 g (8+4/8 mérőpoharak) 794 g (9+2/8 mérőpoharak) 5 537g (6+2/8 mérőpoharak) 662 g (7+5/8 mérőpoharak) 775 g (9 mérőpoharak) 884 g (10+2/8 mérőpoharak) 957 g (11+1/8 mérőpoharak) 6 611 g (7+1/8 mérőpoharak) 753 g (8+6/8 mérőpoharak) 884 g (10+ 2/8 mérőpoharak) 1007 g (11+5/8 mérőpoharak) 1090 g (12+5/8 mérőpoharak) 7 613 g (7+1/8 mérőpoharak) 760 g (8+6/8 mérőpoharak) 897 g (10+ 3/8 mérőpoharak) 1026 g (11+7/8 mérőpoharak) 1110 g (12+7/8 mérőpoharak) 8 609 g (7 mérőpoharak) 760 g (8+6/8 mérőpoharak) 899 g (10+ 3/8 mérőpoharak) 1030 g (11+7/8 mérőpoharak) 1115 g (12+7/8 mérőpoharak) 9 + Giant Junior Giant Junior Giant Junior Giant Junior Giant Junior Tovább olvasok"}
{"breadcrumb": "Főoldal/Kutya/Eledelek/Nedves eledelek/Royal Canin Size Health Nutrition kutya tasak mini puppy 12x85g", "product_name": "Royal Canin Size Health Nutrition kutya tasak mini puppy 12x85gRoyal Canin Size Health Nutrition kutya tasak mini puppy 12x85g", "brand": "Royal CaninSize Health Nutrition0g – 100gKölyökhús és állati származékoktasakkistestű 10kg-ig", "regular_price": "8 994", "selling_price": "8 394", "price_per_unit": "399 Ft", "product_url": "https://webshop.fressnapf.hu/termekek/royal-canin-size-health-nutrition-kutya-tasak-mini-puppy-85g/", "product_description": "A kistestű kölyökkutyák rendkívül gyorsan nőnek. Intenzív növekedési szakaszuk során elegendő mennyiségű kalóriára és megfelelő tápanyagokra van szükségük az egészséges növekedéshez. Ebben a növekedési fázisban fejlődnek ki kölyökkutyája csontjai, izmai, érzékszervei és idegrendszere. Ekkor gyengül meg az anya kolosztrumával felvett ellenanyagok szintje, ami azt jelenti, hogy a kölyökkutyáknak optimális fehérjemennyiségre van szükségük, hogy kifejlődjön saját immunrendszerük. A ROYAL CANIN® Mini Puppy in Gravy tápot kifejezetten a kistestű kölyökkutyák tápanyagszükségleteit szem előtt tartva fejlesztettük ki. Összetétele megfelelő a 2-10 hónapos kölyökkutyák számára, amelyeknek 4-10 kg felnőttkori testsúlyt kell elérniük. Ez az egyedi étrend olyan falatokat tartalmaz étvágygerjesztő szaftos szószban, amelyek mérete, állaga és íze tökéletes a kistestű, növekedésben lévő kölyökkutyák számára. Ez az egyedi étrend olyan tápanyagokat tartalmaz, mint a C- és E-vitamin, hogy támogassa a kölyökkutyák természetes védekezőrendszerét, míg immunrendszerük fejlődésben van. A formula Omega-3 zsírsavakban (pl. DHA) gazdag, amely tudományosan bizonyított módon támogatja a kölyökkutya agyának egészséges fejlődését. A jótékony hatású prebiotikumok és kitűnően emészthető fehérjék kombinációjának köszönhetően a ROYAL CANIN® MiniPuppy in Gravy a bél-mikrobióta (bélflóra) egészséges egyensúlyát is támogatja a megfelelő emésztés érdekében. A ROYAL CANIN® Mini Puppy in Gravy tápot úgy fejlesztettük ki, hogy kielégítse a legigényesebb kutyák ízlelését. Ez a nedves táp kölyökkutyája számára pozitív érzékszervi tapasztalatot biztosít, támogatja az egészséges hidratáltságot, és tökéletes a ROYAL CANIN® Mini Puppy száraz tápszemcséivel való vegyes etetéshez. Tudta, hogy a kölyökkutyák tápanyagszükséglete változik, ahogy növekednek? Mire kölyökkutyája eléri a 10 hónapos kort, olyan étrendre van szüksége, amely egyedileg igazított, hogy megfeleljen a tápanyagszükségleteinek felnőtt kutyaként. Ebben a szakaszban át lehet térni a ROYAL CANIN® Mini Adult tápra, amely száraz tápszemcseként vagy nedves falatokként, szószban (pecsenyelében) kapható. Összetétel: Hús és állati származékok, gabonafélék, növényi eredetű származékok, olajok és zsírok, ásványi anyagok, élesztők, különféle cukrok. Analitikai összetevők: Nyersfehérje: 8,0 % – Nyersolajok és -zsírok: 6,0 % – Nyershamu: 2,0 % – Nyersrost: 1,0 % – Nedvesség: 79,0 % – E vitamin: 150,0 mg/kg. Tápértékkel rendelkező adalékanyagok: D3 vitamin: 140 NE, E1 (Vas): 5 mg, E2 (Jód): 0,3 mg, E4 (Réz): 2,4 mg, E5 (Mangán): 1,6 mg, E6 (Cink): 16 mg – Technológiai adalékanyagok: Üledékes eredetű klinoptilolit: 2 g. Életkor (hónap) Felnőttkori testsúly = 2 kg (Mini Nedves etetés) Felnőttkori testsúly = 2 kg (Mini száraz+ nedves) Felnőttkori testsúly = 5 kg (Mini Nedves etetés) Felnőttkori testsúly = 5 kg (Mini száraz+ nedves) Felnőttkori testsúly = 10kg (Mini Nedves etetés) Felnőttkori testsúly = 10 kg (Mini száraz+ nedves) 2 2+1/2 alutasak 1 alutasak + 28 g 4+1/2 alutasak 1 alutasak + 72 g 7 alutasak 1 alutasak + 125 g 4 2+3/4 alutasak 1 alutasak + 35 g 5+1/4 alutasak 1 pouch + 89 g 8+3/4 alutasak 1 alutasak + 161 g 6 2+1/4 alutasak 1 alutasak + 27 g 4+3/4 alutasak 1 alutasak + 79 g 9 alutasak 1 alutasak + 164 g 8 2 alutasak 1 alutasak + 19 g 3+3/4 alutasak 1 alutasak + 58 g 7+1/4 alutasak 1 alutasak + 129 g 10 2 alutasak 1 alutasak + 18 g 3+3/4 alutasak 1 alutasak + 57 g 6+1/2 alutasak 1 alutasak + 112 g Tovább olvasok"}
{"breadcrumb": "Főoldal/Kutya/Eledelek/Nedves eledelek/Royal Canin Size Health Nutrition kutya tasak mini senior 12x85g", "product_name": "Royal Canin Size Health Nutrition kutya tasak mini senior 12x85gRoyal Canin Size Health Nutrition kutya tasak mini senior 12x85g", "brand": "Royal CaninSize Health Nutrition0g – 100gIdőshús és állati származékoktasakgyomor&emésztéskistestű 10kg-ig", "regular_price": "5 094", "selling_price": "4 794", "price_per_unit": "409 Ft", "product_url": "https://webshop.fressnapf.hu/termekek/royal-canin-size-health-nutrition-kutya-tasak-mini-senior-12x85g/", "product_description": "Teljes értékű táp kistestű idős kutyák számára (1-10 kg) – 12 éves kor felett Az szószos, ízletes húsdarabok nem csupán valódi finomságot jelentenek senior korú kutyája számára, hanem emellett kedvence vitalitását is támogatják előrehaladott korában: a receptúra speciálisan a 12 év feletti, kis termetű kutyák szükségleteihez igazítva került kialakításra. A Royal Canin Size Mini Ageing a fehérjében gazdag hús, gabona és növényi komponensek mellett egy exkluzív antioxidáns-komplexet is tartalmaz, ami segít a szabad gyökök lekötésében, és fellép a sejtek öregedésével szemben. Az eledel megfelelően kialakított foszfortartalmának köszönhetően támogatja a vesék egészségének fennmaradását, és mivel omega-3 zsírsavakkal gazdagított, kedvező hatást gyakorolhat a bőr és a szőrzet milyenségére. Kíméletes főzéssel elkészített, kiváló minőségű összetevőinek köszönhetően különösen könnyen emészthető. Összetevők: Hús és állati melléktermékek, gabona, növényi fehérjekivonatok, olajok és zsírok, növényi melléktermékek, ásványi anyagok, élesztő, zöldség, cukor. Analitikai összetevők: fehérje 8.0 %, nyerszsír 5.5 %, nyersrost 1.1 %, hamu 1.3 %, foszfor 0.16 %, nedvesség 80.0 %, EPA / DHA 0.12 mg Adalékanyagok Tápértékkel rendelkező adalékanyagok: D3-vitamin (200 NE/kg), vas (6 mg/kg), jód (0,24 mg/kg), réz (1,9 mg/kg), mangán (2 mg/kg), cink (20 mg/kg). Technológiai adalékanyagok: Üledékes eredetű klinoptilolit (2 g/kg). A kutya testsúlya Nedves etetés Száraz+ nedves eledel 2 kg 2+1/4 alutasak 1 alutasak + 26 g 4 kg 3+3/4 alutasak 1 alutasak + 59 g 5 kg 4+1/2 alutasak 1 alutasak +  74 g 6 kg 5 alutasak 1 alutasak + 88 g 8 kg 6+1/4 alutasak 1 alutasak + 115 g 10 kg 7+1/2 alutasak 1 alutasak + 140 g Tovább olvasok"}
{"breadcrumb": "Főoldal/Kutya/Eledelek/Nedves eledelek/Royal Canin Size Health Nutrition kutya tasak MP mini puppy 4x85g", "product_name": "Royal Canin Size Health Nutrition kutya tasak MP mini puppy 4x85gRoyal Canin Size Health Nutrition kutya tasak MP mini puppy 4x85g", "brand": "Royal CaninSize Health NutritionmultipackKölyökvegyestasak", "regular_price": "8 994", "selling_price": "8 394", "price_per_unit": "1 KG=4997 Ft", "product_url": "https://webshop.fressnapf.hu/termekek/royal-canin-size-health-nutrition-kutya-tasak-mp-mini-puppy-4x85g/", "product_description": "Jellemzők és előnyök: •\tLágy állag, amely megfelel a kölyökkutyák tejfogának •\tErős immunrendszer •\tAz agy fejlődése •\tMikrobiom támogatása •\tKölyökkutyája tejfogának megfelelő méretű, lágy állagú falatok •\tOlyan tápanyagok, mint a C- és E-vitamin az immunrendszer fejlődéséhez •\tOmega-3 zsírsavak az agy és a tanulás fejlődésének támogatásáért •\tPrebiotikumok és kitűnően emészthető fehérjék a bélflóra egészséges egyensúlyához A kistestű kölyökkutyák rendkívül gyorsan nőnek. Intenzív növekedési szakaszuk során elegendő mennyiségű kalóriára és megfelelő tápanyagokra van szükségük az egészséges növekedéshez. Ebben a növekedési fázisban fejlődnek ki kölyökkutyája csontjai, izmai, érzékszervei és idegrendszere. Ekkor gyengül meg az anya kolosztrumával felvett ellenanyagok szintje, ami azt jelenti, hogy a kölyökkutyáknak optimális fehérjemennyiségre van szükségük, hogy kifejlődjön saját immunrendszerük. A ROYAL CANIN® Mini Puppy in Gravy tápot kifejezetten a kistestű kölyökkutyák tápanyagszükségleteit szem előtt tartva fejlesztettük ki. Összetétele megfelelő a 2-10 hónapos kölyökkutyák számára, amelyeknek 4-10 kg felnőttkori testsúlyt kell elérniük. Ez az egyedi étrend olyan falatokat tartalmaz étvágygerjesztő szaftos szószban, amelyek mérete, állaga és íze tökéletes a kistestű, növekedésben lévő kölyökkutyák számára. Ez az egyedi étrend olyan tápanyagokat tartalmaz, mint a C- és E-vitamin, hogy támogassa a kölyökkutyák természetes védekezőrendszerét, míg immunrendszerük fejlődésben van. A formula Omega-3 zsírsavakban (pl. DHA) gazdag, amely tudományosan bizonyított módon támogatja a kölyökkutya agyának egészséges fejlődését. A jótékony hatású prebiotikumok és kitűnően emészthető fehérjék kombinációjának köszönhetően a ROYAL CANIN® MiniPuppy in Gravy a bél-mikrobióta (bélflóra) egészséges egyensúlyát is támogatja a megfelelő emésztés érdekében. A ROYAL CANIN® Mini Puppy in Gravy tápot úgy fejlesztettük ki, hogy kielégítse a legigényesebb kutyák ízlelését. Ez a nedves táp kölyökkutyája számára pozitív érzékszervi tapasztalatot biztosít, támogatja az egészséges hidratáltságot, és tökéletes a ROYAL CANIN® Mini Puppy száraz tápszemcséivel való vegyes etetéshez. Kistestű kutyák számára. 10 kg-os felnőttkori testtömegig. 2-10 hónapos kor között Összetétel: Hús és állati melléktermékek, olajok és zsírok, gabonafélék, növényi eredetű melléktermékek, ásványi anyagok élesztő. Adalékanyagok (kilogrammonként): Tápértékkel rendelkező adalékanyagok: D3-vitamin: 140 NE, Vas (3b103): 5 mg, Jód (3b202): 0,3 mg, Réz (3b405, 3b406): 2,4 mg, Mangán (3b502, 3b503, 3b504): 1,5 mg, Cink (3b603, 3b605, 3b606): 15 mg – Technológiai adalékanyagok: Üledékes eredetű klinoptilolit: 2 g. Analitikai összetevők: Nedvesség 79,2% Fehérje 8% Zsírtartalom 6% Nyersrost 1% Nyershamu 1,9% NFE 3,9% Tovább olvasok"}
{"breadcrumb": "Főoldal/Kutya/Eledelek/Száraz eledelek/Royal Canin Size Health Nutrition Maxi adult 5+ száraz kutyaeledel 15kg", "product_name": "Royal Canin Size Health Nutrition Maxi adult 5+ száraz kutyaeledel 15kgRoyal Canin Size Health Nutrition Maxi adult 5+ száraz kutyaeledel 15kg", "brand": "Royal CaninSize Health Nutrition12,1kg – 15kgFelnőttszárnyasízület védelemnagytestű 26kg-tól", "regular_price": "9 999", "selling_price": "8 999", "price_per_unit": "1 kg=1947 Ft", "product_url": "https://webshop.fressnapf.hu/termekek/royal-canin-size-health-nutrition-kutya-szarazeledel-maxi-adult-5-15kg/", "product_description": "Teljes értékű táp felnőtt kutyáknak, nagytestű fajták számára (26 és 44 kg közötti felnőttkori testtömeg) – 5 éves kortól. A ROYAL CANIN® Maxi Adult 5+ kutyatápot úgy állították össze, hogy az teljes mértékben kielégítse a középkorú kutyák táplálkozási igényeit. Ez a táp megfelelő az 5 éves és annál idősebb nagy testméretű (26–44 kg közötti felnőttkori testsúlyú) kutyák számára. A nagy testméretű fajtákba tartozó középkorú kutyák ebben az életszakaszban hajlamosak lehetnek a hízásra, ami még fontosabbá teszi azt, hogy ellenőrizzük a kutya napi tápfelvételét és segítsünk megakadályozni a túlzott mennyiségű táplálékfelvételt. A ROYAL CANIN® Maxi Adult 5+ a kitűnő minőségű fehérje és az étrendi rost különleges és kiegyensúlyozott keverékét tartalmazza, így a táp minden egyes adagja pontosan azt biztosítja a kutya számára, amire annak szüksége van az egészséges testsúly fenntartásához és az optimális emésztés támogatásához. A ROYAL CANIN® Maxi Adult 5+ tápot kifejezetten úgy állították össze, hogy ebben az életszakaszban segítsen megőrizni a nagytestű fajtákba tartozó kutyák csontjainak, szalagjainak és ízületeinek egészségét – ez azt jelenti, hogy a kutya kényelmesen képes viselni saját testsúlyát és aktív életmódját megtartani. Lehet, hogy az Ön kutyája már mutatja az öregedés első jeleit, de még mindig rengeteg energiája maradt. Ezért a ROYAL CANIN® Maxi Adult 5+ táp gondosan beállított tápanyagmennyiségeket tartalmaz, beleértve egy különleges antioxidáns komplexet, hogy segítsen semlegesíteni a szabadgyököket és segítsen a kutyának megőrizni életerejét és egészséges anyagcseréjét. Összetétel: Dehidratált baromfifehérje, rizs, állati zsiradékok, búza, búzaliszt, kukoricaliszt, növényi fehérje kivonat*, hidrolizált állati fehérjék, kukoricaglutén, kukorica, növényi rostok, cukorrépapép, halolaj, szójaolaj, élesztő és annak részei, ásványi sók, Psyllium maghéj és mag, frukto-oligoszacharidok, borágó olaj, bársonyvirág kivonat (lutein forrás), rákféleségekből készült hidrolizátum (glükózamin forrás), porc hidrolizátum (kondroitin forrás). *L.I.P.: kitűnően emészthető, válogatott fehérje. Analitikai összetevők: Nyersfehérje: 26,0 % – Nyersolajok és -zsírok: 17,0 % – Nyershamu: 5,9 % – Nyersrost: 2,6 %. Tápértékkel rendelkező adalékanyagok: A vitamin: 22500 NE, D3 vitamin: 1000 NE, E1 (Vas): 41 mg, E2 (Jód): 4,1 mg, E4 (Réz): 13 mg, E5 (Mangán): 53 mg, E6 (Cink): 132 mg, E8 (Szelén): 0,09 mg – Technológiai adalékanyagok: Üledékes eredetű klinoptilolit: 10 g – Érzékszervi adalékanyagok: Tea kivonat (polifenol forrás): 150 mg – Tartósítószerek – Antioxidánsok. A kutya testsúlya Alacsony aktivitás Átlagos aktivitás Magas aktivitás 26 kg 281 g (3 mérőpoharak) 325 g (3+4/8 mérőpoharak) 369 g (4 mérőpoharak) 28 kg 297 g (3+1/8 mérőpoharak) 344 g (3+5/8 mérőpoharak) 390 g (4+1/8 mérőpoharak) 30 kg 312 g (3+3/8 mérőpoharak) 362 g (3+7/8 mérőpoharak) 411 g (4+3/8 mérőpoharak) 32 kg 328 g (3+4/8 mérőpoharak) 380 g (4 mérőpoharak) 432 g (4+5/8 mérőpoharak) 34 kg 343 g (3+5/8 mérőpoharak) 397 g (4+2/8 mérőpoharak) 452 g (4+7/8 mérőpoharak) 36 kg 358 g (3+7/8 mérőpoharak) 415 g (4+3/8 mérőpoharak) 471 g (5 mérőpoharak) 38 kg 373 g (4 mérőpoharak) 432 g (4+5/8 mérőpoharak) 491 g (5+2/8 mérőpoharak) 40 kg 388 g (4+1/8 mérőpoharak) 449 g (4+6/8 mérőpoharak) 510 g (5+4/8 mérőpoharak) 42 kg 402 g (4+2/8 mérőpoharak) 466 g (5 mérőpoharak) 529 g (5+5/8 mérőpoharak) 44 kg 416 g (4+4/8 mérőpoharak) 482 g (5+1/8 mérőpoharak) 548 g (5+7/8 mérőpoharak) Tovább olvasok"}
{"breadcrumb": "Főoldal/Kutya/Eledelek/Száraz eledelek/Royal Canin Size Health Nutrition Maxi adult 5+ száraz kutyaeledel 4kg", "product_name": "Royal Canin Size Health Nutrition Maxi adult 5+ száraz kutyaeledel 4kgRoyal Canin Size Health Nutrition Maxi adult 5+ száraz kutyaeledel 4kg", "brand": "Royal CaninSize Health Nutrition1,1kg – 4kgFelnőttszárnyasegészséges felnőtt táplálásnagytestű 26kg-tól", "regular_price": "9 999", "selling_price": "8 999", "price_per_unit": "1 kg=2625 Ft", "product_url": "https://webshop.fressnapf.hu/termekek/royal-canin-size-health-nutrition-maxi-adult-5-szaraz-kutyaeledel-4kg/", "product_description": "Teljes értékű táp felnőtt kutyáknak, nagytestű fajták számára (26 és 44 kg közötti felnőttkori testtömeg) – 5 éves kortól. A ROYAL CANIN® Maxi Adult 5+ kutyatápot úgy állították össze, hogy az teljes mértékben kielégítse a középkorú kutyák táplálkozási igényeit. Ez a táp megfelelő az 5 éves és annál idősebb nagy testméretű (26–44 kg közötti felnőttkori testsúlyú) kutyák számára. A nagy testméretű fajtákba tartozó középkorú kutyák ebben az életszakaszban hajlamosak lehetnek a hízásra, ami még fontosabbá teszi azt, hogy ellenőrizzük a kutya napi tápfelvételét és segítsünk megakadályozni a túlzott mennyiségű táplálékfelvételt. A ROYAL CANIN® Maxi Adult 5+ a kitűnő minőségű fehérje és az étrendi rost különleges és kiegyensúlyozott keverékét tartalmazza, így a táp minden egyes adagja pontosan azt biztosítja a kutya számára, amire annak szüksége van az egészséges testsúly fenntartásához és az optimális emésztés támogatásához. A ROYAL CANIN® Maxi Adult 5+ tápot kifejezetten úgy állították össze, hogy ebben az életszakaszban segítsen megőrizni a nagytestű fajtákba tartozó kutyák csontjainak, szalagjainak és ízületeinek egészségét – ez azt jelenti, hogy a kutya kényelmesen képes viselni saját testsúlyát és aktív életmódját megtartani. Lehet, hogy az Ön kutyája már mutatja az öregedés első jeleit, de még mindig rengeteg energiája maradt. Ezért a ROYAL CANIN® Maxi Adult 5+ táp gondosan beállított tápanyagmennyiségeket tartalmaz, beleértve egy különleges antioxidáns komplexet, hogy segítsen semlegesíteni a szabadgyököket és segítsen a kutyának megőrizni életerejét és egészséges anyagcseréjét. Összetétel: Dehidratált baromfifehérje, rizs, állati zsiradékok, búza, búzaliszt, kukoricaliszt, növényi fehérje kivonat*, hidrolizált állati fehérjék, kukoricaglutén, kukorica, növényi rostok, cukorrépapép, halolaj, szójaolaj, élesztő és annak részei, ásványi sók, Psyllium maghéj és mag, frukto-oligoszacharidok, borágó olaj, bársonyvirág kivonat (lutein forrás), rákféleségekből készült hidrolizátum (glükózamin forrás), porc hidrolizátum (kondroitin forrás). *L.I.P.: kitűnően emészthető, válogatott fehérje. Analitikai összetevők: Nyersfehérje: 26,0 % – Nyersolajok és -zsírok: 17,0 % – Nyershamu: 5,9 % – Nyersrost: 2,6 %. Tápértékkel rendelkező adalékanyagok: A vitamin: 22500 NE, D3 vitamin: 1000 NE, E1 (Vas): 41 mg, E2 (Jód): 4,1 mg, E4 (Réz): 13 mg, E5 (Mangán): 53 mg, E6 (Cink): 132 mg, E8 (Szelén): 0,09 mg – Technológiai adalékanyagok: Üledékes eredetű klinoptilolit: 10 g – Érzékszervi adalékanyagok: Tea kivonat (polifenol forrás): 150 mg – Tartósítószerek – Antioxidánsok. A kutya testsúlya Alacsony aktivitás Átlagos aktivitás Magas aktivitás 26 kg 281 g (3 mérőpoharak) 325 g (3+4/8 mérőpoharak) 369 g (4 mérőpoharak) 28 kg 297 g (3+1/8 mérőpoharak) 344 g (3+5/8 mérőpoharak) 390 g (4+1/8 mérőpoharak) 30 kg 312 g (3+3/8 mérőpoharak) 362 g (3+7/8 mérőpoharak) 411 g (4+3/8 mérőpoharak) 32 kg 328 g (3+4/8 mérőpoharak) 380 g (4 mérőpoharak) 432 g (4+5/8 mérőpoharak) 34 kg 343 g (3+5/8 mérőpoharak) 397 g (4+2/8 mérőpoharak) 452 g (4+7/8 mérőpoharak) 36 kg 358 g (3+7/8 mérőpoharak) 415 g (4+3/8 mérőpoharak) 471 g (5 mérőpoharak) 38 kg 373 g (4 mérőpoharak) 432 g (4+5/8 mérőpoharak) 491 g (5+2/8 mérőpoharak) 40 kg 388 g (4+1/8 mérőpoharak) 449 g (4+6/8 mérőpoharak) 510 g (5+4/8 mérőpoharak) 42 kg 402 g (4+2/8 mérőpoharak) 466 g (5 mérőpoharak) 529 g (5+5/8 mérőpoharak) 44 kg 416 g (4+4/8 mérőpoharak) 482 g (5+1/8 mérőpoharak) 548 g (5+7/8 mérőpoharak) Tovább olvasok"}
{"breadcrumb": "Főoldal/Kutya/Eledelek/Száraz eledelek/Royal Canin Size Health Nutrition Maxi adult száraz kutyaeledel 15kg", "product_name": "Royal Canin Size Health Nutrition Maxi adult száraz kutyaeledel 15kgRoyal Canin Size Health Nutrition Maxi adult száraz kutyaeledel 15kg", "brand": "Royal CaninSize Health Nutrition12,1kg – 15kgFelnőttszárnyasízület védelemnagytestű 26kg-tól", "regular_price": "3 499", "selling_price": "2 999", "price_per_unit": "1 kg=1700 Ft", "product_url": "https://webshop.fressnapf.hu/termekek/royal-canin-size-health-nutrition-kutya-szarazeledel-maxi-adult-15kg/", "product_description": "Teljes értékű táp felnőtt kutyáknak, nagytestű fajták számára (26 és 44 kg közötti felnőttkori testtömeg) – 15 hónapos kortól 5 éves korig. A ROYAL CANIN® Maxi Adult tápot kifejezetten a nagytestű kutya sajátos táplálkozási igényeinek szem előtt tartásával állították össze. Ez a táp megfelelő a 15 hónapos és annál idősebb nagy testméretű (26–44 kg közötti felnőttkori testsúlyú) kutyák számára. A ROYAL CANIN® Maxi Adult kutyatáp különleges összetétele révén segít megőrizni a kutya emésztőszervi egészségét. Kitűnő minőségű fehérjét és kiegyensúlyozott mennyiségű élelmi rostot tartalmaz, ezáltal elősegíti az optimális emészthetőséget. A legtöbb nagytestű kutya 2 éves korban éri el teljes felnőttkori testsúlyát, tehát ebben az időben kell a kutyát hozzászoktatni a rendszeres etetéssel az egészséges testsúly megőrzésének elősegítéséhez. Nagytestű kutyák esetében a csontok és az ízületek különösen érzékenyek, ezért a kutya ízületeinek egészségét nagyon fontos megőrizni, mivel az ízületek már a testméret miatt is jelentős igénybevételnek és károsodásnak vannak kitéve. A ROYAL CANIN® Maxi Adult táp segít fenntartani azt az ideális testsúlyt, amely a kutya ízületeit még nem terheli túl. A ROYAL CANIN® Maxi Adult táp etetése a lehető legjobb támogatást nyújtja a kutyának ebben az életszakaszban, a táp teljes értékű, kiegyensúlyozott és kitűnő minőségű tápanyagtartalmának köszönhetően. Az omega-3 zsírsavakkal (EPA és DHA) kiegészített ROYAL CANIN® Maxi Adult táp segít a bőrt is egészségesen tartani és megfelelően táplálni. Összetétel: Kukorica, dehidratált baromfifehérje, kukoricaliszt, állati zsiradékok, dehidratált marha- és sertésfehérje*, hidrolizált állati fehérjék, kukoricaglutén, cukorrépapép, rizs, búza, halolaj, szójaolaj, ásványi sók, élesztők, rákféleségekből készült hidrolizátum (glükózamin forrás), porc hidrolizátum (kondroitin forrás). *L.I.P.: kitűnően emészthető, válogatott fehérje. Analitikai összetevők: Nyersfehérje: 26 % – Nyersolajok és -zsírok: 17 % – Nyershamu: 6,2 % – Nyersrost: 1,4 % – Kilogrammonként: Omega-3 zsírsavak: 7,5 g, EPA és DHA is: 4 g. Tápértékkel rendelkező adalékanyagok: A vitamin: 15500 NE, D3 vitamin: 1000 NE, E1 (Vas): 47 mg, E2 (Jód): 3,9 mg, E4 (Réz): 9 mg, E5 (Mangán): 61 mg, E6 (Cink): 183 mg, E8 (Szelén): 0,08 mg – Technológiai adalékanyagok: Üledékes eredetű klinoptilolit: 5 g – Tartósítószerek – Antioxidánsok. A kutya testsúlya Alacsony aktivitás Átlagos aktivitás Magas aktivitás 26 kg 276 g (2+7/8 mérőpoharak) 319 g (3+3/8 mérőpoharak) 363 g (3+6/8 mérőpoharak) 28 kg 291 g (3 mérőpoharak) 337 g (3+4/8 mérőpoharak) 383 g (4 mérőpoharak) 30 kg 307 g (3+2/8 mérőpoharak) 355 g (3+6/8 mérőpoharak) 404 g (4+2/8 mérőpoharak) 32 kg 322 g (3+3/8 mérőpoharak) 373 g (3+7/8 mérőpoharak) 424 g (4+3/8 mérőpoharak) 34 kg 337 g (3+4/8 mérőpoharak) 390 g (4+1/8 mérőpoharak) 443 g (4+5/8 mérőpoharak) 36 kg 352 g (3+5/8 mérőpoharak) 407 g (4+2/8 mérőpoharak) 463 g (4+7/8 mérőpoharak) 38 kg 366 g (3+7/8 mérőpoharak) 424 g (4+3/8 mérőpoharak) 482 g (5 mérőpoharak) 40 kg 381 g (4 mérőpoharak) 441 g (4+5/8 mérőpoharak) 501 g (5+2/8 mérőpoharak) 42 kg 395 g (4+1/8 mérőpoharak) 457 g (4+6/8 mérőpoharak) 519 g (5+3/8 mérőpoharak) 44 kg 405 g (4+2/8 mérőpoharak) 473 g (4+7/8 mérőpoharak) 538 g (5+5/8 mérőpoharak) Tovább olvasok"}
{"breadcrumb": "Főoldal/Kutya/Eledelek/Száraz eledelek/Royal Canin Size Health Nutrition Maxi adult száraz kutyaeledel 4kg", "product_name": "Royal Canin Size Health Nutrition Maxi adult száraz kutyaeledel 4kgRoyal Canin Size Health Nutrition Maxi adult száraz kutyaeledel 4kg", "brand": "Royal CaninSize Health Nutrition1,1kg – 4kgFelnőttszárnyasízület védelemnagytestű 26kg-tól", "regular_price": "3 499", "selling_price": "2 999", "price_per_unit": "1 kg=2500 Ft", "product_url": "https://webshop.fressnapf.hu/termekek/royal-canin-size-health-nutrition-kutya-szarazeledel-maxi-adult-4kg/", "product_description": "Teljes értékű táp felnőtt kutyáknak, nagytestű fajták számára (26 és 44 kg közötti felnőttkori testtömeg) – 15 hónapos kortól 5 éves korig. A ROYAL CANIN® Maxi Adult tápot kifejezetten a nagytestű kutya sajátos táplálkozási igényeinek szem előtt tartásával állították össze. Ez a táp megfelelő a 15 hónapos és annál idősebb nagy testméretű (26–44 kg közötti felnőttkori testsúlyú) kutyák számára. A ROYAL CANIN® Maxi Adult kutyatáp különleges összetétele révén segít megőrizni a kutya emésztőszervi egészségét. Kitűnő minőségű fehérjét és kiegyensúlyozott mennyiségű élelmi rostot tartalmaz, ezáltal elősegíti az optimális emészthetőséget. A legtöbb nagytestű kutya 2 éves korban éri el teljes felnőttkori testsúlyát, tehát ebben az időben kell a kutyát hozzászoktatni a rendszeres etetéssel az egészséges testsúly megőrzésének elősegítéséhez. Nagytestű kutyák esetében a csontok és az ízületek különösen érzékenyek, ezért a kutya ízületeinek egészségét nagyon fontos megőrizni, mivel az ízületek már a testméret miatt is jelentős igénybevételnek és károsodásnak vannak kitéve. A ROYAL CANIN® Maxi Adult táp segít fenntartani azt az ideális testsúlyt, amely a kutya ízületeit még nem terheli túl. A ROYAL CANIN® Maxi Adult táp etetése a lehető legjobb támogatást nyújtja a kutyának ebben az életszakaszban, a táp teljes értékű, kiegyensúlyozott és kitűnő minőségű tápanyagtartalmának köszönhetően. Az omega-3 zsírsavakkal (EPA és DHA) kiegészített ROYAL CANIN® Maxi Adult táp segít a bőrt is egészségesen tartani és megfelelően táplálni. Összetétel: Kukorica, dehidratált baromfifehérje, kukoricaliszt, állati zsiradékok, dehidratált marha- és sertésfehérje*, hidrolizált állati fehérjék, kukoricaglutén, cukorrépapép, rizs, búza, halolaj, szójaolaj, ásványi sók, élesztők, rákféleségekből készült hidrolizátum (glükózamin forrás), porc hidrolizátum (kondroitin forrás). *L.I.P.: kitűnően emészthető, válogatott fehérje. Analitikai összetevők: Nyersfehérje: 26 % – Nyersolajok és -zsírok: 17 % – Nyershamu: 6,2 % – Nyersrost: 1,4 % – Kilogrammonként: Omega-3 zsírsavak: 7,5 g, EPA és DHA is: 4 g. Tápértékkel rendelkező adalékanyagok: A vitamin: 15500 NE, D3 vitamin: 1000 NE, E1 (Vas): 47 mg, E2 (Jód): 3,9 mg, E4 (Réz): 9 mg, E5 (Mangán): 61 mg, E6 (Cink): 183 mg, E8 (Szelén): 0,08 mg – Technológiai adalékanyagok: Üledékes eredetű klinoptilolit: 5 g – Tartósítószerek – Antioxidánsok. A kutya testsúlya Alacsony aktivitás Átlagos aktivitás Magas aktivitás 26 kg 276 g (2+7/8 mérőpoharak) 319 g (3+3/8 mérőpoharak) 363 g (3+6/8 mérőpoharak) 28 kg 291 g (3 mérőpoharak) 337 g (3+4/8 mérőpoharak) 383 g (4 mérőpoharak) 30 kg 307 g (3+2/8 mérőpoharak) 355 g (3+6/8 mérőpoharak) 404 g (4+2/8 mérőpoharak) 32 kg 322 g (3+3/8 mérőpoharak) 373 g (3+7/8 mérőpoharak) 424 g (4+3/8 mérőpoharak) 34 kg 337 g (3+4/8 mérőpoharak) 390 g (4+1/8 mérőpoharak) 443 g (4+5/8 mérőpoharak) 36 kg 352 g (3+5/8 mérőpoharak) 407 g (4+2/8 mérőpoharak) 463 g (4+7/8 mérőpoharak) 38 kg 366 g (3+7/8 mérőpoharak) 424 g (4+3/8 mérőpoharak) 482 g (5 mérőpoharak) 40 kg 381 g (4 mérőpoharak) 441 g (4+5/8 mérőpoharak) 501 g (5+2/8 mérőpoharak) 42 kg 395 g (4+1/8 mérőpoharak) 457 g (4+6/8 mérőpoharak) 519 g (5+3/8 mérőpoharak) 44 kg 405 g (4+2/8 mérőpoharak) 473 g (4+7/8 mérőpoharak) 538 g (5+5/8 mérőpoharak) Tovább olvasok"}
{"breadcrumb": "Főoldal/Kutya/Eledelek/Száraz eledelek/Royal Canin Size Health Nutrition Maxi puppy száraz kutyaeledel 10kg", "product_name": "Royal Canin Size Health Nutrition Maxi puppy száraz kutyaeledel 10kgRoyal Canin Size Health Nutrition Maxi puppy száraz kutyaeledel 10kg", "brand": "Royal CaninSize Health Nutrition4,1kg – 10kgKölyökszárnyasízület védelemnagytestű 26kg-tól", "regular_price": "3 499", "selling_price": "2 999", "price_per_unit": "1 KG=2240 Ft", "product_url": "https://webshop.fressnapf.hu/termekek/royal-canin-size-health-nutrition-maxi-puppy-szaraz-kutyaeledel-10kg/", "product_description": "Teljes értékű táp kölyökkutyáknak, nagytestű fajták számára (26 és 44 kg közötti felnőttkori testtömeg) – 15 hónapos korig. Nagytestű kölyökkutyájának növekedési szakasza során elegendő kalóriára és a megfelelő tápanyagokra van szüksége a csontozat az idegrendszer és az érzékszervek fejlődéséhez. Ez kihívás lehet az ekkora testméretű kölyökkutyák számára: mivel hajlamosak a csont- és ízületi problémákra, a kalcium vagy a vitaminok magas szintje káros lehet. Miközben a fiatal kölyökkutyák fokozatosan elveszítik az anyjuk kolosztrumával felvett „antitestpajzsukat”, szükségük van az optimális fehérjemennyiségre, hogy kifejlődjön saját immunrendszerük. A ROYAL CANIN® Maxi Puppy tápot kifejezetten a nagytestű kölyökkutyák tápanyagszükségleteit szem előtt tartva fejlesztettük ki. Összetétele megfelelő a 2-15 hónapos nagytestű kölyökkutyák számára, amelyeknek 26-44 kg felnőttkori testsúlyt kell elérniük. Ez az egyedi étrend olyan tápanyagokat tartalmaz, mint a C- és E-vitamin, hogy támogassa a kölyökkutyák természetes védekezőrendszerét, míg immunrendszerük fejlődésben van. Omega-3 zsírsavakban (pl. DHA) gazdag, amely tudományosan bizonyított módon támogatja a kölyökkutya agyának egészséges fejlődését. A jótékony hatású prebiotikumok (pl. FOS, MOS és cukorrépapép) és kitűnően emészthető fehérjék kombinációjának köszönhetően a ROYAL CANIN® Maxi Puppy a bél-mikrobióta (bélflóra) egészséges egyensúlyát is támogatja a megfelelő emésztés érdekében. Továbbá a formula optimális energiatartalommal rendelkezik, amelyet úgy fejlesztettünk ki, hogy kielégítse a növekedésben lévő nagytestű kölyökkutyák energiaigényét. A ROYAL CANIN® Maxi Puppy tápszemcséit kifejezetten a nagytestű kölyökkutyák egyedi szükségleteihez fejlesztettük ki. Méretük és alakjuk segítenek szabályozni a kölyökkutya táplálékfelvételi sebességét, és elősegítika teltségérzetet. Támogatják továbbá a fogak egészségét, köszönhetően mechanikus fogtisztító hatásuknaknak, miközben a kölyökkutya rág. Tudta, hogy a kölyökkutyák tápanyagszükséglete változik, ahogy növekednek? Mire nagytestű kölyökkutyája eléri a 15 hónapos kort, olyan étrendre van szüksége, amely egyedileg igazított, hogy megfeleljen a tápanyagszükségleteinek felnőtt kutyaként. Ebben a szakaszban át lehet térni a ROYAL CANIN® Maxi Adult tápra, amely száraz tápszemcseként vagy nedves falatokként, szószban kapható. Összetétel: Dehidratált baromfifehérje, rizs, dehidratált marha- és sertésfehérje*, kukoricaliszt, állati zsiradékok, kukorica, hidrolizált állati fehérjék, búzaliszt, növényi fehérje kivonat*, cukorrépapép, növényi rostok, ásványi sók, kukoricaglutén, szójaolaj, halolaj, frukto-oligoszacharidok (0,34 %), Psyllium maghéj és mag, élesztő-hidrolizátum (mannán-oligoszacharidok forrása), élesztő kivonat (béta-glükánok forrása), bársonyvirág kivonat (lutein forrás), rákféleségekből készült hidrolizátum (glükózamin forrás), porc hidrolizátum (kondroitin forrás). *L.I.P.: kitűnően emészthető, válogatott fehérje. Analitikai összetevők: Nyersfehérje: 30 % – Nyersolajok és -zsírok: 16 % – Nyershamu: 7,6 % – Nyersrost: 2,9 %. Tápértékkel rendelkező adalékanyagok: A vitamin: 17500 NE, D3 vitamin: 1100 NE, E vitamin: 530 mg, E1 (Vas): 40 mg, E2 (Jód): 4,1 mg, E4 (Réz): 12 mg, E5 (Mangán): 53 mg, E6 (Cink): 131 mg, E8 (Szelén): 0,06 mg – Technológiai adalékanyagok: Üledékes eredetű klinoptilolit: 10 g – Érzékszervi adalékanyagok: Yucca kivonat: 125 mg – Tartósítószerek – Antioxidánsok. Felnőttkori testsúly 26kg – 30kg – 35kg – 40kg – 44kg Életkor (hónap) gramm mérőpohár gramm mérőpohár gramm mérőpohár gramm mérőpohár gramm mérőpohár 2 264g 3+3/8 273g 3+4/8 285g 3+5/8 297g 3+6/8 307g 3+7/8 3 326g 4+1/8 343g 4+3/8 364g 4+5/8 386g 5 403g 5+1/8 4 354g 4+4/8 374g 4+6/8 399g 5+1/8 424g 5+4/8 444g 5+6/8 5 380g 4+7/8 413g 5+2/8 453g 5+6/8 494g 6+3/8 526g 6+6/8 6 404g 5+1/8 449g 5+6/8 504g 6+4/8 556g 7+1/8 597g 7+ 8 374g 4+6/8 418g 5+3/8 470g 6 523g 6+6/8 595g 7+5/8 10 318g 4+1/8 355g 4+4/8 401g 5+1/8 457g 5+7/8 519g 6+5/8 12 287g 3+5/8 320g 4+1/8 362g 4+5/8 401G 5+1/8 432g 5+4/8 14 285g 3+5/8 318g 4+1/8 357g 4+5/8 394g 5 425g 5+4/8 15 285g 3+5/8 318g 4+1/8 357g 4+5/8 394g 5 425g 5+4/8 Tovább olvasok"}
{"breadcrumb": "Főoldal/Kutya/Eledelek/Száraz eledelek/Royal Canin Size Health Nutrition Maxi puppy száraz kutyaeledel 15kg", "product_name": "Royal Canin Size Health Nutrition Maxi puppy száraz kutyaeledel 15kgRoyal Canin Size Health Nutrition Maxi puppy száraz kutyaeledel 15kg", "brand": "Royal CaninSize Health Nutrition12,1kg – 15kgKölyökszárnyasízület védelemnagytestű 26kg-tól", "regular_price": "9 999", "selling_price": "8 999", "price_per_unit": "1 kg=1980 Ft", "product_url": "https://webshop.fressnapf.hu/termekek/royal-canin-size-health-nutrition-kutya-szarazeledel-maxi-puppy-15kg/", "product_description": "Teljes értékű táp kölyökkutyáknak, nagytestű fajták számára (26 és 44 kg közötti felnőttkori testtömeg) – 15 hónapos korig. Nagytestű kölyökkutyájának növekedési szakasza során elegendő kalóriára és a megfelelő tápanyagokra van szüksége a csontozat az idegrendszer és az érzékszervek fejlődéséhez. Ez kihívás lehet az ekkora testméretű kölyökkutyák számára: mivel hajlamosak a csont- és ízületi problémákra, a kalcium vagy a vitaminok magas szintje káros lehet. Miközben a fiatal kölyökkutyák fokozatosan elveszítik az anyjuk kolosztrumával felvett „antitestpajzsukat”, szükségük van az optimális fehérjemennyiségre, hogy kifejlődjön saját immunrendszerük. A ROYAL CANIN® Maxi Puppy tápot kifejezetten a nagytestű kölyökkutyák tápanyagszükségleteit szem előtt tartva fejlesztettük ki. Összetétele megfelelő a 2-15 hónapos nagytestű kölyökkutyák számára, amelyeknek 26-44 kg felnőttkori testsúlyt kell elérniük. Ez az egyedi étrend olyan tápanyagokat tartalmaz, mint a C- és E-vitamin, hogy támogassa a kölyökkutyák természetes védekezőrendszerét, míg immunrendszerük fejlődésben van. Omega-3 zsírsavakban (pl. DHA) gazdag, amely tudományosan bizonyított módon támogatja a kölyökkutya agyának egészséges fejlődését. A jótékony hatású prebiotikumok (pl. FOS, MOS és cukorrépapép) és kitűnően emészthető fehérjék kombinációjának köszönhetően a ROYAL CANIN® Maxi Puppy a bél-mikrobióta (bélflóra) egészséges egyensúlyát is támogatja a megfelelő emésztés érdekében. Továbbá a formula optimális energiatartalommal rendelkezik, amelyet úgy fejlesztettünk ki, hogy kielégítse a növekedésben lévő nagytestű kölyökkutyák energiaigényét. A ROYAL CANIN® Maxi Puppy tápszemcséit kifejezetten a nagytestű kölyökkutyák egyedi szükségleteihez fejlesztettük ki. Méretük és alakjuk segítenek szabályozni a kölyökkutya táplálékfelvételi sebességét, és elősegítika teltségérzetet. Támogatják továbbá a fogak egészségét, köszönhetően mechanikus fogtisztító hatásuknaknak, miközben a kölyökkutya rág. Tudta, hogy a kölyökkutyák tápanyagszükséglete változik, ahogy növekednek? Mire nagytestű kölyökkutyája eléri a 15 hónapos kort, olyan étrendre van szüksége, amely egyedileg igazított, hogy megfeleljen a tápanyagszükségleteinek felnőtt kutyaként. Ebben a szakaszban át lehet térni a ROYAL CANIN® Maxi Adult tápra, amely száraz tápszemcseként vagy nedves falatokként, szószban kapható. Összetétel: Dehidratált baromfifehérje, rizs, dehidratált marha- és sertésfehérje*, kukoricaliszt, állati zsiradékok, kukorica, hidrolizált állati fehérjék, búzaliszt, növényi fehérje kivonat*, cukorrépapép, növényi rostok, ásványi sók, kukoricaglutén, szójaolaj, halolaj, frukto-oligoszacharidok (0,34 %), Psyllium maghéj és mag, élesztő-hidrolizátum (mannán-oligoszacharidok forrása), élesztő kivonat (béta-glükánok forrása), bársonyvirág kivonat (lutein forrás), rákféleségekből készült hidrolizátum (glükózamin forrás), porc hidrolizátum (kondroitin forrás). *L.I.P.: kitűnően emészthető, válogatott fehérje. Analitikai összetevők: Nyersfehérje: 30 % – Nyersolajok és -zsírok: 16 % – Nyershamu: 7,6 % – Nyersrost: 2,9 %. Tápértékkel rendelkező adalékanyagok: A vitamin: 17500 NE, D3 vitamin: 1100 NE, E vitamin: 530 mg, E1 (Vas): 40 mg, E2 (Jód): 4,1 mg, E4 (Réz): 12 mg, E5 (Mangán): 53 mg, E6 (Cink): 131 mg, E8 (Szelén): 0,06 mg – Technológiai adalékanyagok: Üledékes eredetű klinoptilolit: 10 g – Érzékszervi adalékanyagok: Yucca kivonat: 125 mg – Tartósítószerek – Antioxidánsok. Felnőttkori testsúly 26kg – 30kg – 35kg – 40kg – 44kg Életkor (hónap) gramm mérőpohár gramm mérőpohár gramm mérőpohár gramm mérőpohár gramm mérőpohár 2 264g 3+3/8 273g 3+4/8 285g 3+5/8 297g 3+6/8 307g 3+7/8 3 326g 4+1/8 343g 4+3/8 364g 4+5/8 386g 5 403g 5+1/8 4 354g 4+4/8 374g 4+6/8 399g 5+1/8 424g 5+4/8 444g 5+6/8 5 380g 4+7/8 413g 5+2/8 453g 5+6/8 494g 6+3/8 526g 6+6/8 6 404g 5+1/8 449g 5+6/8 504g 6+4/8 556g 7+1/8 597g 7+ 8 374g 4+6/8 418g 5+3/8 470g 6 523g 6+6/8 595g 7+5/8 10 318g 4+1/8 355g 4+4/8 401g 5+1/8 457g 5+7/8 519g 6+5/8 12 287g 3+5/8 320g 4+1/8 362g 4+5/8 401G 5+1/8 432g 5+4/8 14 285g 3+5/8 318g 4+1/8 357g 4+5/8 394g 5 425g 5+4/8 15 285g 3+5/8 318g 4+1/8 357g 4+5/8 394g 5 425g 5+4/8 Tovább olvasok"}
{"breadcrumb": "Főoldal/Kutya/Eledelek/Száraz eledelek/Royal Canin Size Health Nutrition Maxi puppy száraz kutyaeledel 4kg", "product_name": "Royal Canin Size Health Nutrition Maxi puppy száraz kutyaeledel 4kgRoyal Canin Size Health Nutrition Maxi puppy száraz kutyaeledel 4kg", "brand": "Royal CaninSize Health Nutrition1,1kg – 4kgKölyökszárnyasízület védelemnagytestű 26kg-tól", "regular_price": "3 799", "selling_price": "3 299", "price_per_unit": "1 kg=2425 Ft", "product_url": "https://webshop.fressnapf.hu/termekek/royal-canin-size-health-nutrition-kutya-szarazeledel-maxi-puppy-4kg/", "product_description": "Teljes értékű táp kölyökkutyáknak, nagytestű fajták számára (26 és 44 kg közötti felnőttkori testtömeg) – 15 hónapos korig. Nagytestű kölyökkutyájának növekedési szakasza során elegendő kalóriára és a megfelelő tápanyagokra van szüksége a csontozat az idegrendszer és az érzékszervek fejlődéséhez. Ez kihívás lehet az ekkora testméretű kölyökkutyák számára: mivel hajlamosak a csont- és ízületi problémákra, a kalcium vagy a vitaminok magas szintje káros lehet. Miközben a fiatal kölyökkutyák fokozatosan elveszítik az anyjuk kolosztrumával felvett „antitestpajzsukat”, szükségük van az optimális fehérjemennyiségre, hogy kifejlődjön saját immunrendszerük. A ROYAL CANIN® Maxi Puppy tápot kifejezetten a nagytestű kölyökkutyák tápanyagszükségleteit szem előtt tartva fejlesztettük ki. Összetétele megfelelő a 2-15 hónapos nagytestű kölyökkutyák számára, amelyeknek 26-44 kg felnőttkori testsúlyt kell elérniük. Ez az egyedi étrend olyan tápanyagokat tartalmaz, mint a C- és E-vitamin, hogy támogassa a kölyökkutyák természetes védekezőrendszerét, míg immunrendszerük fejlődésben van. Omega-3 zsírsavakban (pl. DHA) gazdag, amely tudományosan bizonyított módon támogatja a kölyökkutya agyának egészséges fejlődését. A jótékony hatású prebiotikumok (pl. FOS, MOS és cukorrépapép) és kitűnően emészthető fehérjék kombinációjának köszönhetően a ROYAL CANIN® Maxi Puppy a bél-mikrobióta (bélflóra) egészséges egyensúlyát is támogatja a megfelelő emésztés érdekében. Továbbá a formula optimális energiatartalommal rendelkezik, amelyet úgy fejlesztettünk ki, hogy kielégítse a növekedésben lévő nagytestű kölyökkutyák energiaigényét. A ROYAL CANIN® Maxi Puppy tápszemcséit kifejezetten a nagytestű kölyökkutyák egyedi szükségleteihez fejlesztettük ki. Méretük és alakjuk segítenek szabályozni a kölyökkutya táplálékfelvételi sebességét, és elősegítika teltségérzetet. Támogatják továbbá a fogak egészségét, köszönhetően mechanikus fogtisztító hatásuknaknak, miközben a kölyökkutya rág. Tudta, hogy a kölyökkutyák tápanyagszükséglete változik, ahogy növekednek? Mire nagytestű kölyökkutyája eléri a 15 hónapos kort, olyan étrendre van szüksége, amely egyedileg igazított, hogy megfeleljen a tápanyagszükségleteinek felnőtt kutyaként. Ebben a szakaszban át lehet térni a ROYAL CANIN® Maxi Adult tápra, amely száraz tápszemcseként vagy nedves falatokként, szószban kapható. Összetétel: Dehidratált baromfifehérje, rizs, dehidratált marha- és sertésfehérje*, kukoricaliszt, állati zsiradékok, kukorica, hidrolizált állati fehérjék, búzaliszt, növényi fehérje kivonat*, cukorrépapép, növényi rostok, ásványi sók, kukoricaglutén, szójaolaj, halolaj, frukto-oligoszacharidok (0,34 %), Psyllium maghéj és mag, élesztő-hidrolizátum (mannán-oligoszacharidok forrása), élesztő kivonat (béta-glükánok forrása), bársonyvirág kivonat (lutein forrás), rákféleségekből készült hidrolizátum (glükózamin forrás), porc hidrolizátum (kondroitin forrás). *L.I.P.: kitűnően emészthető, válogatott fehérje. Analitikai összetevők: Nyersfehérje: 30 % – Nyersolajok és -zsírok: 16 % – Nyershamu: 7,6 % – Nyersrost: 2,9 %. Tápértékkel rendelkező adalékanyagok: A vitamin: 17500 NE, D3 vitamin: 1100 NE, E vitamin: 530 mg, E1 (Vas): 40 mg, E2 (Jód): 4,1 mg, E4 (Réz): 12 mg, E5 (Mangán): 53 mg, E6 (Cink): 131 mg, E8 (Szelén): 0,06 mg – Technológiai adalékanyagok: Üledékes eredetű klinoptilolit: 10 g – Érzékszervi adalékanyagok: Yucca kivonat: 125 mg – Tartósítószerek – Antioxidánsok. Felnőttkori testsúly 26kg – 30kg – 35kg – 40kg – 44kg Életkor (hónap) gramm mérőpohár gramm mérőpohár gramm mérőpohár gramm mérőpohár gramm mérőpohár 2 264g 3+3/8 273g 3+4/8 285g 3+5/8 297g 3+6/8 307g 3+7/8 3 326g 4+1/8 343g 4+3/8 364g 4+5/8 386g 5 403g 5+1/8 4 354g 4+4/8 374g 4+6/8 399g 5+1/8 424g 5+4/8 444g 5+6/8 5 380g 4+7/8 413g 5+2/8 453g 5+6/8 494g 6+3/8 526g 6+6/8 6 404g 5+1/8 449g 5+6/8 504g 6+4/8 556g 7+1/8 597g 7+ 8 374g 4+6/8 418g 5+3/8 470g 6 523g 6+6/8 595g 7+5/8 10 318g 4+1/8 355g 4+4/8 401g 5+1/8 457g 5+7/8 519g 6+5/8 12 287g 3+5/8 320g 4+1/8 362g 4+5/8 401G 5+1/8 432g 5+4/8 14 285g 3+5/8 318g 4+1/8 357g 4+5/8 394g 5 425g 5+4/8 15 285g 3+5/8 318g 4+1/8 357g 4+5/8 394g 5 425g 5+4/8 Tovább olvasok"}
{"breadcrumb": "Főoldal/Kutya/Eledelek/Száraz eledelek/Royal Canin Size Health Nutrition Maxi starter Mother&Babydog száraz kutyaeledel 4kg", "product_name": "Royal Canin Size Health Nutrition Maxi starter Mother&Babydog száraz kutyaeledel 4kgRoyal Canin Size Health Nutrition Maxi starter Mother&Babydog száraz kutyaeledel 4kg", "brand": "Royal Canin1,1kg – 4kgKölyökszárnyasvemhes vagy szoptatónagytestű 26kg-tólSize Health Nutrition", "regular_price": "11 499", "selling_price": "9 999", "price_per_unit": "1 kg=3175 Ft", "product_url": "https://webshop.fressnapf.hu/termekek/royal-canin-size-health-nutrition-maxi-starter-motherbabydog-szaraz-kutyaeledel-4kg/", "product_description": "A vemhesség és a szoptatás alatt a nőstény kutyák sajátos táplálékot igényelnek. Ugyanígy a négy hétnél idősebb, fejlődő kölyköknek már növekedésüket elősegítő kiegészítő táplálékra van szükségük. A Start Complex formulával kialakított Royal Canin Maxi Starter Mother & Babydog kutyatápot kifejezetten a nagytermetű szukák és a kölykök tápanyagszükséglete szerint fejlesztették ki. Royal Canin Maxi Starter Mother & Babydog kutyatáp: Szabályozott tápanyag- és energiatartalommal rendelkezik. Megfelelő vemhes és szoptató szukáknak Ideális a négy hétnél idősebb kölyköknek az elválasztás időszakában. A vemhesség utolsó 3-4 hetében a nőstény kutya testsúlya és mérete drasztikusan megnő, ezért több táplálékot igényel. Ajánlott több, kisebb étkezést beiktatni naponta, mivel a vemhesség megakadályozza, hogy egyszerre nagyobb mennyiségű élelmet fogyasszon. A szoptatás alatt a tejtermeléshez több energia és sok ivóvíz szükséges. A bőséges energia bevitel megelőzi a súlyveszteséget. A kiskutyák számától függően a szoptató szuka energiaszükséglete 2-3-szorosa az egyébként szokásosnak. Ezért fontos a megfelelő tápanyag- és energiatartalmú étrend. A 3-4. héten a kölyköknek már adható fél szilárd táplálék. Fejlődésük e szakaszában már egyre kevesebb anyatejet és egyre több szilárd élelmet igényelnek. A kölykök anyjuk táplálkozási szokásait utánozzák. Ezzel egy időben a szukának egyre csökken az energiaszükséglete, ezért egyre kevesebb élelmet kell neki adni. A Royal Canin Maxi Starter Mother & Babydog száraz kutyatáp a nagytermetű (26 – 44 kg) kutyák számára készült. A tudományos kutatásokra alapuló születés körüli program egy olyan egyedülálló táplálási folyamatot jelent, amely eleget tesz a szuka és a kölyke szükségleteinek életük első 5 szakaszában: vemhesség, szülés, szoptatás, elválasztás, a kölyök növekedése azok 2 hónapos koráig. A Start Complex formula tartalmazza mindazon értékes tápanyagokat és alapvető kiegészítőket, amelyek biztosítják a kölyök emésztőrendszerének egészségét. Továbbá segítenek felépíteni és megvédeni a kiskutyák szervezetének természetes védekező rendszerét. Összetevők: Rizs, szárnyasfehérje (szárított), állati zsír, növényi fehérje izolátum*, állati fehérje (hidrolizált), kukorica, szárított répaszelet, ásványi anyagok, szójaolaj, ligno-celllulóz, halolaj, frukto-oligoszacharidok, psyllium (útifűmag és héj), élesztő-hidrolizátum (mannán-oligoszacharid-forrás), butirát, élesztő-kivonat (béta-glükán-forrás), körömvirágliszt (lutein-forrás). * L.I.P.: válogatott könnyen emészthető, értékes fehérjék. Adalékanyagok: Tápértékkel rendelkező adalékanyagok: A-vitamin (19.000 NE/kg), D3-vitamin (1.200 NE/kg), E1 [vas] (42 mg/kg), E2 [jód] (4,2 mg/kg), E4 [réz] (13 mg/kg), E5 [mangán] (55 mg/kg), E6 [cink] (134 mg/kg), E8 [szelén] (0,07 mg/kg). Technológiai adalékanyagok: Üledékes eredetű klinoptilolit (10 g/kg). Tartósítószerek: antioxidánsok. Analitikai összetevők: fehérje 30.0 % nyerszsír 22.0 % nyersrost 1.9 % hamu 7.9 Kor Felnőttkori súly Felnőttkori súly Felnőttkori súly Felnőttkori súly Felnőttkori súly 26 kg 30 kg 35 kg 40 kg 44 kg 0 – 3 hetes Babydog Milk Babydog Milk Babydog Milk Babydog Milk Babydog Milk 3 – 6 hetes 138 g 138 g 157 g 157 g 157 g 6 – 8 hetes 253 g 253 g 283 g 283 g 283 g Vemhes szukáknak: A kutya súlya 6 hétnél 8 hétnél 26 kg 334 g 395 g 30 kg 372 g 439 g 35 kg 417 g 493 g 40 kg 461 g 545 g 44 kg 495 g 585 g Tovább olvasok"}
{"breadcrumb": "Főoldal/Kutya/Eledelek/Száraz eledelek/Royal Canin Size Health Nutrition Medium adult 7+ száraz kutyaeledel  15kg", "product_name": "Royal Canin Size Health Nutrition Medium adult 7+ száraz kutyaeledel  15kgRoyal Canin Size Health Nutrition Medium adult 7+ száraz kutyaeledel  15kg", "brand": "Royal CaninSize Health Nutrition12,1kg – 15kgIdősszárnyasközepes testű 11-25kg", "regular_price": "3 799", "selling_price": "3 299", "price_per_unit": "1 kg=1853 Ft", "product_url": "https://webshop.fressnapf.hu/termekek/royal-canin-size-health-nutrition-kutya-szarazeledel-medium-adult-7-15kg/", "product_description": "Teljes értékű táp felnőtt kutyáknak, közepes testű fajták számára (11 és 25 kg közötti felnőttkori testtömeg) – 7 éves kortól. A táp gondosan beállított tápanyagtartalma révén segít megőrizni az öregedés első jeleit mutató, közepes testméretű fajtákba tartozó kutyák életerejét. Antioxidánsok egyedülálló komplexét tartalmazza a szabadgyökök semlegesítésének elősegítése érdekében. A bőr egészségének megőrzését elősegítő tápanyagokat tartalmaz. EPA-val és DHA-val kiegészített. Kitűnő minőségű fehérjét és az étrendi rostok kiegyensúlyozott mennyiségét tartalmazó egyedülálló összetételének köszönhetően a táp optimális emészthetőségű. Összetétel: dehidratált baromfifehérje, rizs, kukorica, búzaliszt, állati zsiradék, kukoricaliszt, növényi fehérjekivonat*, búza, hidrolizált állati fehérjék, cukorrépapép, halolaj, szójaolaj, élesztők, ásványi sók, frukto-oligoszacharidok, Psyllium maghéj és mag, élesztő-hidrolizátum (mannán-oligoszacharidok forrása), borágó olaj, bársonyvirág kivonat (lutein forrás), szőlő- és zöldtea kivonat (polifenol forrás). *L.I.P.: kitűnően emészthető, válogatott fehérje. Analitikai összetevők: Nyersfehérje: 25 % – Nyersolajok és -zsírok: 14 % – Nyershamu: 4,9 % – Nyersrost: 1,5 % – EPA/DHA: 4 g/kg. Adalékanyagok (kilogrammonként): Tápértékkel rendelkező adalékanyagok: A vitamin: 21800 NE, D3 vitamin: 1000 NE, E1 (Vas): 45 mg, E2 (Jód): 4,5 mg, E4 (Réz): 9 mg, E5 (Mangán): 58 mg, E6 (Cink): 174 mg, E8 (Szelén): 0,07 mg – Technológiai adalékanyagok: Pentanátrium-trifoszfát: 3,5 g – Tartósítószerek – Antioxidánsok. A kutya testsúlya Alacsony aktivitás Átlagos aktivitás Magas aktivitás 11 kg 149 g (1+4/8 mérőpoharak) 172 g (1+6/8 mérőpoharak) 196 g (2 mérőpoharak) 12 kg 159 g (1+5/8 mérőpoharak) 184 g (1+7/8 mérőpoharak) 209 g (2+1/8 mérőpoharak) 14 kg 178 g (1+7/8 mérőpoharak) 207 g (2+1/8 mérőpoharak) 235 g (2+4/8 mérőpoharak) 16 kg 197 g (2 mérőpoharak) 228 g (2+3/8 mérőpoharak) 259 g (2+6/8 mérőpoharak) 18 kg 215 g (2+2/8 mérőpoharak) 249 g (2+5/8 mérőpoharak) 283 g (3 mérőpoharak) 20 kg 233 g (2+3/8 mérőpoharak) 270 g (2+7/8 mérőpoharak) 307 g (3+2/8 mérőpoharak) 22 kg 250 g (2+5/8 mérőpoharak) 290 g (3 mérőpoharak) 329 g (3+3/8 mérőpoharak) 24 kg 267 g (2+6/8 mérőpoharak) 309 g (3+2/8 mérőpoharak) 352 g (3+5/8 mérőpoharak) 25 kg 276 g (2+7/8 mérőpoharak) 319 g (3+3/8 mérőpoharak) 363 g (3+6/8 mérőpoharak) Tovább olvasok"}
{"breadcrumb": "Főoldal/Kutya/Eledelek/Nedves eledelek/Royal Canin Size Health Nutrition Medium adult kutya tasak 10x140g", "product_name": "Royal Canin Size Health Nutrition Medium adult kutya tasak 10x140gRoyal Canin Size Health Nutrition Medium adult kutya tasak 10x140g", "brand": "Royal CaninSize Health Nutrition101g – 200gFelnőtthús és állati származékoktasakközepes testű 11-25kg", "regular_price": "5 094", "selling_price": "4 794", "price_per_unit": "739 Ft", "product_url": "https://webshop.fressnapf.hu/termekek/royal-canin-size-health-nutrition-medium-adult-kutya-tasak-10x140g/", "product_description": "Teljes értékű táp felnőtt kutyáknak, közepes testű fajták számára (11-25 kg) – 12 hónapostól 7 éves korig. – Segít fenntartani az emésztőszervek egészségét és a bélflóra egyensúlyát. – A táp antioxidáns-komplexe révén segít támogatni a kutya természetes védekező rendszerét. – A bőr egészségének megőrzése érdekében a táp omega-3 zsírsavakkal (EPA – DHA) gazdagított. Összetétel: hús és állati származékok, olajok és zsírok, gabonafélék, növényi eredetű származékok, növényi fehérjekivonatok, ásványi anyagok, élesztők, különféle cukrok. Analitikai összetevők: Nyersfehérje: 7,5 % – Nyersolajok és -zsírok: 5,5 % – Nyershamu: 1,6 % – Nyersrost: 1,1 % – Nedvesség: 81,0 % – Omega-3 zsírsavak: 0,1 % – EPA és DHA: 0,08 %. Adalékanyagok (kilogrammonként): Tápértékkel rendelkező adalékanyagok: D3 vitamin: 200 NE, E1 (Vas): 3 mg, E2 (Jód): 0,26 mg, E4 (Réz): 2 mg, E5 (Mangán): 1 mg, E6 (Cink): 10 mg – Technológiai adalékanyagok: Üledékes eredetű klinoptilolit: 2 g. A kutya testsúlya Alutasak / nap 12 kg 5+1/2 alutasak 14 kg 6 alutasak 18 kg 7+1/2 alutasak 20 kg 8 alutasak 23 kg 9 alutasak 25 kg 9+1/2 alutasak Tovább olvasok"}
{"breadcrumb": "Főoldal/Kutya/Eledelek/Száraz eledelek/Royal Canin Size Health Nutrition Medium adult száraz kutyaeledel 15kg", "product_name": "Royal Canin Size Health Nutrition Medium adult száraz kutyaeledel 15kgRoyal Canin Size Health Nutrition Medium adult száraz kutyaeledel 15kg", "brand": "Royal CaninSize Health Nutrition12,1kg – 15kgFelnőttszárnyasgyomor&emésztésközepes testű 11-25kg", "regular_price": "3 799", "selling_price": "3 299", "price_per_unit": "1 kg=1713 Ft", "product_url": "https://webshop.fressnapf.hu/termekek/royal-canin-size-health-nutrition-kutya-szarazeledel-medium-adult-15kg/", "product_description": "Teljes értékű táp felnőtt kutyáknak, közepes testű fajták számára (11 és 25 kg közötti felnőttkori testtömeg) – 12 hónapos kortól 7 éves korig. A ROYAL CANIN® Medium Adult (közepes testméretű felnőtt kutyák számára összeállított) tápját kifejezetten a közepes testméretű fajtákba tartozó felnőtt kutyák táplálkozási szükségleteinek figyelembevételével állították össze. Ez a táp 1–7 éves életkorú, 11 és 25 kg közötti testsúlyú kutyák számára megfelelő. Noha a felnőttkor elérésével most már a kutya immunrendszere is teljes mértékben kifejlődött, de ez nem azt jelenti, hogy egy kis plusz táplálási támogatás ne lenne hasznos a számára. Ezért a ROYAL CANIN® Medium Adult táp egy különleges antioxidáns komplex mellett más fontos tápanyagokat – például mannánoligoszacharidokat – is tartalmaz a kutya természetes védekező rendszerének támogatása érdekében, így lehetővé teszi egészséges életmódjának fenntartását. A kitűnő minőségű fehérjét tartalmazó különleges összetételének köszönhetően a ROYAL CANIN® Medium Adult segít az optimális emészthetőség biztosításában is, aminek köszönhetően a kutya képes hatékonyan felszívni a tápanyagokat. Ezen túlmenően a táp kiegyensúlyozott élelmi rost tartalma is az egészséges emészthetőség fenntartását biztosítja a kutya számára. A ROYAL CANIN® Medium Adult táp omega-3 zsírsavakkal (például EPA-val és DHA-val) van kiegészítve a bőr és a szőrzet egészségének fenntartása érdekében. A táp gondosan kiegyensúlyozott vitamin- és ásványianyag-összetétele révén biztosítja a kutya megfelelő táplálását és az egészség optimális támogatását. A ROYAL CANIN® Medium Adult táp energiatartalma az Önéhez hasonló, közepes testméretű fajtákba tartozó kutyák különleges igényeinek megfelelően van beállítva, így biztosítja a kutya számára az aktív életmód fenntartásához szükséges energiamennyiségeket. Összetétel: Kukorica, kukoricaliszt, búzaliszt, dehidratált marha- és sertésfehérje*, dehidratált baromfifehérje, állati zsiradék, búza, hidrolizált állati fehérjék, ásványi sók, cukorrépapép, halolaj, szójaolaj, élesztők, élesztő-hidrolizátum (mannán-oligoszacharidok forrása). *L.I.P.: kitűnően emészthető, válogatott fehérje. Analitikai összetevők: Nyersfehérje: 25 % – Nyersolajok és -zsírok: 14 % – Nyershamu: 6 % – Nyersrost: 1,2 % – Kilogrammonként: Mannán-oligoszacharidok: 0,5 g – Omega-3 zsírsavak: 5 g, EPA/DHA is: 3,1 g. Tápértékkel rendelkező adalékanyagok: A vitamin: 13100 NE, D3 vitamin: 800 NE, E1 (Vas): 55 mg, E2 (Jód): 5,5 mg, E4 (Réz): 11 mg, E5 (Mangán): 72 mg, E6 (Cink): 215 mg, E8 (Szelén): 0,14 mg – Tartósítószerek – Antioxidánsok. A kutya testsúlya Alacsony aktivitás Átlagos aktivitás Magas aktivitás 11 kg 149 g (1+4/8 mérőpoharak) 173 g (1+6/8 mérőpoharak) 196 g (2 mérőpoharak) 12 kg 159 g (1+5/8 mérőpoharak) 185 g (1+7/8 mérőpoharak) 210 g (2+2/8 mérőpoharak) 14 kg 179 g (1+7/8 mérőpoharak) 207 g (2+1/8 mérőpoharak) 235 g (2+4/8 mérőpoharak) 16 kg 198 g (2+1/8 mérőpoharak) 229 g (2+3/8 mérőpoharak) 260 g (2+6/8 mérőpoharak) 18 kg 216 g (2+2/8 mérőpoharak) 250 g (2+5/8 mérőpoharak) 284 g (3 mérőpoharak) 20 kg 234 g (2+4/8 mérőpoharak) 271 g (2+7/8 mérőpoharak) 308 g (3+2/8 mérőpoharak) 22 kg 251 g (2+5/8 mérőpoharak) 291 g (3 mérőpoharak) 330 g (3+4/8 mérőpoharak) 24 kg 268 g (2+6/8 mérőpoharak) 310 g (3+2/8 mérőpoharak) 353 g (3+5/8 mérőpoharak) 25 kg 276 g (2+7/8 mérőpoharak) 320 g (3+3/8 mérőpoharak) 364 g (3+6/8 mérőpoharak) Tovább olvasok"}
{"breadcrumb": "Főoldal/Kutya/Eledelek/Száraz eledelek/Royal Canin Size Health Nutrition Medium adult száraz kutyaeledel 4kg", "product_name": "Royal Canin Size Health Nutrition Medium adult száraz kutyaeledel 4kgRoyal Canin Size Health Nutrition Medium adult száraz kutyaeledel 4kg", "brand": "Royal CaninSize Health Nutrition1,1kg – 4kgFelnőttszárnyasgyomor&emésztésközepes testű 11-25kg", "regular_price": "3 799", "selling_price": "3 299", "price_per_unit": "1 kg=2450 Ft", "product_url": "https://webshop.fressnapf.hu/termekek/royal-canin-size-health-nutrition-kutya-szarazeledel-medium-adult-4kg/", "product_description": "Teljes értékű táp felnőtt kutyáknak, közepes testű fajták számára (11 és 25 kg közötti felnőttkori testtömeg) – 12 hónapos kortól 7 éves korig. A ROYAL CANIN® Medium Adult (közepes testméretű felnőtt kutyák számára összeállított) tápját kifejezetten a közepes testméretű fajtákba tartozó felnőtt kutyák táplálkozási szükségleteinek figyelembevételével állították össze. Ez a táp 1–7 éves életkorú, 11 és 25 kg közötti testsúlyú kutyák számára megfelelő. Noha a felnőttkor elérésével most már a kutya immunrendszere is teljes mértékben kifejlődött, de ez nem azt jelenti, hogy egy kis plusz táplálási támogatás ne lenne hasznos a számára. Ezért a ROYAL CANIN® Medium Adult táp egy különleges antioxidáns komplex mellett más fontos tápanyagokat – például mannánoligoszacharidokat – is tartalmaz a kutya természetes védekező rendszerének támogatása érdekében, így lehetővé teszi egészséges életmódjának fenntartását. A kitűnő minőségű fehérjét tartalmazó különleges összetételének köszönhetően a ROYAL CANIN® Medium Adult segít az optimális emészthetőség biztosításában is, aminek köszönhetően a kutya képes hatékonyan felszívni a tápanyagokat. Ezen túlmenően a táp kiegyensúlyozott élelmi rost tartalma is az egészséges emészthetőség fenntartását biztosítja a kutya számára. A ROYAL CANIN® Medium Adult táp omega-3 zsírsavakkal (például EPA-val és DHA-val) van kiegészítve a bőr és a szőrzet egészségének fenntartása érdekében. A táp gondosan kiegyensúlyozott vitamin- és ásványianyag-összetétele révén biztosítja a kutya megfelelő táplálását és az egészség optimális támogatását. A ROYAL CANIN® Medium Adult táp energiatartalma az Önéhez hasonló, közepes testméretű fajtákba tartozó kutyák különleges igényeinek megfelelően van beállítva, így biztosítja a kutya számára az aktív életmód fenntartásához szükséges energiamennyiségeket. Összetétel: Kukorica, kukoricaliszt, búzaliszt, dehidratált marha- és sertésfehérje*, dehidratált baromfifehérje, állati zsiradék, búza, hidrolizált állati fehérjék, ásványi sók, cukorrépapép, halolaj, szójaolaj, élesztők, élesztő-hidrolizátum (mannán-oligoszacharidok forrása). *L.I.P.: kitűnően emészthető, válogatott fehérje. Analitikai összetevők: Nyersfehérje: 25 % – Nyersolajok és -zsírok: 14 % – Nyershamu: 6 % – Nyersrost: 1,2 % – Kilogrammonként: Mannán-oligoszacharidok: 0,5 g – Omega-3 zsírsavak: 5 g, EPA/DHA is: 3,1 g. Tápértékkel rendelkező adalékanyagok: A vitamin: 13100 NE, D3 vitamin: 800 NE, E1 (Vas): 55 mg, E2 (Jód): 5,5 mg, E4 (Réz): 11 mg, E5 (Mangán): 72 mg, E6 (Cink): 215 mg, E8 (Szelén): 0,14 mg – Tartósítószerek – Antioxidánsok. A kutya testsúlya Alacsony aktivitás Átlagos aktivitás Magas aktivitás 11 kg 149 g (1+4/8 mérőpoharak) 173 g (1+6/8 mérőpoharak) 196 g (2 mérőpoharak) 12 kg 159 g (1+5/8 mérőpoharak) 185 g (1+7/8 mérőpoharak) 210 g (2+2/8 mérőpoharak) 14 kg 179 g (1+7/8 mérőpoharak) 207 g (2+1/8 mérőpoharak) 235 g (2+4/8 mérőpoharak) 16 kg 198 g (2+1/8 mérőpoharak) 229 g (2+3/8 mérőpoharak) 260 g (2+6/8 mérőpoharak) 18 kg 216 g (2+2/8 mérőpoharak) 250 g (2+5/8 mérőpoharak) 284 g (3 mérőpoharak) 20 kg 234 g (2+4/8 mérőpoharak) 271 g (2+7/8 mérőpoharak) 308 g (3+2/8 mérőpoharak) 22 kg 251 g (2+5/8 mérőpoharak) 291 g (3 mérőpoharak) 330 g (3+4/8 mérőpoharak) 24 kg 268 g (2+6/8 mérőpoharak) 310 g (3+2/8 mérőpoharak) 353 g (3+5/8 mérőpoharak) 25 kg 276 g (2+7/8 mérőpoharak) 320 g (3+3/8 mérőpoharak) 364 g (3+6/8 mérőpoharak) Tovább olvasok"}
{"breadcrumb": "Főoldal/Kutya/Eledelek/Nedves eledelek/Royal Canin Size Health Nutrition Medium puppy kutya tasak 10x140g", "product_name": "Royal Canin Size Health Nutrition Medium puppy kutya tasak 10x140gRoyal Canin Size Health Nutrition Medium puppy kutya tasak 10x140g", "brand": "Royal CaninSize Health Nutrition101g – 200gKölyökhús és állati származékokszószbantasakgyomor&emésztés", "regular_price": "8 994", "selling_price": "8 394", "price_per_unit": "769 Ft", "product_url": "https://webshop.fressnapf.hu/termekek/royal-canin-size-health-nutrition-medium-puppy-kutya-tasak-10x140g/", "product_description": "Teljes értékű táp kölyökkutyáknak, közepes testű fajták számára (11-25 kg közötti felnőttkori testtömeg) – 12 hónapos korig. A kölyökkutya korszak a nagy változások időszaka. Közepes testű kölyökkutyája intenzív növekedési szakasza során elegendő kalóriára és megfelelő tápanyagokra van szüksége az egészséges növekedéshez. Ebben a növekedési fázisban fejlődnek ki kölyökkutyája csontjai, izmai, érzékszervei és idegrendszere. Ekkor gyengül meg az anya kolosztrumával felvett ellenanyagok szintje, ami azt jelenti, hogy a kölyökkutyáknak optimális fehérjemennyiségre van szükségük, hogy kifejlődjön saját immunrendszerük. A ROYAL CANIN® Medium Puppy in Gravy tápot kifejezetten a közepes testű kölyökkutyák tápanyagszükségleteit szem előtt tartva fejlesztettük ki. Összetétele megfelelő a 2-12 hónapos kölyökkutyák számára, amelyeknek 11-25 kg felnőttkori testsúlyt kell elérniük. Ez az egyedi étrend olyan darabokat tartalmaz étvágygerjesztő szaftos szószban, amelyek mérete, állaga és íze tökéletes a közepes testű, növekedésben lévő kölyökkutyák számára. Ez az egyedi étrend olyan tápanyagokat tartalmaz, mint a C- és E-vitamin, hogy támogassa a kölyökkutyák természetes védekezőrendszerét, míg immunrendszerük fejlődésben van. A formula Omega-3 zsírsavakban (pl. DHA) gazdag, amely tudományosan bizonyított módon támogatja a kölyökkutya agyának egészséges fejlődését. A jótékony hatású prebiotikumok és kitűnően emészthető fehérjék kombinációjának köszönhetően a ROYAL CANIN® Medium Puppy in Gravy a bél-mikrobióta (bélflóra) egészséges egyensúlyát is támogatja a megfelelő emésztés érdekében. A ROYAL CANIN® Medium Puppy in Gravy tápot úgy fejlesztettük ki, hogy kielégítse a legigényesebb kutyák ízlelését. Ez a nedves táp kölyökkutyája számára pozitív érzékszervi tapasztalatot biztosít, támogatja az egészséges hidratáltságot, és tökéletes a ROYAL CANIN® Medium Puppy száraz tápszemcséivel való vegyes etetéshez. Tudta, hogy a kölyökkutyák tápanyagszükséglete változik, ahogy növekednek? Mire közepes testű kölyökkutyája eléri a 12 hónapos kort, olyan étrendre van szüksége, amely egyedileg igazított, hogy megfeleljen a tápanyagszükségleteinek felnőtt kutyaként. Ebben a szakaszban át lehet térni a ROYAL CANIN® Medium Adult tápra, amely száraz tápszemcseként vagy nedves falatokként, szószban (pecsenyelében) kapható. Összetétel: hús és állati származékok, olajok és zsírok, gabonafélék, növényi fehérjekivonatok, növényi eredetű származékok, ásványi anyagok, élesztők, különféle cukrok. Analitikai összetevők: Nyersfehérje: 8,3 % – Nyersolajok és -zsírok: 6,0 % – Nyershamu: 1,9 % – Nyersrost: 1,2 % – Nedvesség: 78,5 % – E vitamin: 150,0 mg/kg. Adalékanyagok (kilogrammonként): Tápértékkel rendelkező adalékanyagok: D3 vitamin: 100 NE, E1 (Vas): 6 mg, E2 (Jód): 0,35 mg, E4 (Réz): 2,8 mg, E5 (Mangán): 1,9 mg, E6 (Cink): 19 mg – Technológiai adalékanyagok: Üledékes eredetű klinoptilolit: 2 g. Életkor (hónap) Alutasak / nap 2 6 alutasak 8 7 alutasak 12 5+1/2 alutasak Tovább olvasok"}
{"breadcrumb": "Főoldal/Kutya/Eledelek/Száraz eledelek/Royal Canin Size Health Nutrition Medium puppy száraz kutyaeledel 10kg", "product_name": "Royal Canin Size Health Nutrition Medium puppy száraz kutyaeledel 10kgRoyal Canin Size Health Nutrition Medium puppy száraz kutyaeledel 10kg", "brand": "Royal CaninSize Health Nutrition4,1kg – 10kgKölyökszárnyasízület védelemközepes testű 11-25kg", "regular_price": "3 399", "selling_price": "2 999", "price_per_unit": "1 KG=2240 Ft", "product_url": "https://webshop.fressnapf.hu/termekek/royal-canin-size-health-nutrition-medium-puppy-szaraz-kutyaeledel-10kg/", "product_description": "Teljes értékű táp kölyökkutyáknak, közepes testű fajták számára (11 és 25 kg közötti felnőttkori testtömeg) – 12 hónapos korig. A kölyökkor a nagy változások időszaka. Közepes testű kölyökkutyájának intenzív növekedési szakasza során elegendő kalóriára és megfelelő tápanyagokra van szüksége az egészséges növekedéshez. Ebben a növekedési fázisban fejlődnek ki kölyökkutyája csontjai, izmai, érzékszervei és idegrendszere. Ekkor gyengül meg az anya kolosztrumával felvett ellenanyagok szintje, ami azt jelenti, hogy a kölyökkutyáknak optimális fehérjemennyiségre van szükségük, hogy kifejlődjön saját immunrendszerük. A ROYAL CANIN® Medium Puppy tápot kifejezetten a közepes testű kölyökkutyák tápanyagszükségleteit szem előtt tartva fejlesztettük ki. Összetétele megfelelő a 2-12 hónapos kölyökkutyák számára, amelyeknek 11-25 kg felnőttkori testsúlyt kell elérniük. Ez az egyedi étrend olyan tápanyagokat tartalmaz, mint a C- és E-vitamin, hogy támogassa a kölyökkutyák természetes védekezőrendszerét, míg immunrendszerük fejlődésben van. Omega-3 zsírsavakban (pl. DHA) gazdag, amely tudományosan bizonyított módon támogatja a kölyökkutya agyának egészséges fejlődését. A jótékony hatású prebiotikumok (pl. FOS, MOS és cukorrépapép) és kitűnően emészthető fehérjék kombinációjának köszönhetően a ROYAL CANIN® Medium Puppy segít támogatni a bél-mikrobióta (bélflóra) egészséges egyensúlyát is a megfelelő emésztés érdekében. Továbbá a formula optimális energiatartalommal rendelkezik, amelyet úgy fejlesztettünk ki, hogy kielégítse a növekedésben lévő közepes testű kölyökkutyák energiaigényét. A ROYAL CANIN® Medium Puppy tápszemcséit kifejezetten a közepes testű kölyökkutyák szájának méretéhez fejlesztettük ki. Elég nagynak kell lennie, hogy elősegítse elfogyasztását, de nem túl nagynak, mert akkor a kölyökkutya vonakodni fog az evéstől. Támogatja továbbá a fogak egészségét, köszönhetően mechanikus fogtisztító hatásának, miközben a kölyökkutya rág. Tudta, hogy a kölyökkutyák tápanyagszükséglete változik, ahogy növekednek? Mire közepes testű kölyökkutyája eléri a 12 hónapos kort, olyan étrendre van szüksége, amely egyedileg igazított, hogy megfeleljen a tápanyagszükségleteinek felnőtt kutyaként. Ebben a szakaszban át lehet térni a ROYAL CANIN® Medium Adult tápra, amely száraz tápszemcseként vagy nedves falatokként, szószban kapható. Összetétel: Dehidratált baromfifehérje, állati zsiradékok, dehidratált marha- és sertésfehérje*, kukorica, búzaliszt, cukorrépapép, rizs, kukoricaliszt, búza, hidrolizált állati fehérjék, kukoricaglutén, növényi fehérje kivonat*, ásványi sók, halolaj, élesztők, szójaolaj, frukto-oligoszacharidok (0,34 %), élesztő-hidrolizátum (mannán-oligoszacharidok forrása), élesztő kivonat (béta-glükánok forrása), bársonyvirág kivonat (lutein forrás). *L.I.P.: kitűnően emészthető, válogatott fehérje. Analitikai összetevők: Nyersfehérje: 32 % – Nyersolajok és -zsírok: 20 % – Nyershamu: 7,7 % – Nyersrost: 1,8 %. Tápértékkel rendelkező adalékanyagok: A vitamin: 16000 NE, D3 vitamin: 1000 NE, E vitamin: 530 mg, E1 (Vas): 45 mg, E2 (Jód): 4,5 mg, E4 (Réz): 14 mg, E5 (Mangán): 59 mg, E6 (Cink): 129 mg, E8 (Szelén): 0,08 mg – Technológiai adalékanyagok: Üledékes eredetű klinoptilolit: 10 g – Érzékszervi adalékanyagok: Yucca kivonat: 125 mg – Tartósítószerek – Antioxidánsok. Életkor (hónap) 2 – 3 – 4 – 5 m – 6 – 8 – 10 – 12 – 13 – Felnőttkori testsúly Gramm Mérőpoharak Gramm Mérőpoharak Gramm Mérőpoharak Gramm Mérőpoharak Gramm Mérőpoharak Gramm Mérőpoharak Gramm Mérőpoharak Gramm Mérőpoharak Gramm Mérőpoharak 11 kg 155 1+4/8 182 1+6/8 194 1+7/8 197 2 197 2 159 1+5/8 141 1+3/8 Medium Adult Medium Adult Medium Adult Medium Adult 14 kg 184 1+7/8 216 2+1/8 232 2+2/8 236 2+3/8 236 2+3/8 204 2 169 1+5/8 Medium Adult Medium Adult Medium Adult Medium Adult 18 kg 217 2+1/8 259 2+5/8 279 2+6/8 285 2+7/8 285 2+7/8 247 2+4/8 205 2 202 2 Medium Adult Medium Adult 22 kg 237 2+3/8 288 2+7/8 311 3+1/8 324 3+2/8 332 3+2/8 298 3 239 2+3/8 235 2+3/8 Medium Adult Medium Adult 25 kg 244 2+3/8 300 3 325 3+2/8 347 3+4/8 366 3+5/8 330 3+2/8 264 2+5/8 261 2+5/8 259 2+5/8 Tovább olvasok"}
{"breadcrumb": "Főoldal/Kutya/Eledelek/Száraz eledelek/Royal Canin Size Health Nutrition Medium puppy száraz kutyaeledel 15kg", "product_name": "Royal Canin Size Health Nutrition Medium puppy száraz kutyaeledel 15kgRoyal Canin Size Health Nutrition Medium puppy száraz kutyaeledel 15kg", "brand": "Royal CaninSize Health Nutrition12,1kg – 15kgKölyökszárnyasízület védelemközepes testű 11-25kg", "regular_price": "9 999", "selling_price": "8 999", "price_per_unit": "1 kg=1980 Ft", "product_url": "https://webshop.fressnapf.hu/termekek/royal-canin-size-health-nutrition-kutya-szarazeledel-medium-puppy-15kg/", "product_description": "Teljes értékű táp kölyökkutyáknak, közepes testű fajták számára (11 és 25 kg közötti felnőttkori testtömeg) – 12 hónapos korig. A kölyökkor a nagy változások időszaka. Közepes testű kölyökkutyájának intenzív növekedési szakasza során elegendő kalóriára és megfelelő tápanyagokra van szüksége az egészséges növekedéshez. Ebben a növekedési fázisban fejlődnek ki kölyökkutyája csontjai, izmai, érzékszervei és idegrendszere. Ekkor gyengül meg az anya kolosztrumával felvett ellenanyagok szintje, ami azt jelenti, hogy a kölyökkutyáknak optimális fehérjemennyiségre van szükségük, hogy kifejlődjön saját immunrendszerük. A ROYAL CANIN® Medium Puppy tápot kifejezetten a közepes testű kölyökkutyák tápanyagszükségleteit szem előtt tartva fejlesztettük ki. Összetétele megfelelő a 2-12 hónapos kölyökkutyák számára, amelyeknek 11-25 kg felnőttkori testsúlyt kell elérniük. Ez az egyedi étrend olyan tápanyagokat tartalmaz, mint a C- és E-vitamin, hogy támogassa a kölyökkutyák természetes védekezőrendszerét, míg immunrendszerük fejlődésben van. Omega-3 zsírsavakban (pl. DHA) gazdag, amely tudományosan bizonyított módon támogatja a kölyökkutya agyának egészséges fejlődését. A jótékony hatású prebiotikumok (pl. FOS, MOS és cukorrépapép) és kitűnően emészthető fehérjék kombinációjának köszönhetően a ROYAL CANIN® Medium Puppy segít támogatni a bél-mikrobióta (bélflóra) egészséges egyensúlyát is a megfelelő emésztés érdekében. Továbbá a formula optimális energiatartalommal rendelkezik, amelyet úgy fejlesztettünk ki, hogy kielégítse a növekedésben lévő közepes testű kölyökkutyák energiaigényét. A ROYAL CANIN® Medium Puppy tápszemcséit kifejezetten a közepes testű kölyökkutyák szájának méretéhez fejlesztettük ki. Elég nagynak kell lennie, hogy elősegítse elfogyasztását, de nem túl nagynak, mert akkor a kölyökkutya vonakodni fog az evéstől. Támogatja továbbá a fogak egészségét, köszönhetően mechanikus fogtisztító hatásának, miközben a kölyökkutya rág. Tudta, hogy a kölyökkutyák tápanyagszükséglete változik, ahogy növekednek? Mire közepes testű kölyökkutyája eléri a 12 hónapos kort, olyan étrendre van szüksége, amely egyedileg igazított, hogy megfeleljen a tápanyagszükségleteinek felnőtt kutyaként. Ebben a szakaszban át lehet térni a ROYAL CANIN® Medium Adult tápra, amely száraz tápszemcseként vagy nedves falatokként, szószban kapható. Összetétel: Dehidratált baromfifehérje, állati zsiradékok, dehidratált marha- és sertésfehérje*, kukorica, búzaliszt, cukorrépapép, rizs, kukoricaliszt, búza, hidrolizált állati fehérjék, kukoricaglutén, növényi fehérje kivonat*, ásványi sók, halolaj, élesztők, szójaolaj, frukto-oligoszacharidok (0,34 %), élesztő-hidrolizátum (mannán-oligoszacharidok forrása), élesztő kivonat (béta-glükánok forrása), bársonyvirág kivonat (lutein forrás). *L.I.P.: kitűnően emészthető, válogatott fehérje. Analitikai összetevők: Nyersfehérje: 32 % – Nyersolajok és -zsírok: 20 % – Nyershamu: 7,7 % – Nyersrost: 1,8 %. Tápértékkel rendelkező adalékanyagok: A vitamin: 16000 NE, D3 vitamin: 1000 NE, E vitamin: 530 mg, E1 (Vas): 45 mg, E2 (Jód): 4,5 mg, E4 (Réz): 14 mg, E5 (Mangán): 59 mg, E6 (Cink): 129 mg, E8 (Szelén): 0,08 mg – Technológiai adalékanyagok: Üledékes eredetű klinoptilolit: 10 g – Érzékszervi adalékanyagok: Yucca kivonat: 125 mg – Tartósítószerek – Antioxidánsok. Életkor (hónap) 2 – 3 – 4 – 5 m – 6 – 8 – 10 – 12 – 13 – Felnőttkori testsúly Gramm Mérőpoharak Gramm Mérőpoharak Gramm Mérőpoharak Gramm Mérőpoharak Gramm Mérőpoharak Gramm Mérőpoharak Gramm Mérőpoharak Gramm Mérőpoharak Gramm Mérőpoharak 11 kg 155 1+4/8 182 1+6/8 194 1+7/8 197 2 197 2 159 1+5/8 141 1+3/8 Medium Adult Medium Adult Medium Adult Medium Adult 14 kg 184 1+7/8 216 2+1/8 232 2+2/8 236 2+3/8 236 2+3/8 204 2 169 1+5/8 Medium Adult Medium Adult Medium Adult Medium Adult 18 kg 217 2+1/8 259 2+5/8 279 2+6/8 285 2+7/8 285 2+7/8 247 2+4/8 205 2 202 2 Medium Adult Medium Adult 22 kg 237 2+3/8 288 2+7/8 311 3+1/8 324 3+2/8 332 3+2/8 298 3 239 2+3/8 235 2+3/8 Medium Adult Medium Adult 25 kg 244 2+3/8 300 3 325 3+2/8 347 3+4/8 366 3+5/8 330 3+2/8 264 2+5/8 261 2+5/8 259 2+5/8 Tovább olvasok"}
{"breadcrumb": "Főoldal/Kutya/Eledelek/Száraz eledelek/Royal Canin Size Health Nutrition Medium puppy száraz kutyaeledel 1kg", "product_name": "Royal Canin Size Health Nutrition Medium puppy száraz kutyaeledel 1kgRoyal Canin Size Health Nutrition Medium puppy száraz kutyaeledel 1kg", "brand": "Royal CaninSize Health Nutrition801g – 1kgKölyökszárnyasközepes testű 11-25kg", "regular_price": "9 999", "selling_price": "8 999", "price_per_unit": "1 kg=2999 Ft", "product_url": "https://webshop.fressnapf.hu/termekek/royal-canin-size-health-nutrition-kutya-szarazeledel-medium-puppy-1kg/", "product_description": "Teljes értékű táp kölyökkutyáknak, közepes testű fajták számára (11 és 25 kg közötti felnőttkori testtömeg) – 12 hónapos korig. A kölyökkor a nagy változások időszaka. Közepes testű kölyökkutyájának intenzív növekedési szakasza során elegendő kalóriára és megfelelő tápanyagokra van szüksége az egészséges növekedéshez. Ebben a növekedési fázisban fejlődnek ki kölyökkutyája csontjai, izmai, érzékszervei és idegrendszere. Ekkor gyengül meg az anya kolosztrumával felvett ellenanyagok szintje, ami azt jelenti, hogy a kölyökkutyáknak optimális fehérjemennyiségre van szükségük, hogy kifejlődjön saját immunrendszerük. A ROYAL CANIN® Medium Puppy tápot kifejezetten a közepes testű kölyökkutyák tápanyagszükségleteit szem előtt tartva fejlesztettük ki. Összetétele megfelelő a 2-12 hónapos kölyökkutyák számára, amelyeknek 11-25 kg felnőttkori testsúlyt kell elérniük. Ez az egyedi étrend olyan tápanyagokat tartalmaz, mint a C- és E-vitamin, hogy támogassa a kölyökkutyák természetes védekezőrendszerét, míg immunrendszerük fejlődésben van. Omega-3 zsírsavakban (pl. DHA) gazdag, amely tudományosan bizonyított módon támogatja a kölyökkutya agyának egészséges fejlődését. A jótékony hatású prebiotikumok (pl. FOS, MOS és cukorrépapép) és kitűnően emészthető fehérjék kombinációjának köszönhetően a ROYAL CANIN® Medium Puppy segít támogatni a bél-mikrobióta (bélflóra) egészséges egyensúlyát is a megfelelő emésztés érdekében. Továbbá a formula optimális energiatartalommal rendelkezik, amelyet úgy fejlesztettünk ki, hogy kielégítse a növekedésben lévő közepes testű kölyökkutyák energiaigényét. A ROYAL CANIN® Medium Puppy tápszemcséit kifejezetten a közepes testű kölyökkutyák szájának méretéhez fejlesztettük ki. Elég nagynak kell lennie, hogy elősegítse elfogyasztását, de nem túl nagynak, mert akkor a kölyökkutya vonakodni fog az evéstől. Támogatja továbbá a fogak egészségét, köszönhetően mechanikus fogtisztító hatásának, miközben a kölyökkutya rág. Tudta, hogy a kölyökkutyák tápanyagszükséglete változik, ahogy növekednek? Mire közepes testű kölyökkutyája eléri a 12 hónapos kort, olyan étrendre van szüksége, amely egyedileg igazított, hogy megfeleljen a tápanyagszükségleteinek felnőtt kutyaként. Ebben a szakaszban át lehet térni a ROYAL CANIN® Medium Adult tápra, amely száraz tápszemcseként vagy nedves falatokként, szószban kapható. Összetétel: Dehidratált baromfifehérje, állati zsiradékok, dehidratált marha- és sertésfehérje*, kukorica, búzaliszt, cukorrépapép, rizs, kukoricaliszt, búza, hidrolizált állati fehérjék, kukoricaglutén, növényi fehérje kivonat*, ásványi sók, halolaj, élesztők, szójaolaj, frukto-oligoszacharidok (0,34 %), élesztő-hidrolizátum (mannán-oligoszacharidok forrása), élesztő kivonat (béta-glükánok forrása), bársonyvirág kivonat (lutein forrás). *L.I.P.: kitűnően emészthető, válogatott fehérje. Analitikai összetevők: Nyersfehérje: 32 % – Nyersolajok és -zsírok: 20 % – Nyershamu: 7,7 % – Nyersrost: 1,8 %. Tápértékkel rendelkező adalékanyagok: A vitamin: 16000 NE, D3 vitamin: 1000 NE, E vitamin: 530 mg, E1 (Vas): 45 mg, E2 (Jód): 4,5 mg, E4 (Réz): 14 mg, E5 (Mangán): 59 mg, E6 (Cink): 129 mg, E8 (Szelén): 0,08 mg – Technológiai adalékanyagok: Üledékes eredetű klinoptilolit: 10 g – Érzékszervi adalékanyagok: Yucca kivonat: 125 mg – Tartósítószerek – Antioxidánsok. Életkor (hónap) 2 – 3 – 4 – 5 m – 6 – 8 – 10 – 12 – 13 – Felnőttkori testsúly Gramm Mérőpoharak Gramm Mérőpoharak Gramm Mérőpoharak Gramm Mérőpoharak Gramm Mérőpoharak Gramm Mérőpoharak Gramm Mérőpoharak Gramm Mérőpoharak Gramm Mérőpoharak 11 kg 155 1+4/8 182 1+6/8 194 1+7/8 197 2 197 2 159 1+5/8 141 1+3/8 Medium Adult Medium Adult Medium Adult Medium Adult 14 kg 184 1+7/8 216 2+1/8 232 2+2/8 236 2+3/8 236 2+3/8 204 2 169 1+5/8 Medium Adult Medium Adult Medium Adult Medium Adult 18 kg 217 2+1/8 259 2+5/8 279 2+6/8 285 2+7/8 285 2+7/8 247 2+4/8 205 2 202 2 Medium Adult Medium Adult 22 kg 237 2+3/8 288 2+7/8 311 3+1/8 324 3+2/8 332 3+2/8 298 3 239 2+3/8 235 2+3/8 Medium Adult Medium Adult 25 kg 244 2+3/8 300 3 325 3+2/8 347 3+4/8 366 3+5/8 330 3+2/8 264 2+5/8 261 2+5/8 259 2+5/8 Tovább olvasok"}
{"breadcrumb": "Főoldal/Kutya/Eledelek/Száraz eledelek/Royal Canin Size Health Nutrition Medium puppy száraz kutyaeledel 4kg", "product_name": "Royal Canin Size Health Nutrition Medium puppy száraz kutyaeledel 4kgRoyal Canin Size Health Nutrition Medium puppy száraz kutyaeledel 4kg", "brand": "Royal CaninSize Health Nutrition1,1kg – 4kgKölyökszárnyasízület védelemközepes testű 11-25kg", "regular_price": "3 499", "selling_price": "2 999", "price_per_unit": "1 kg=2525 Ft", "product_url": "https://webshop.fressnapf.hu/termekek/royal-canin-size-health-nutrition-kutya-szarazeledel-medium-puppy-4kg/", "product_description": "Teljes értékű táp kölyökkutyáknak, közepes testű fajták számára (11 és 25 kg közötti felnőttkori testtömeg) – 12 hónapos korig. A kölyökkor a nagy változások időszaka. Közepes testű kölyökkutyájának intenzív növekedési szakasza során elegendő kalóriára és megfelelő tápanyagokra van szüksége az egészséges növekedéshez. Ebben a növekedési fázisban fejlődnek ki kölyökkutyája csontjai, izmai, érzékszervei és idegrendszere. Ekkor gyengül meg az anya kolosztrumával felvett ellenanyagok szintje, ami azt jelenti, hogy a kölyökkutyáknak optimális fehérjemennyiségre van szükségük, hogy kifejlődjön saját immunrendszerük. A ROYAL CANIN® Medium Puppy tápot kifejezetten a közepes testű kölyökkutyák tápanyagszükségleteit szem előtt tartva fejlesztettük ki. Összetétele megfelelő a 2-12 hónapos kölyökkutyák számára, amelyeknek 11-25 kg felnőttkori testsúlyt kell elérniük. Ez az egyedi étrend olyan tápanyagokat tartalmaz, mint a C- és E-vitamin, hogy támogassa a kölyökkutyák természetes védekezőrendszerét, míg immunrendszerük fejlődésben van. Omega-3 zsírsavakban (pl. DHA) gazdag, amely tudományosan bizonyított módon támogatja a kölyökkutya agyának egészséges fejlődését. A jótékony hatású prebiotikumok (pl. FOS, MOS és cukorrépapép) és kitűnően emészthető fehérjék kombinációjának köszönhetően a ROYAL CANIN® Medium Puppy segít támogatni a bél-mikrobióta (bélflóra) egészséges egyensúlyát is a megfelelő emésztés érdekében. Továbbá a formula optimális energiatartalommal rendelkezik, amelyet úgy fejlesztettünk ki, hogy kielégítse a növekedésben lévő közepes testű kölyökkutyák energiaigényét. A ROYAL CANIN® Medium Puppy tápszemcséit kifejezetten a közepes testű kölyökkutyák szájának méretéhez fejlesztettük ki. Elég nagynak kell lennie, hogy elősegítse elfogyasztását, de nem túl nagynak, mert akkor a kölyökkutya vonakodni fog az evéstől. Támogatja továbbá a fogak egészségét, köszönhetően mechanikus fogtisztító hatásának, miközben a kölyökkutya rág. Tudta, hogy a kölyökkutyák tápanyagszükséglete változik, ahogy növekednek? Mire közepes testű kölyökkutyája eléri a 12 hónapos kort, olyan étrendre van szüksége, amely egyedileg igazított, hogy megfeleljen a tápanyagszükségleteinek felnőtt kutyaként. Ebben a szakaszban át lehet térni a ROYAL CANIN® Medium Adult tápra, amely száraz tápszemcseként vagy nedves falatokként, szószban kapható. Összetétel: Dehidratált baromfifehérje, állati zsiradékok, dehidratált marha- és sertésfehérje*, kukorica, búzaliszt, cukorrépapép, rizs, kukoricaliszt, búza, hidrolizált állati fehérjék, kukoricaglutén, növényi fehérje kivonat*, ásványi sók, halolaj, élesztők, szójaolaj, frukto-oligoszacharidok (0,34 %), élesztő-hidrolizátum (mannán-oligoszacharidok forrása), élesztő kivonat (béta-glükánok forrása), bársonyvirág kivonat (lutein forrás). *L.I.P.: kitűnően emészthető, válogatott fehérje. Analitikai összetevők: Nyersfehérje: 32 % – Nyersolajok és -zsírok: 20 % – Nyershamu: 7,7 % – Nyersrost: 1,8 %. Tápértékkel rendelkező adalékanyagok: A vitamin: 16000 NE, D3 vitamin: 1000 NE, E vitamin: 530 mg, E1 (Vas): 45 mg, E2 (Jód): 4,5 mg, E4 (Réz): 14 mg, E5 (Mangán): 59 mg, E6 (Cink): 129 mg, E8 (Szelén): 0,08 mg – Technológiai adalékanyagok: Üledékes eredetű klinoptilolit: 10 g – Érzékszervi adalékanyagok: Yucca kivonat: 125 mg – Tartósítószerek – Antioxidánsok. Életkor (hónap) 2 – 3 – 4 – 5 m – 6 – 8 – 10 – 12 – 13 – Felnőttkori testsúly Gramm Mérőpoharak Gramm Mérőpoharak Gramm Mérőpoharak Gramm Mérőpoharak Gramm Mérőpoharak Gramm Mérőpoharak Gramm Mérőpoharak Gramm Mérőpoharak Gramm Mérőpoharak 11 kg 155 1+4/8 182 1+6/8 194 1+7/8 197 2 197 2 159 1+5/8 141 1+3/8 Medium Adult Medium Adult Medium Adult Medium Adult 14 kg 184 1+7/8 216 2+1/8 232 2+2/8 236 2+3/8 236 2+3/8 204 2 169 1+5/8 Medium Adult Medium Adult Medium Adult Medium Adult 18 kg 217 2+1/8 259 2+5/8 279 2+6/8 285 2+7/8 285 2+7/8 247 2+4/8 205 2 202 2 Medium Adult Medium Adult 22 kg 237 2+3/8 288 2+7/8 311 3+1/8 324 3+2/8 332 3+2/8 298 3 239 2+3/8 235 2+3/8 Medium Adult Medium Adult 25 kg 244 2+3/8 300 3 325 3+2/8 347 3+4/8 366 3+5/8 330 3+2/8 264 2+5/8 261 2+5/8 259 2+5/8 Tovább olvasok"}
{"breadcrumb": "Főoldal/Kutya/Eledelek/Száraz eledelek/Royal Canin Size Health Nutrition Medium starter Mother&Babydog száraz kutyaeledel 15kg", "product_name": "Royal Canin Size Health Nutrition Medium starter Mother&Babydog száraz kutyaeledel 15kgRoyal Canin Size Health Nutrition Medium starter Mother&Babydog száraz kutyaeledel 15kg", "brand": "Royal CaninSize Health Nutrition12,1kg – 15kgKölyökszárnyasvemhes vagy szoptatóközepes testű 11-25kg", "regular_price": "3 399", "selling_price": "2 999", "price_per_unit": "1 kg=2093 Ft", "product_url": "https://webshop.fressnapf.hu/termekek/royal-canin-size-health-nutrition-medium-starter-motherbabydog-szaraz-kutyaeledel-15kg/", "product_description": "Teljes értékű táp anyakutyáknak és kölykeinek, közepes testű fajták számára (11 és 26 kg közötti felnőttkori testtömeg) – elválasztandó kölyökkutyáknak 2 hónapos korig. Az újszülött kölyökkutyák tápanyagszükséglete különleges, hogy segítsen támogatni fejlődésben lévő érzékszerveiket és idegrendszerüket. Továbbá a növekedésben lévő kölyökkutyák táplálása komoly feladat, amely nagyban befolyásolhatja közepes testű kutyája anyagcseréjét. Az elválasztási időszak során, amikor át lehet térni a szilárd táplálékra, az anyakutyának és kölykeinek testreszabott étrendre van szükségük, hogy kielégítsék különleges tápanyagszükségletüket. A ROYAL CANIN® Medium Starter Mother & Babydog tápot kifejezetten az anyakutyák és kölyökkutyáik tápanyagszükségleteit szem előtt tartva fejlesztettük ki. A formula megfelelő a 11 és 25 kg közötti testtömegű, közepes testű felnőtt kutyák és az elválasztás alatt levő kölyökkutyák számára 2 hónapos korig. Ezt az egyedi étrendet kifejezetten ahhoz igazítottuk, hogy megfeleljen közepes testű kutyája nagy energiaszükségletének a vemhesség végén és a szoptatás során. Valamint úgy fejlesztettük ki, hogy támogassa a kölyökkutyák egészséges fejlődését. Összetétele bizonyított komplexet tartalmaz, beleértve a C- és E-vitamint, amely támogatja az egészséges immunrendszer fejlődését. A jótékony hatású prebiotikumok (pl. MOS) és kitűnően emészthető fehérjék kombinációjának köszönhetően a ROYAL CANIN® Medium Starter Mother & Babydog a bél-mikrobióta (bélflóra) egészséges egyensúlyát is támogatja a megfelelő emésztés érdekében. A formula Omega-3 zsírsavakban (pl. DHA) gazdag, amely tudományosan bizonyított módon támogatja a fiatal kölyökkutyák agyának egészséges fejlődését. A ROYAL CANIN® Medium Starter Mother & Babydog tápot könnyű visszanedvesíteni vízzel, melytől étvágygerjesztő kása állaga lesz, amely ideális az elválasztandó kölyökkutyák számára. Tudta, hogy a kölyökkutyák tápanyagszükséglete változik, ahogy növekednek? A rövid, 8 hetes időszak során a kölyökkutyáknak olyan étrendre van szükségük, amely különösen a következő növekedési szakasz tápanyagszükségleteihez igazodik. Ebben a szakaszban át lehet térni a ROYAL CANIN® Medium Puppy tápra, amely száraz tápszemcseként vagy nedves falatokként, szószban kapható. Összetétel: dehidratált baromfifehérje, rizs, állati zsiradékok, növényi fehérjekivonat*, kukorica, cukorrépapép, hidrolizált állati fehérjék, ásványi sók, halolaj, szójaolaj, frukto-oligoszacharidok, élesztő-hidrolizátum (mannán-oligoszacharidok forrása), zsírsav-só, élesztő kivonat (béta-glükánok forrása), bársonyvirág kivonat (lutein forrás). *L.I.P.: kitűnően emészthető, válogatott fehérje. Analitikai összetevők: Nyersfehérje: 30 % – Nyersolajok és -zsírok: 22 % – Nyershamu: 8 % – Nyersrost: 1,3 %. Adalékanyagok (kilogrammonként): Tápértékkel rendelkező adalékanyagok: A vitamin: 19000 NE, D3 vitamin: 1200 NE, E1 (Vas): 40 mg, E2 (Jód): 4 mg, E4 (Réz): 12 mg, E5 (Mangán): 52 mg, E6 (Cink): 133 mg, E8 (Szelén): 0,07 mg – Technológiai adalékanyagok: Üledékes eredetű klinoptilolit: 10 g – Tartósítószerek – Antioxidánsok. Életkor A kutya testsúlya =11 kg A kutya testsúlya = 15 kg A kutya testsúlya = 20 kg A kutya testsúlya = 25 kg 0-2 hét Babydog Milk Babydog Milk Babydog Milk Babydog Milk 2-3 hét Babydog Milk Babydog Milk Babydog Milk 30 g (3/8 mérőpohár) 3-4 hét 10 g (1/8 mérőpohár) 30 g (3/8 mérőpohár) 30 g (3/8 mérőpohár) 90 g  (1 mérőpohár) 4-5 hét 30 g (3/8 mérőpohár) 70 g (6/8 mérőpohár) 100 g  (1+1/8 mérőpoharak) 155 g (1+5/8 mérőpoharak) 5-6 hét 90 g (1 mérőpohár) 120 g (1+2/8 mérőpoharak) 140 g (1+4/8 mérőpoharak) 170 g (1+7/8 mérőpoharak) 6-7 hét 120 g (1+2/8 mérőpoharak) 150 g (1+5/8 mérőpoharak) 190 g (2 mérőpoharak) 225 g (1+3/8 mérőpoharak) 7-8 hét 145 g (1+4/8 mérőpoharak) 190 g (2 mérőpoharak) 230 g (2+4/8 mérőpoharak) 280 g (3 mérőpoharak) Tovább olvasok"}
{"breadcrumb": "Főoldal/Kutya/Eledelek/Száraz eledelek/Royal Canin Size Health Nutrition Medium starter Mother&Babydog száraz kutyaeledel 1kg", "product_name": "Royal Canin Size Health Nutrition Medium starter Mother&Babydog száraz kutyaeledel 1kgRoyal Canin Size Health Nutrition Medium starter Mother&Babydog száraz kutyaeledel 1kg", "brand": "Royal CaninSize Health Nutrition801g – 1kgKölyökszárnyasvemhes vagy szoptatóközepes testű 11-25kg", "regular_price": "3 799", "selling_price": "3 299", "price_per_unit": "1 kg=3299 Ft", "product_url": "https://webshop.fressnapf.hu/termekek/royal-canin-size-health-nutrition-kutya-szarazeledel-medium-starter-motherbabydog-1kg/", "product_description": "Teljes értékű táp anyakutyáknak és kölykeinek, közepes testű fajták számára (11 és 26 kg közötti felnőttkori testtömeg) – elválasztandó kölyökkutyáknak 2 hónapos korig. Az újszülött kölyökkutyák tápanyagszükséglete különleges, hogy segítsen támogatni fejlődésben lévő érzékszerveiket és idegrendszerüket. Továbbá a növekedésben lévő kölyökkutyák táplálása komoly feladat, amely nagyban befolyásolhatja közepes testű kutyája anyagcseréjét. Az elválasztási időszak során, amikor át lehet térni a szilárd táplálékra, az anyakutyának és kölykeinek testreszabott étrendre van szükségük, hogy kielégítsék különleges tápanyagszükségletüket. A ROYAL CANIN® Medium Starter Mother & Babydog tápot kifejezetten az anyakutyák és kölyökkutyáik tápanyagszükségleteit szem előtt tartva fejlesztettük ki. A formula megfelelő a 11 és 25 kg közötti testtömegű, közepes testű felnőtt kutyák és az elválasztás alatt levő kölyökkutyák számára 2 hónapos korig. Ezt az egyedi étrendet kifejezetten ahhoz igazítottuk, hogy megfeleljen közepes testű kutyája nagy energiaszükségletének a vemhesség végén és a szoptatás során. Valamint úgy fejlesztettük ki, hogy támogassa a kölyökkutyák egészséges fejlődését. Összetétele bizonyított komplexet tartalmaz, beleértve a C- és E-vitamint, amely támogatja az egészséges immunrendszer fejlődését. A jótékony hatású prebiotikumok (pl. MOS) és kitűnően emészthető fehérjék kombinációjának köszönhetően a ROYAL CANIN® Medium Starter Mother & Babydog a bél-mikrobióta (bélflóra) egészséges egyensúlyát is támogatja a megfelelő emésztés érdekében. A formula Omega-3 zsírsavakban (pl. DHA) gazdag, amely tudományosan bizonyított módon támogatja a fiatal kölyökkutyák agyának egészséges fejlődését. A ROYAL CANIN® Medium Starter Mother & Babydog tápot könnyű visszanedvesíteni vízzel, melytől étvágygerjesztő kása állaga lesz, amely ideális az elválasztandó kölyökkutyák számára. Tudta, hogy a kölyökkutyák tápanyagszükséglete változik, ahogy növekednek? A rövid, 8 hetes időszak során a kölyökkutyáknak olyan étrendre van szükségük, amely különösen a következő növekedési szakasz tápanyagszükségleteihez igazodik. Ebben a szakaszban át lehet térni a ROYAL CANIN® Medium Puppy tápra, amely száraz tápszemcseként vagy nedves falatokként, szószban kapható. Összetétel: dehidratált baromfifehérje, rizs, állati zsiradékok, növényi fehérjekivonat*, kukorica, cukorrépapép, hidrolizált állati fehérjék, ásványi sók, halolaj, szójaolaj, frukto-oligoszacharidok, élesztő-hidrolizátum (mannán-oligoszacharidok forrása), zsírsav-só, élesztő kivonat (béta-glükánok forrása), bársonyvirág kivonat (lutein forrás). *L.I.P.: kitűnően emészthető, válogatott fehérje. Analitikai összetevők: Nyersfehérje: 30 % – Nyersolajok és -zsírok: 22 % – Nyershamu: 8 % – Nyersrost: 1,3 %. Adalékanyagok (kilogrammonként): Tápértékkel rendelkező adalékanyagok: A vitamin: 19000 NE, D3 vitamin: 1200 NE, E1 (Vas): 40 mg, E2 (Jód): 4 mg, E4 (Réz): 12 mg, E5 (Mangán): 52 mg, E6 (Cink): 133 mg, E8 (Szelén): 0,07 mg – Technológiai adalékanyagok: Üledékes eredetű klinoptilolit: 10 g – Tartósítószerek – Antioxidánsok. Életkor A kutya testsúlya =11 kg A kutya testsúlya = 15 kg A kutya testsúlya = 20 kg A kutya testsúlya = 25 kg 0-2 hét Babydog Milk Babydog Milk Babydog Milk Babydog Milk 2-3 hét Babydog Milk Babydog Milk Babydog Milk 30 g (3/8 mérőpohár) 3-4 hét 10 g (1/8 mérőpohár) 30 g (3/8 mérőpohár) 30 g (3/8 mérőpohár) 90 g  (1 mérőpohár) 4-5 hét 30 g (3/8 mérőpohár) 70 g (6/8 mérőpohár) 100 g  (1+1/8 mérőpoharak) 155 g (1+5/8 mérőpoharak) 5-6 hét 90 g (1 mérőpohár) 120 g (1+2/8 mérőpoharak) 140 g (1+4/8 mérőpoharak) 170 g (1+7/8 mérőpoharak) 6-7 hét 120 g (1+2/8 mérőpoharak) 150 g (1+5/8 mérőpoharak) 190 g (2 mérőpoharak) 225 g (1+3/8 mérőpoharak) 7-8 hét 145 g (1+4/8 mérőpoharak) 190 g (2 mérőpoharak) 230 g (2+4/8 mérőpoharak) 280 g (3 mérőpoharak) Tovább olvasok"}
{"breadcrumb": "Főoldal/Kutya/Eledelek/Száraz eledelek/Royal Canin Size Health Nutrition Medium starter Mother&Babydog száraz kutyaeledel 4kg", "product_name": "Royal Canin Size Health Nutrition Medium starter Mother&Babydog száraz kutyaeledel 4kgRoyal Canin Size Health Nutrition Medium starter Mother&Babydog száraz kutyaeledel 4kg", "brand": "Royal CaninSize Health Nutrition1,1kg – 4kgKölyökszárnyasvemhes vagy szoptatóközepes testű 11-25kg", "regular_price": "3 799", "selling_price": "3 299", "price_per_unit": "1 kg=2875 Ft", "product_url": "https://webshop.fressnapf.hu/termekek/royal-canin-size-health-nutrition-kutya-szarazeledel-medium-starter-motherbabydog-4kg/", "product_description": "Teljes értékű táp anyakutyáknak és kölykeinek, közepes testű fajták számára (11 és 26 kg közötti felnőttkori testtömeg) – elválasztandó kölyökkutyáknak 2 hónapos korig. Az újszülött kölyökkutyák tápanyagszükséglete különleges, hogy segítsen támogatni fejlődésben lévő érzékszerveiket és idegrendszerüket. Továbbá a növekedésben lévő kölyökkutyák táplálása komoly feladat, amely nagyban befolyásolhatja közepes testű kutyája anyagcseréjét. Az elválasztási időszak során, amikor át lehet térni a szilárd táplálékra, az anyakutyának és kölykeinek testreszabott étrendre van szükségük, hogy kielégítsék különleges tápanyagszükségletüket. A ROYAL CANIN® Medium Starter Mother & Babydog tápot kifejezetten az anyakutyák és kölyökkutyáik tápanyagszükségleteit szem előtt tartva fejlesztettük ki. A formula megfelelő a 11 és 25 kg közötti testtömegű, közepes testű felnőtt kutyák és az elválasztás alatt levő kölyökkutyák számára 2 hónapos korig. Ezt az egyedi étrendet kifejezetten ahhoz igazítottuk, hogy megfeleljen közepes testű kutyája nagy energiaszükségletének a vemhesség végén és a szoptatás során. Valamint úgy fejlesztettük ki, hogy támogassa a kölyökkutyák egészséges fejlődését. Összetétele bizonyított komplexet tartalmaz, beleértve a C- és E-vitamint, amely támogatja az egészséges immunrendszer fejlődését. A jótékony hatású prebiotikumok (pl. MOS) és kitűnően emészthető fehérjék kombinációjának köszönhetően a ROYAL CANIN® Medium Starter Mother & Babydog a bél-mikrobióta (bélflóra) egészséges egyensúlyát is támogatja a megfelelő emésztés érdekében. A formula Omega-3 zsírsavakban (pl. DHA) gazdag, amely tudományosan bizonyított módon támogatja a fiatal kölyökkutyák agyának egészséges fejlődését. A ROYAL CANIN® Medium Starter Mother & Babydog tápot könnyű visszanedvesíteni vízzel, melytől étvágygerjesztő kása állaga lesz, amely ideális az elválasztandó kölyökkutyák számára. Tudta, hogy a kölyökkutyák tápanyagszükséglete változik, ahogy növekednek? A rövid, 8 hetes időszak során a kölyökkutyáknak olyan étrendre van szükségük, amely különösen a következő növekedési szakasz tápanyagszükségleteihez igazodik. Ebben a szakaszban át lehet térni a ROYAL CANIN® Medium Puppy tápra, amely száraz tápszemcseként vagy nedves falatokként, szószban kapható. Összetétel: dehidratált baromfifehérje, rizs, állati zsiradékok, növényi fehérjekivonat*, kukorica, cukorrépapép, hidrolizált állati fehérjék, ásványi sók, halolaj, szójaolaj, frukto-oligoszacharidok, élesztő-hidrolizátum (mannán-oligoszacharidok forrása), zsírsav-só, élesztő kivonat (béta-glükánok forrása), bársonyvirág kivonat (lutein forrás). *L.I.P.: kitűnően emészthető, válogatott fehérje. Analitikai összetevők: Nyersfehérje: 30 % – Nyersolajok és -zsírok: 22 % – Nyershamu: 8 % – Nyersrost: 1,3 %. Adalékanyagok (kilogrammonként): Tápértékkel rendelkező adalékanyagok: A vitamin: 19000 NE, D3 vitamin: 1200 NE, E1 (Vas): 40 mg, E2 (Jód): 4 mg, E4 (Réz): 12 mg, E5 (Mangán): 52 mg, E6 (Cink): 133 mg, E8 (Szelén): 0,07 mg – Technológiai adalékanyagok: Üledékes eredetű klinoptilolit: 10 g – Tartósítószerek – Antioxidánsok. Életkor A kutya testsúlya =11 kg A kutya testsúlya = 15 kg A kutya testsúlya = 20 kg A kutya testsúlya = 25 kg 0-2 hét Babydog Milk Babydog Milk Babydog Milk Babydog Milk 2-3 hét Babydog Milk Babydog Milk Babydog Milk 30 g (3/8 mérőpohár) 3-4 hét 10 g (1/8 mérőpohár) 30 g (3/8 mérőpohár) 30 g (3/8 mérőpohár) 90 g  (1 mérőpohár) 4-5 hét 30 g (3/8 mérőpohár) 70 g (6/8 mérőpohár) 100 g  (1+1/8 mérőpoharak) 155 g (1+5/8 mérőpoharak) 5-6 hét 90 g (1 mérőpohár) 120 g (1+2/8 mérőpoharak) 140 g (1+4/8 mérőpoharak) 170 g (1+7/8 mérőpoharak) 6-7 hét 120 g (1+2/8 mérőpoharak) 150 g (1+5/8 mérőpoharak) 190 g (2 mérőpoharak) 225 g (1+3/8 mérőpoharak) 7-8 hét 145 g (1+4/8 mérőpoharak) 190 g (2 mérőpoharak) 230 g (2+4/8 mérőpoharak) 280 g (3 mérőpoharak) Tovább olvasok"}
{"breadcrumb": "Főoldal/Kutya/Eledelek/Száraz eledelek/Royal Canin Size Health Nutrition Mini adult 8+ száraz kutyaeledel 2kg", "product_name": "Royal Canin Size Health Nutrition Mini adult 8+ száraz kutyaeledel 2kgRoyal Canin Size Health Nutrition Mini adult 8+ száraz kutyaeledel 2kg", "brand": "Royal CaninSize Health Nutrition1,1kg – 4kgFelnőttszárnyasbőr&szőr ápolókistestű 10kg-ig", "regular_price": "9 999", "selling_price": "8 999", "price_per_unit": "1 kg=3300 Ft", "product_url": "https://webshop.fressnapf.hu/termekek/royal-canin-size-health-nutrition-kutya-szarazeledel-mini-adult-8-2kg/", "product_description": "Teljes értékű táp felnőtt kutyáknak, kistestű fajták számára (10 kg vagy alatti felnőttkori testtömeg) – 8 éves kortól. Kis testméretük miatt e kutyák sérülékenynek tűnnek. A kistestű kutyák azonban valójában nagyon szívósak. Várható élettartamuk meghaladhatja a 15 évet is, ezért kiemelkedően fontos, hogy a táplálással támogassuk az eltérő életszakaszokban egészségük megőrzését. 8 éves korától a kistestű kutya igényei változnak, az öregedés első jelei mutatkozhatnak, így a táplálást is ehhez kell adaptálni. -A táp gondosan beállított tápanyagtartalma révén segít megőrizni az öregedés első jeleit mutató, kistestű fajtákba tartozó kutyák életerejét. Antioxidánsok egyedülálló komplexét tartalmazza a szabadgyökök semlegesítésének elősegítése érdekében. -A táp összetételének és egyedülálló aromáinak köszönhetően megfelel a kistestű fajtákba tartozó kutyák kényes étvágyának. -A táp a kistestű fajtákba tartozó kutyák nagy energiaszükségletének tökéletes kielégítésével segít fenntartani az egészséges testsúlyt, miközben L-karnitin-tartalma révén támogatja a zsíranyagcserét. -A nagyon ízletes, kisméretű tápszemcsét úgy fejlesztették ki, hogy tökéletesen illeszkedjen a kis testméretű kutyák miniatűr állkapcsaihoz. A különleges összetételű formula segít stimulálni a válogatósabb kutyák étvágyát, és segít fenntartani a jó szájhigiéniát is. Összetétel: Kukorica, rizs, dehidratált baromfifehérje, állati zsiradékok, kukoricaliszt, kukoricaglutén, növényi fehérje kivonat*, hidrolizált állati fehérjék, cukorrépapép, szójaolaj, ásványi sók, halolaj, élesztő és annak részei, frukto-oligoszacharidok, borágó olaj, bársonyvirág kivonat (lutein forrás). *L.I.P.: kitűnően emészthető, válogatott fehérje. Analitikai összetevők: Nyersfehérje: 27% – Nyersolajok és -zsírok: 16% – Nyershamu: 4,9% – Nyersrost: 1,5%. Tápértékkel rendelkező adalékanyagok: A vitamin: 22000 NE, D3 vitamin: 1000 NE, E1 (Vas): 44 mg, E2 (Jód): 4,4 mg, E4 (Réz): 13 mg, E5 (Mangán): 57 mg, E6 (Cink): 140 mg, E8 (Szelén): 0,07 mg, L-karnitin: 50 mg – Érzékszervi adalékanyagok: Tea kivonat (polifenol forrás): 150 mg – Tartósítószerek – Antioxidánsok. A kutya testsúlya Alacsony aktivitás Átlagos aktivitás Magas aktivitás 2 kg 40 g (4/8 mérőpohár) 47 g (4/8 mérőpohár) 53 g (5/8 mérőpohár) 3 kg 54 g (5/8 mérőpohár) 63 g (6/8 mérőpohár) 72 g (6/8 mérőpohár) 4 kg 68 g (6/8 mérőpohár) 78 g (7/8 mérőpohár) 89 g (1 mérőpohár) 5 kg 80 g (7/8 mérőpohár) 93 g (1 mérőpohár) 105 g (1+1/8 mérőpoharak) 6 kg 92 g (1 mérőpohár) 106 g (1+1/8 mérőpoharak) 121 g (1+3/8 mérőpoharak) 7 kg 103 g (1+1/8 mérőpoharak) 119 g (1+2/8 mérőpoharak) 135 g (1+4/8  mérőpoharak) 8 kg 114 g (1+2/8 mérőpoharak) 132 g (1+4/8 mérőpoharak) 150 g (1+5/8  mérőpoharak) 9 kg 124 g (1+3/8 mérőpoharak) 144 g (1+5/8 mérőpoharak) 163 g (1+6/8 mérőpoharak) 10 kg 134 g (1+4/8  mérőpoharak) 156 g (1+6/8 mérőpoharak) 177 g (2 mérőpoharak) Tovább olvasok"}
{"breadcrumb": "Főoldal/Kutya/Eledelek/Nedves eledelek/Royal Canin Size Health Nutrition Mini adult kutya tasak 12x85g", "product_name": "Royal Canin Size Health Nutrition Mini adult kutya tasak 12x85gRoyal Canin Size Health Nutrition Mini adult kutya tasak 12x85g", "brand": "Royal CaninSize Health Nutrition0g – 100gFelnőtthús és állati származékoktasakkistestű 10kg-ig", "regular_price": "8 994", "selling_price": "8 394", "price_per_unit": "359 Ft", "product_url": "https://webshop.fressnapf.hu/termekek/royal-canin-size-health-nutrition-mini-adult-kutya-tasak-12x85g/", "product_description": "Teljes értékű táp felnőtt kutyáknak, kistestű fajták számára (1-10 kg) – 10 hónapostól 8 éves korig. A kis testméretű kutyák hosszabb életűek mint nagyobb termetű társaik, de a felnőttkort is hamarabb érik el, így 10 hónapos koruktól, már a felnőtt táp biztosítja számukra az egészséges táplálást. Ennek megfelelően táplálási igényük is eltérő. Az energia igényük magas, és némely kistestű kutya meglehetősen válogatós. -Segíti az emésztőrendszer egészséges működését és a bélflóra egyensúlyát. -Segít fenntartani a kistestű kutyák ideális testsúlyát. -A táp a bőr egészségének megőrzését elősegítő tápanyagokat tartalmaz. EPA-val és DHAval kiegészített. -Magas nedvesség tartalma kedvező hatású a húgyutak egészségére. Összetétel: Hús és állati származékok, gabonafélék, olajok és zsírok, növényi eredetű származékok, ásványi anyagok, különféle cukrok. Analitikai összetevők: Nyersfehérje: 7,5 % – Nyersolajok és -zsírok: 5,5 % – Nyershamu: 1,6 % – Nyersrost: 1,1 % – Nedvesség: 81,0 % – EPA és DHA: 0,115 %. Tápértékkel rendelkező adalékanyagok: D3 vitamin: 150 NE, E1 (Vas): 6,5 mg, E2 (Jód): 0,2 mg, E4 (Réz): 1,7 mg, E5 (Mangán): 2 mg, E6 (Cink): 20 mg – Technológiai adalékanyagok: Üledékes eredetű klinoptilolit: 2 g. A kutya testsúlya Nedves etetés Nedves + száraz 2 kg 2+1/4 alutasak 1 alutasak + 27 g 4 kg 4 alutasak 1 alutasak+ 58 g 5 kg 4+1/2 alutasak 1 alutasak + 73 g 6 kg 5+1/4 alutasak 1 alutasak + 86 g 8 kg 6+1/2 alutasak 1 alutasak + 112 g 10 kg 7+3/4 alutasak 1 alutasak + 136 g Tovább olvasok"}
{"breadcrumb": "Főoldal/Kutya/Eledelek/Száraz eledelek/Royal Canin Size Health Nutrition Mini adult száraz kutyaeledel 2kg", "product_name": "Royal Canin Size Health Nutrition Mini adult száraz kutyaeledel 2kgRoyal Canin Size Health Nutrition Mini adult száraz kutyaeledel 2kg", "brand": "Royal CaninSize Health Nutrition1,1kg – 4kgFelnőttszárnyasbőr&szőr ápolókistestű 10kg-ig", "regular_price": "9 999", "selling_price": "8 999", "price_per_unit": "1 kg=3150 Ft", "product_url": "https://webshop.fressnapf.hu/termekek/royal-canin-size-health-nutrition-kutya-szarazeledel-mini-adult-2kg/", "product_description": "Teljes értékű táp felnőtt kutyáknak, kistestű fajták számára (10 kg vagy alatti felnőttkori testtömeg) – 10 hónapos kortól. Tökéletes választás kis termetű maximum 10 kg testsúlyú kutyák számára, 10 hónapos kor felett, a , ROYAL CANIN® Mini Adult tápját kifejezetten a kis testméretű fajtákba tartozó kutyák táplálkozási szükségleteinek figyelembevételével állították össze. A kis testméretű fajtákba tartozó kutyáknak aktív életmódjuk van ezért az energia igényük is meglehetősen magas. A ROYAL CANIN® Mini Adult táp a kistermetű kutyák energiaigényéhez megfelelő-a táp tartalmaz L-karnitint is, ami az egészséges zsíranyagcserében fontos szerepet játszó tápanyag. Némely kistermetű kutya válogatós, ezért a ROYAL CANIN® Mini Adult különlegesen ízletes anyagok válogatását tartalmazza amely különösen kívánatossá varázsolja az étkezést még a legválogatósabb kutya számára is. Ez a speciálisan kialakított formula olyan tápanyagokat tartalmaz amely segít megőrizni a bőr és a szőr egészségét . Az omega-3 zsírsavakkal (EPA és DHA) kiegészített ROYAL CANIN® Mini adult kutyatáp a bőrt is segít egészségesen tartani és megfelelően táplálni. Összetétel: Kukorica, kukoricaliszt, dehidratált baromfifehérje, dehidratált marha- és sertésfehérje*, állati zsiradékok, hidrolizált állati fehérjék, kukoricaglutén, cukorrépapép, rizs, búza, növényi fehérje kivonat*, ásványi sók, halolaj, élesztők, szójaolaj, frukto-oligoszacharidok. *L.I.P.: kitűnően emészthető, válogatott fehérje. Analitikai összetevők: Nyersfehérje: 27 % – Nyersolajok és -zsírok: 16 % – Nyershamu: 5,4 % – Nyersrost: 1,4 % – Kilogrammonként: Pentanátrium-trifoszfát: 3,5 g – EPA és DHA: 2,5 g. Tápértékkel rendelkező adalékanyagok: A vitamin: 21500 NE, D3 vitamin: 1000 NE, E1 (Vas): 40 mg, E2 (Jód): 3,1 mg, E4 (Réz): 8 mg, E5 (Mangán): 51 mg, E6 (Cink): 154 mg, E8 (Szelén): 0,1 mg, L-karnitin: 50 mg – Tartósítószerek – Antioxidánsok. A kutya testsúlya Alacsony aktivitás Átlagos aktivitás Magas aktivitás 2 kg 40 g (4/8 mérőpohár) 47 g (4/8 mérőpohár) 53 g (5/8 mérőpohár) 3 kg 55 g (5/8 mérőpohár) 63 g (6/8 mérőpohár) 72 g (6/8 mérőpohár) 4 kg 68 g (6/8 mérőpohár) 79 g (7/8 mérőpohár) 89 g (1 mérőpohár) 5 kg 80 g (7/8 mérőpohár) 93 g (1 mérőpohár) 105 g (1+1/8 mérőpoharak) 6 kg 92 g (1 mérőpohár) 106 g (1+1/8 mérőpoharak) 121 g (1+3/8 mérőpoharak) 7 kg 103 g (1+1/8 mérőpoharak) 119 g (1+3/8 mérőpoharak) 136 g (1+4/8 mérőpoharak) 8 kg 114 g (1+2/8 mérőpoharak) 132 g (1+4/8 mérőpoharak) 150 g (1+5/8 mérőpoharak) 9 kg 125 g (1+3/8 mérőpoharak) 144 g (1+5/8 mérőpoharak) 164 g (1+6/8 mérőpoharak) 10 kg 135 g (1+4/8 mérőpoharak) 156 g (1+6/8 mérőpoharak) 177 g (2 mérőpoharak) Tovább olvasok"}
{"breadcrumb": "Főoldal/Kutya/Eledelek/Száraz eledelek/Royal Canin Size Health Nutrition Mini adult száraz kutyaeledel 4kg", "product_name": "Royal Canin Size Health Nutrition Mini adult száraz kutyaeledel 4kgRoyal Canin Size Health Nutrition Mini adult száraz kutyaeledel 4kg", "brand": "Royal CaninSize Health Nutrition1,1kg – 4kgFelnőttszárnyasbőr&szőr ápolókistestű 10kg-ig", "regular_price": "3 499", "selling_price": "2 999", "price_per_unit": "1 kg=2350 Ft", "product_url": "https://webshop.fressnapf.hu/termekek/royal-canin-size-health-nutrition-kutya-szarazeledel-mini-adult-4kg/", "product_description": "Teljes értékű táp felnőtt kutyáknak, kistestű fajták számára (10 kg vagy alatti felnőttkori testtömeg) – 10 hónapos kortól. Tökéletes választás kis termetű maximum 10 kg testsúlyú kutyák számára, 10 hónapos kor felett, a , ROYAL CANIN® Mini Adult tápját kifejezetten a kis testméretű fajtákba tartozó kutyák táplálkozási szükségleteinek figyelembevételével állították össze. A kis testméretű fajtákba tartozó kutyáknak aktív életmódjuk van ezért az energia igényük is meglehetősen magas. A ROYAL CANIN® Mini Adult táp a kistermetű kutyák energiaigényéhez megfelelő-a táp tartalmaz L-karnitint is, ami az egészséges zsíranyagcserében fontos szerepet játszó tápanyag. Némely kistermetű kutya válogatós, ezért a ROYAL CANIN® Mini Adult különlegesen ízletes anyagok válogatását tartalmazza amely különösen kívánatossá varázsolja az étkezést még a legválogatósabb kutya számára is. Ez a speciálisan kialakított formula olyan tápanyagokat tartalmaz amely segít megőrizni a bőr és a szőr egészségét . Az omega-3 zsírsavakkal (EPA és DHA) kiegészített ROYAL CANIN® Mini adult kutyatáp a bőrt is segít egészségesen tartani és megfelelően táplálni. Összetétel: Kukorica, kukoricaliszt, dehidratált baromfifehérje, dehidratált marha- és sertésfehérje*, állati zsiradékok, hidrolizált állati fehérjék, kukoricaglutén, cukorrépapép, rizs, búza, növényi fehérje kivonat*, ásványi sók, halolaj, élesztők, szójaolaj, frukto-oligoszacharidok. *L.I.P.: kitűnően emészthető, válogatott fehérje. Analitikai összetevők: Nyersfehérje: 27 % – Nyersolajok és -zsírok: 16 % – Nyershamu: 5,4 % – Nyersrost: 1,4 % – Kilogrammonként: Pentanátrium-trifoszfát: 3,5 g – EPA és DHA: 2,5 g. Tápértékkel rendelkező adalékanyagok: A vitamin: 21500 NE, D3 vitamin: 1000 NE, E1 (Vas): 40 mg, E2 (Jód): 3,1 mg, E4 (Réz): 8 mg, E5 (Mangán): 51 mg, E6 (Cink): 154 mg, E8 (Szelén): 0,1 mg, L-karnitin: 50 mg – Tartósítószerek – Antioxidánsok. A kutya testsúlya Alacsony aktivitás Átlagos aktivitás Magas aktivitás 2 kg 40 g (4/8 mérőpohár) 47 g (4/8 mérőpohár) 53 g (5/8 mérőpohár) 3 kg 55 g (5/8 mérőpohár) 63 g (6/8 mérőpohár) 72 g (6/8 mérőpohár) 4 kg 68 g (6/8 mérőpohár) 79 g (7/8 mérőpohár) 89 g (1 mérőpohár) 5 kg 80 g (7/8 mérőpohár) 93 g (1 mérőpohár) 105 g (1+1/8 mérőpoharak) 6 kg 92 g (1 mérőpohár) 106 g (1+1/8 mérőpoharak) 121 g (1+3/8 mérőpoharak) 7 kg 103 g (1+1/8 mérőpoharak) 119 g (1+3/8 mérőpoharak) 136 g (1+4/8 mérőpoharak) 8 kg 114 g (1+2/8 mérőpoharak) 132 g (1+4/8 mérőpoharak) 150 g (1+5/8 mérőpoharak) 9 kg 125 g (1+3/8 mérőpoharak) 144 g (1+5/8 mérőpoharak) 164 g (1+6/8 mérőpoharak) 10 kg 135 g (1+4/8 mérőpoharak) 156 g (1+6/8 mérőpoharak) 177 g (2 mérőpoharak) Tovább olvasok"}
{"breadcrumb": "Főoldal/Kutya/Eledelek/Száraz eledelek/Royal Canin Size Health Nutrition Mini adult száraz kutyaeledel 8kg", "product_name": "Royal Canin Size Health Nutrition Mini adult száraz kutyaeledel 8kgRoyal Canin Size Health Nutrition Mini adult száraz kutyaeledel 8kg", "brand": "Royal CaninSize Health Nutrition4,1kg – 10kgFelnőttszárnyasegészséges felnőtt tápláláskistestű 10kg-ig", "regular_price": "3 499", "selling_price": "2 999", "price_per_unit": "1 kg=2037 Ft", "product_url": "https://webshop.fressnapf.hu/termekek/royal-canin-size-health-nutrition-mini-adult-szaraz-kutyaeledel-8kg/", "product_description": "Teljes értékű táp felnőtt kutyáknak, kistestű fajták számára (10 kg vagy alatti felnőttkori testtömeg) – 10 hónapos kortól. Tökéletes választás kis termetű maximum 10 kg testsúlyú kutyák számára, 10 hónapos kor felett, a , ROYAL CANIN® Mini Adult tápját kifejezetten a kis testméretű fajtákba tartozó kutyák táplálkozási szükségleteinek figyelembevételével állították össze. A kis testméretű fajtákba tartozó kutyáknak aktív életmódjuk van ezért az energia igényük is meglehetősen magas. A ROYAL CANIN® Mini Adult táp a kistermetű kutyák energiaigényéhez megfelelő-a táp tartalmaz L-karnitint is, ami az egészséges zsíranyagcserében fontos szerepet játszó tápanyag. Némely kistermetű kutya válogatós, ezért a ROYAL CANIN® Mini Adult különlegesen ízletes anyagok válogatását tartalmazza amely különösen kívánatossá varázsolja az étkezést még a legválogatósabb kutya számára is. Ez a speciálisan kialakított formula olyan tápanyagokat tartalmaz amely segít megőrizni a bőr és a szőr egészségét . Az omega-3 zsírsavakkal (EPA és DHA) kiegészített ROYAL CANIN® Mini adult kutyatáp a bőrt is segít egészségesen tartani és megfelelően táplálni. Összetétel: Kukorica, kukoricaliszt, dehidratált baromfifehérje, dehidratált marha- és sertésfehérje*, állati zsiradékok, hidrolizált állati fehérjék, kukoricaglutén, cukorrépapép, rizs, búza, növényi fehérje kivonat*, ásványi sók, halolaj, élesztők, szójaolaj, frukto-oligoszacharidok. *L.I.P.: kitűnően emészthető, válogatott fehérje. Analitikai összetevők: Nyersfehérje: 27 % – Nyersolajok és -zsírok: 16 % – Nyershamu: 5,4 % – Nyersrost: 1,4 % – Kilogrammonként: Pentanátrium-trifoszfát: 3,5 g – EPA és DHA: 2,5 g. Tápértékkel rendelkező adalékanyagok: A vitamin: 21500 NE, D3 vitamin: 1000 NE, E1 (Vas): 40 mg, E2 (Jód): 3,1 mg, E4 (Réz): 8 mg, E5 (Mangán): 51 mg, E6 (Cink): 154 mg, E8 (Szelén): 0,1 mg, L-karnitin: 50 mg – Tartósítószerek – Antioxidánsok. A kutya testsúlya Alacsony aktivitás Átlagos aktivitás Magas aktivitás 2 kg 40 g (4/8 mérőpohár) 47 g (4/8 mérőpohár) 53 g (5/8 mérőpohár) 3 kg 55 g (5/8 mérőpohár) 63 g (6/8 mérőpohár) 72 g (6/8 mérőpohár) 4 kg 68 g (6/8 mérőpohár) 79 g (7/8 mérőpohár) 89 g (1 mérőpohár) 5 kg 80 g (7/8 mérőpohár) 93 g (1 mérőpohár) 105 g (1+1/8 mérőpoharak) 6 kg 92 g (1 mérőpohár) 106 g (1+1/8 mérőpoharak) 121 g (1+3/8 mérőpoharak) 7 kg 103 g (1+1/8 mérőpoharak) 119 g (1+3/8 mérőpoharak) 136 g (1+4/8 mérőpoharak) 8 kg 114 g (1+2/8 mérőpoharak) 132 g (1+4/8 mérőpoharak) 150 g (1+5/8 mérőpoharak) 9 kg 125 g (1+3/8 mérőpoharak) 144 g (1+5/8 mérőpoharak) 164 g (1+6/8 mérőpoharak) 10 kg 135 g (1+4/8 mérőpoharak) 156 g (1+6/8 mérőpoharak) 177 g (2 mérőpoharak) Tovább olvasok"}
{"breadcrumb": "Főoldal/Kutya/Eledelek/Száraz eledelek/Royal Canin Size Health Nutrition Mini Ageing 12+ száraz kutyaeledel 1,5kg", "product_name": "Royal Canin Size Health Nutrition Mini Ageing 12+ száraz kutyaeledel 1,5kgRoyal Canin Size Health Nutrition Mini Ageing 12+ száraz kutyaeledel 1,5kg", "brand": "Royal CaninSize Health Nutrition1,1kg – 4kgIdősszárnyasbőr&szőr ápolókistestű 10kg-ig", "regular_price": "3 499", "selling_price": "2 999", "price_per_unit": "1 kg=3466 Ft", "product_url": "https://webshop.fressnapf.hu/termekek/royal-canin-size-health-nutrition-kutya-szarazeledel-mini-ageing-12-15kg/", "product_description": "Teljes értékű táp idősödő kutyáknak, kistestű fajták számára (10 kg vagy alatti felnőttkori testtömeg) – 12 éves kortól. A kis test méretű kutyák várható élettartama meghaladhatja a 15 évet is, ezért kiemelkedően fontos hogy a táplálással támogassuk számukra az öregedés egészséges folyamatát. Az öregedés támogatását a megfelelő táplálással is biztosíthatjuk, sokat tehetünk kistestű kutyánk egészségéért. A megfelelő táplálásnak az egészséges veseműködést is támogathatjuk. -A táp rendeltetése, hogy elősegítse a kistestű fajtákba tartozó kutyák egészséges öregedését. EPA-t, DHA-t és egy egyedülálló antioxidáns komplexet tartalmaz a szabadgyökök semlegesítésének elősegítése érdekében. -A táp gondosan beállított foszfortartalmának köszönhetően segít megőrizni a kistestű fajtákba tartozó idősödő kutyák egészséges veseműködését. -A bőr egészségét támogató specifikus tápanyagokat tartalmaz. EPA-val és DHA-val kiegészített -A nagyon ízletes, kisméretű tápszemcsét úgy fejlesztették ki, hogy tökéletesen illeszkedjen a kis testméretű kutyák miniatűr állkapcsaihoz, emellett a tápszemcsék az idős korhoz adaptáltak. Összetétel: Rizs, kukorica, dehidratált baromfifehérje, kukoricaliszt, növényi fehérje kivonat*, kukoricaglutén, állati zsiradékok, hidrolizált állati fehérjék, ásványi sók, cukorrépapép, halolaj, növényi rostok, paradicsom (likopin forrás), szójaolaj, frukto-oligoszacharidok, élesztő-hidrolizátum (mannán-oligoszacharidok forrása), borágó olaj, bársonyvirág kivonat (lutein forrás). *L.I.P.: kitűnően emészthető, válogatott fehérje. Analitikai összetevők: Nyersfehérje: 26,0 % – Nyersolajok és -zsírok: 14,0 % – Nyershamu: 5,0 % – Nyersrost: 2,1 % – Kilogrammonként: EPA/DHA: 4,5 g – Foszfor: 5 g. Tápértékkel rendelkező adalékanyagok: A vitamin: 30000 NE, D3 vitamin: 800 NE, E1 (Vas): 46 mg, E2 (Jód): 4,6 mg, E4 (Réz): 14 mg, E5 (Mangán): 60 mg, E6 (Cink): 146 mg, E8 (Szelén): 0,1 mg – Érzékszervi adalékanyagok: Tea kivonat (polifenol forrás): 150 mg – Tartósítószerek – Antioxidánsok. A kutya testsúlya Lakásban – aktivitás nélkül Átlagos aktivitás Magas aktivitás Gramm Mérőpoharak Gramm Mérőpoharak Gramm Mérőpoharak 2 kg 42 g 4/8 48 g 5/8 55 g 5/8 3 kg 57 g 5/8j 66 g 6/8 74 g 7/8 4 kg 70 g 7/8 81 g 1 92 g 1+1/8 5 kg 83 g 1 96 g 1+1/8 109 g 1+2/8 6 kg 95 g 1+1/8 110 g 1+2/8 125 g 1+4/8 7 kg 107 g 1+2/8 124 g 1+4/8 141 g 1+5/8 8 kg 118 g 1+3/8 137 g 1+5/8 155 g 1+7/8 9 kg 129 g 1+4/8 149 g 1+6/8 170 g 2 10 kg 140 g 1+5/8 162 g 1+7/8 184 g 2+2/8 Tovább olvasok"}
{"breadcrumb": "Főoldal/Kutya/Eledelek/Száraz eledelek/Royal Canin Size Health Nutrition Mini puppy száraz kutyaeledel 2kg", "product_name": "Royal Canin Size Health Nutrition Mini puppy száraz kutyaeledel 2kgRoyal Canin Size Health Nutrition Mini puppy száraz kutyaeledel 2kg", "brand": "Royal CaninSize Health Nutrition1,1kg – 4kgKölyökszárnyasgyomor&emésztéskistestű 10kg-ig", "regular_price": "9 999", "selling_price": "8 999", "price_per_unit": "1 kg=3550 Ft", "product_url": "https://webshop.fressnapf.hu/termekek/royal-canin-size-health-nutrition-kutya-szarazeledel-mini-puppy-2kg/", "product_description": "Teljes értékű táp kölyökkutyáknak, kistestű fajták számára (10 kg vagy alatti felnőttkori testtömeg) – 10 hónapos korig. A kistestű kölyökkutyák rendkívül gyorsan nőnek. Intenzív növekedési szakaszuk során elegendő mennyiségű kalóriára és megfelelő tápanyagokra van szükségük az egészséges növekedéshez. Ebben a növekedési fázisban fejlődnek ki kölyökkutyája csontjai, izmai, érzékszervei és idegrendszere. Ekkor gyengül meg az anya kolosztrumával felvett ellenanyagok szintje, ami azt jelenti, hogy a kölyökkutyáknak optimális fehérjemennyiségre van szükségük, hogy kifejlődjön saját immunrendszerük. A ROYAL CANIN® Mini Puppy tápot kifejezetten a kistestű kölyökkutyák tápanyagszükségleteit szem előtt tartva fejlesztettük ki. Összetétele megfelelő a 2-10 hónapos kölyökkutyák számára, amelyeknek 4-10 kg felnőttkori testsúlyt kell elérniük. Ez az egyedi étrend Omega-3 zsírsavakban (pl. DHA) gazdag, amely tudományosan bizonyított módon támogatja a kölyökkutya agyának egészséges fejlődését. Továbbá a formula optimális energiatartalommal rendelkezik, hogy kielégítse a gyorsan növekvő kistestű kölyökkutyák energiaigényét. Ez a formula olyan tápanyagokat tartalmaz, mint a C- és E-vitamin, amelyek bizonyítottan támogatják a kölyökkutyák természetes védekezőrendszerét, míg immunrendszerük fejlődésben van. A jótékony hatású prebiotikumok (pl. FOS, MOS és cukorrépapép) és kitűnően emészthető fehérjék kombinációjának köszönhetően a ROYAL CANIN® Mini Puppy a bél-mikrobióta (bélflóra) egészséges egyensúlyát is támogatja a megfelelő emésztés érdekében. A ROYAL CANIN® Mini Puppy kifejezetten kölyökkutyája kis állkapcsához igazodik, így egyszerű felvenni és elrágni. Támogatja továbbá a fogak egészségét, köszönhetően mechanikus fogtisztító hatásának, miközben a kölyökkutya rág. Tudta, hogy a kölyökkutyák tápanyagszükséglete változik, ahogy növekednek? Mire kölyökkutyája eléri a 10 hónapos kort, olyan étrendre van szüksége, amely egyedileg igazított, hogy megfeleljen a tápanyagszükségleteinek felnőtt kutyaként. Ebben a szakaszban a kutya áttérhet a ROYAL CANIN® Mini Adult tápra, amely száraz tápszemcseként vagy nedves falatokként, szószban kapható. Összetétel: Dehidratált baromfifehérje, rizs, állati zsiradékok, növényi fehérje kivonat*, kukorica, dehidratált marha- és sertésfehérje*, cukorrépapép, kukoricaliszt, hidrolizált állati fehérjék, kukoricaglutén, ásványi sók, halolaj, szójaolaj, frukto-oligoszacharidok (0,34 %), élesztő-hidrolizátum (mannán-oligoszacharidok forrása), élesztő kivonat (béta-glükánok forrása), bársonyvirág kivonat (lutein forrás). *L.I.P.: kitűnően emészthető, válogatott fehérje. Analitikai összetevők: Nyersfehérje: 31 % – Nyersolajok és -zsírok: 20 % – Nyershamu: 7,3 % – Nyersrost: 1,5 %. Tápértékkel rendelkező adalékanyagok: A vitamin: 21500 NE, D3 vitamin: 1000 NE, E vitamin: 520 mg, E1 (Vas): 40 mg, E2 (Jód): 4 mg, E4 (Réz): 12 mg, E5 (Mangán): 52 mg, E6 (Cink): 132 mg, E8 (Szelén): 0,06 mg – Technológiai adalékanyagok: Üledékes eredetű klinoptilolit: 10 g – Érzékszervi adalékanyagok: Yucca kivonat: 125 mg – Tartósítószerek – Antioxidánsok. Életkor (hónap) Felnőttkori testsúly = 2 kg Felnőttkori testsúly = 6 kg Felnőttkori testsúly = 10 kg Gramm Mérőpoharak Gramm Mérőpoharak Gramm Mérőpoharak 2 49 g 4/8 103 g 1+1/8 146 g 1+5/8 3 54 g 5/8 119 g 1+2/8 172 g 1+7/8 4 55 g 5/8 125 g 1+3/8 182 g) 2 5 55 g 5/8 126 g 1+3/8 185 g 2 6 48 g 4/8 125 g 1+3/8 184 g 2 7 40 g 4/8 113 g 1+2/8 167 g 1+7/8 8 39 g 3/8 101 g 1+1/8 149 g 1+5/8 9 39 g 3/8 90 g 1 133 g 1+4/8 10 39 g 3/8 89 g 1 132 g 1+4/8 11 Mini Adult – Mini Adult – 131 g 1+3/8 Tovább olvasok"}
{"breadcrumb": "Főoldal/Kutya/Eledelek/Száraz eledelek/Royal Canin Size Health Nutrition Mini puppy száraz kutyaeledel 4kg", "product_name": "Royal Canin Size Health Nutrition Mini puppy száraz kutyaeledel 4kgRoyal Canin Size Health Nutrition Mini puppy száraz kutyaeledel 4kg", "brand": "Royal CaninSize Health Nutrition1,1kg – 4kgKölyökszárnyasgyomor&emésztéskistestű 10kg-ig", "regular_price": "11 499", "selling_price": "9 999", "price_per_unit": "1 kg=2850 Ft", "product_url": "https://webshop.fressnapf.hu/termekek/royal-canin-size-health-nutrition-kutya-szarazeledel-mini-puppy-4kg/", "product_description": "Teljes értékű táp kölyökkutyáknak, kistestű fajták számára (10 kg vagy alatti felnőttkori testtömeg) – 10 hónapos korig. A kistestű kölyökkutyák rendkívül gyorsan nőnek. Intenzív növekedési szakaszuk során elegendő mennyiségű kalóriára és megfelelő tápanyagokra van szükségük az egészséges növekedéshez. Ebben a növekedési fázisban fejlődnek ki kölyökkutyája csontjai, izmai, érzékszervei és idegrendszere. Ekkor gyengül meg az anya kolosztrumával felvett ellenanyagok szintje, ami azt jelenti, hogy a kölyökkutyáknak optimális fehérjemennyiségre van szükségük, hogy kifejlődjön saját immunrendszerük. A ROYAL CANIN® Mini Puppy tápot kifejezetten a kistestű kölyökkutyák tápanyagszükségleteit szem előtt tartva fejlesztettük ki. Összetétele megfelelő a 2-10 hónapos kölyökkutyák számára, amelyeknek 4-10 kg felnőttkori testsúlyt kell elérniük. Ez az egyedi étrend Omega-3 zsírsavakban (pl. DHA) gazdag, amely tudományosan bizonyított módon támogatja a kölyökkutya agyának egészséges fejlődését. Továbbá a formula optimális energiatartalommal rendelkezik, hogy kielégítse a gyorsan növekvő kistestű kölyökkutyák energiaigényét. Ez a formula olyan tápanyagokat tartalmaz, mint a C- és E-vitamin, amelyek bizonyítottan támogatják a kölyökkutyák természetes védekezőrendszerét, míg immunrendszerük fejlődésben van. A jótékony hatású prebiotikumok (pl. FOS, MOS és cukorrépapép) és kitűnően emészthető fehérjék kombinációjának köszönhetően a ROYAL CANIN® Mini Puppy a bél-mikrobióta (bélflóra) egészséges egyensúlyát is támogatja a megfelelő emésztés érdekében. A ROYAL CANIN® Mini Puppy kifejezetten kölyökkutyája kis állkapcsához igazodik, így egyszerű felvenni és elrágni. Támogatja továbbá a fogak egészségét, köszönhetően mechanikus fogtisztító hatásának, miközben a kölyökkutya rág. Tudta, hogy a kölyökkutyák tápanyagszükséglete változik, ahogy növekednek? Mire kölyökkutyája eléri a 10 hónapos kort, olyan étrendre van szüksége, amely egyedileg igazított, hogy megfeleljen a tápanyagszükségleteinek felnőtt kutyaként. Ebben a szakaszban a kutya áttérhet a ROYAL CANIN® Mini Adult tápra, amely száraz tápszemcseként vagy nedves falatokként, szószban kapható. Összetétel: Dehidratált baromfifehérje, rizs, állati zsiradékok, növényi fehérje kivonat*, kukorica, dehidratált marha- és sertésfehérje*, cukorrépapép, kukoricaliszt, hidrolizált állati fehérjék, kukoricaglutén, ásványi sók, halolaj, szójaolaj, frukto-oligoszacharidok (0,34 %), élesztő-hidrolizátum (mannán-oligoszacharidok forrása), élesztő kivonat (béta-glükánok forrása), bársonyvirág kivonat (lutein forrás). *L.I.P.: kitűnően emészthető, válogatott fehérje. Analitikai összetevők: Nyersfehérje: 31 % – Nyersolajok és -zsírok: 20 % – Nyershamu: 7,3 % – Nyersrost: 1,5 %. Tápértékkel rendelkező adalékanyagok: A vitamin: 21500 NE, D3 vitamin: 1000 NE, E vitamin: 520 mg, E1 (Vas): 40 mg, E2 (Jód): 4 mg, E4 (Réz): 12 mg, E5 (Mangán): 52 mg, E6 (Cink): 132 mg, E8 (Szelén): 0,06 mg – Technológiai adalékanyagok: Üledékes eredetű klinoptilolit: 10 g – Érzékszervi adalékanyagok: Yucca kivonat: 125 mg – Tartósítószerek – Antioxidánsok. Életkor (hónap) Felnőttkori testsúly = 2 kg Felnőttkori testsúly = 6 kg Felnőttkori testsúly = 10 kg Gramm Mérőpoharak Gramm Mérőpoharak Gramm Mérőpoharak 2 49 g 4/8 103 g 1+1/8 146 g 1+5/8 3 54 g 5/8 119 g 1+2/8 172 g 1+7/8 4 55 g 5/8 125 g 1+3/8 182 g) 2 5 55 g 5/8 126 g 1+3/8 185 g 2 6 48 g 4/8 125 g 1+3/8 184 g 2 7 40 g 4/8 113 g 1+2/8 167 g 1+7/8 8 39 g 3/8 101 g 1+1/8 149 g 1+5/8 9 39 g 3/8 90 g 1 133 g 1+4/8 10 39 g 3/8 89 g 1 132 g 1+4/8 11 Mini Adult – Mini Adult – 131 g 1+3/8 Tovább olvasok"}
{"breadcrumb": "Főoldal/Kutya/Eledelek/Száraz eledelek/Royal Canin Size Health Nutrition Mini puppy száraz kutyaeledel 800g", "product_name": "Royal Canin Size Health Nutrition Mini puppy száraz kutyaeledel 800gRoyal Canin Size Health Nutrition Mini puppy száraz kutyaeledel 800g", "brand": "Royal CaninSize Health Nutrition601g – 800gKölyökszárnyasgyomor&emésztéskistestű 10kg-ig", "regular_price": "9 999", "selling_price": "8 999", "price_per_unit": "1 kg=3749 Ft", "product_url": "https://webshop.fressnapf.hu/termekek/royal-canin-size-health-nutrition-kutya-szarazeledel-mini-puppy-800g/", "product_description": "Teljes értékű táp kölyökkutyáknak, kistestű fajták számára (10 kg vagy alatti felnőttkori testtömeg) – 10 hónapos korig. A kistestű kölyökkutyák rendkívül gyorsan nőnek. Intenzív növekedési szakaszuk során elegendő mennyiségű kalóriára és megfelelő tápanyagokra van szükségük az egészséges növekedéshez. Ebben a növekedési fázisban fejlődnek ki kölyökkutyája csontjai, izmai, érzékszervei és idegrendszere. Ekkor gyengül meg az anya kolosztrumával felvett ellenanyagok szintje, ami azt jelenti, hogy a kölyökkutyáknak optimális fehérjemennyiségre van szükségük, hogy kifejlődjön saját immunrendszerük. A ROYAL CANIN® Mini Puppy tápot kifejezetten a kistestű kölyökkutyák tápanyagszükségleteit szem előtt tartva fejlesztettük ki. Összetétele megfelelő a 2-10 hónapos kölyökkutyák számára, amelyeknek 4-10 kg felnőttkori testsúlyt kell elérniük. Ez az egyedi étrend Omega-3 zsírsavakban (pl. DHA) gazdag, amely tudományosan bizonyított módon támogatja a kölyökkutya agyának egészséges fejlődését. Továbbá a formula optimális energiatartalommal rendelkezik, hogy kielégítse a gyorsan növekvő kistestű kölyökkutyák energiaigényét. Ez a formula olyan tápanyagokat tartalmaz, mint a C- és E-vitamin, amelyek bizonyítottan támogatják a kölyökkutyák természetes védekezőrendszerét, míg immunrendszerük fejlődésben van. A jótékony hatású prebiotikumok (pl. FOS, MOS és cukorrépapép) és kitűnően emészthető fehérjék kombinációjának köszönhetően a ROYAL CANIN® Mini Puppy a bél-mikrobióta (bélflóra) egészséges egyensúlyát is támogatja a megfelelő emésztés érdekében. A ROYAL CANIN® Mini Puppy kifejezetten kölyökkutyája kis állkapcsához igazodik, így egyszerű felvenni és elrágni. Támogatja továbbá a fogak egészségét, köszönhetően mechanikus fogtisztító hatásának, miközben a kölyökkutya rág. Tudta, hogy a kölyökkutyák tápanyagszükséglete változik, ahogy növekednek? Mire kölyökkutyája eléri a 10 hónapos kort, olyan étrendre van szüksége, amely egyedileg igazított, hogy megfeleljen a tápanyagszükségleteinek felnőtt kutyaként. Ebben a szakaszban a kutya áttérhet a ROYAL CANIN® Mini Adult tápra, amely száraz tápszemcseként vagy nedves falatokként, szószban kapható. Összetétel: Dehidratált baromfifehérje, rizs, állati zsiradékok, növényi fehérje kivonat*, kukorica, dehidratált marha- és sertésfehérje*, cukorrépapép, kukoricaliszt, hidrolizált állati fehérjék, kukoricaglutén, ásványi sók, halolaj, szójaolaj, frukto-oligoszacharidok (0,34 %), élesztő-hidrolizátum (mannán-oligoszacharidok forrása), élesztő kivonat (béta-glükánok forrása), bársonyvirág kivonat (lutein forrás). *L.I.P.: kitűnően emészthető, válogatott fehérje. Analitikai összetevők: Nyersfehérje: 31 % – Nyersolajok és -zsírok: 20 % – Nyershamu: 7,3 % – Nyersrost: 1,5 %. Tápértékkel rendelkező adalékanyagok: A vitamin: 21500 NE, D3 vitamin: 1000 NE, E vitamin: 520 mg, E1 (Vas): 40 mg, E2 (Jód): 4 mg, E4 (Réz): 12 mg, E5 (Mangán): 52 mg, E6 (Cink): 132 mg, E8 (Szelén): 0,06 mg – Technológiai adalékanyagok: Üledékes eredetű klinoptilolit: 10 g – Érzékszervi adalékanyagok: Yucca kivonat: 125 mg – Tartósítószerek – Antioxidánsok. Életkor (hónap) Felnőttkori testsúly = 2 kg Felnőttkori testsúly = 6 kg Felnőttkori testsúly = 10 kg Gramm Mérőpoharak Gramm Mérőpoharak Gramm Mérőpoharak 2 49 g 4/8 103 g 1+1/8 146 g 1+5/8 3 54 g 5/8 119 g 1+2/8 172 g 1+7/8 4 55 g 5/8 125 g 1+3/8 182 g) 2 5 55 g 5/8 126 g 1+3/8 185 g 2 6 48 g 4/8 125 g 1+3/8 184 g 2 7 40 g 4/8 113 g 1+2/8 167 g 1+7/8 8 39 g 3/8 101 g 1+1/8 149 g 1+5/8 9 39 g 3/8 90 g 1 133 g 1+4/8 10 39 g 3/8 89 g 1 132 g 1+4/8 11 Mini Adult – Mini Adult – 131 g 1+3/8 Tovább olvasok"}
{"breadcrumb": "Főoldal/Kutya/Eledelek/Száraz eledelek/Royal Canin Size Health Nutrition Mini puppy száraz kutyaeledel 8kg", "product_name": "Royal Canin Size Health Nutrition Mini puppy száraz kutyaeledel 8kgRoyal Canin Size Health Nutrition Mini puppy száraz kutyaeledel 8kg", "brand": "Royal CaninSize Health Nutrition4,1kg – 10kgKölyökszárnyasgyomor&emésztés", "regular_price": "11 499", "selling_price": "9 999", "price_per_unit": "1 kg=2262 Ft", "product_url": "https://webshop.fressnapf.hu/termekek/royal-canin-size-health-nutrition-mini-puppy-szaraz-kutyaeledel-8kg/", "product_description": "Teljes értékű táp kölyökkutyáknak, kistestű fajták számára (10 kg vagy alatti felnőttkori testtömeg) – 10 hónapos korig. A kistestű kölyökkutyák rendkívül gyorsan nőnek. Intenzív növekedési szakaszuk során elegendő mennyiségű kalóriára és megfelelő tápanyagokra van szükségük az egészséges növekedéshez. Ebben a növekedési fázisban fejlődnek ki kölyökkutyája csontjai, izmai, érzékszervei és idegrendszere. Ekkor gyengül meg az anya kolosztrumával felvett ellenanyagok szintje, ami azt jelenti, hogy a kölyökkutyáknak optimális fehérjemennyiségre van szükségük, hogy kifejlődjön saját immunrendszerük. A ROYAL CANIN® Mini Puppy tápot kifejezetten a kistestű kölyökkutyák tápanyagszükségleteit szem előtt tartva fejlesztettük ki. Összetétele megfelelő a 2-10 hónapos kölyökkutyák számára, amelyeknek 4-10 kg felnőttkori testsúlyt kell elérniük. Ez az egyedi étrend Omega-3 zsírsavakban (pl. DHA) gazdag, amely tudományosan bizonyított módon támogatja a kölyökkutya agyának egészséges fejlődését. Továbbá a formula optimális energiatartalommal rendelkezik, hogy kielégítse a gyorsan növekvő kistestű kölyökkutyák energiaigényét. Ez a formula olyan tápanyagokat tartalmaz, mint a C- és E-vitamin, amelyek bizonyítottan támogatják a kölyökkutyák természetes védekezőrendszerét, míg immunrendszerük fejlődésben van. A jótékony hatású prebiotikumok (pl. FOS, MOS és cukorrépapép) és kitűnően emészthető fehérjék kombinációjának köszönhetően a ROYAL CANIN® Mini Puppy a bél-mikrobióta (bélflóra) egészséges egyensúlyát is támogatja a megfelelő emésztés érdekében. A ROYAL CANIN® Mini Puppy kifejezetten kölyökkutyája kis állkapcsához igazodik, így egyszerű felvenni és elrágni. Támogatja továbbá a fogak egészségét, köszönhetően mechanikus fogtisztító hatásának, miközben a kölyökkutya rág. Tudta, hogy a kölyökkutyák tápanyagszükséglete változik, ahogy növekednek? Mire kölyökkutyája eléri a 10 hónapos kort, olyan étrendre van szüksége, amely egyedileg igazított, hogy megfeleljen a tápanyagszükségleteinek felnőtt kutyaként. Ebben a szakaszban a kutya áttérhet a ROYAL CANIN® Mini Adult tápra, amely száraz tápszemcseként vagy nedves falatokként, szószban kapható. Összetétel: Dehidratált baromfifehérje, rizs, állati zsiradékok, növényi fehérje kivonat*, kukorica, dehidratált marha- és sertésfehérje*, cukorrépapép, kukoricaliszt, hidrolizált állati fehérjék, kukoricaglutén, ásványi sók, halolaj, szójaolaj, frukto-oligoszacharidok (0,34 %), élesztő-hidrolizátum (mannán-oligoszacharidok forrása), élesztő kivonat (béta-glükánok forrása), bársonyvirág kivonat (lutein forrás). *L.I.P.: kitűnően emészthető, válogatott fehérje. Analitikai összetevők: Nyersfehérje: 31 % – Nyersolajok és -zsírok: 20 % – Nyershamu: 7,3 % – Nyersrost: 1,5 %. Tápértékkel rendelkező adalékanyagok: A vitamin: 21500 NE, D3 vitamin: 1000 NE, E vitamin: 520 mg, E1 (Vas): 40 mg, E2 (Jód): 4 mg, E4 (Réz): 12 mg, E5 (Mangán): 52 mg, E6 (Cink): 132 mg, E8 (Szelén): 0,06 mg – Technológiai adalékanyagok: Üledékes eredetű klinoptilolit: 10 g – Érzékszervi adalékanyagok: Yucca kivonat: 125 mg – Tartósítószerek – Antioxidánsok. Életkor (hónap) Felnőttkori testsúly = 2 kg Felnőttkori testsúly = 6 kg Felnőttkori testsúly = 10 kg Gramm Mérőpoharak Gramm Mérőpoharak Gramm Mérőpoharak 2 49 g 4/8 103 g 1+1/8 146 g 1+5/8 3 54 g 5/8 119 g 1+2/8 172 g 1+7/8 4 55 g 5/8 125 g 1+3/8 182 g) 2 5 55 g 5/8 126 g 1+3/8 185 g 2 6 48 g 4/8 125 g 1+3/8 184 g 2 7 40 g 4/8 113 g 1+2/8 167 g 1+7/8 8 39 g 3/8 101 g 1+1/8 149 g 1+5/8 9 39 g 3/8 90 g 1 133 g 1+4/8 10 39 g 3/8 89 g 1 132 g 1+4/8 11 Mini Adult – Mini Adult – 131 g 1+3/8 Tovább olvasok"}
{"breadcrumb": "Főoldal/Kutya/Eledelek/Száraz eledelek/Royal Canin Size Health Nutrition Mini starter Mother&Babydog száraz kutyaeledel 1kg", "product_name": "Royal Canin Size Health Nutrition Mini starter Mother&Babydog száraz kutyaeledel 1kgRoyal Canin Size Health Nutrition Mini starter Mother&Babydog száraz kutyaeledel 1kg", "brand": "Royal CaninSize Health Nutrition801g – 1kgKölyökszárnyasvemhes vagy szoptatókistestű 10kg-ig", "regular_price": "3 699", "selling_price": "3 499", "price_per_unit": "1 kg=4099 Ft", "product_url": "https://webshop.fressnapf.hu/termekek/royal-canin-size-health-nutrition-kutya-szarazeledel-mini-starter-motherbabydog-1kg/", "product_description": "Teljes értékű táp anyakutyáknak és kölyökeinek, kistestű fajták számára (1 és 10 kg közötti felnőttkori testtömeg) – elválasztandó kölyökkutyáknak 2 hónapos korig. Az újszülött kölyökkutyák tápanyagszükséglete különleges, hogy segítsen támogatni fejlődésben lévő érzékszerveiket és idegrendszerüket. Továbbá a növekedésben lévő kölyökkutyák táplálása komoly feladat, amely nagyban befolyásolhatja kistestű kutyája anyagcseréjét. Az elválasztási időszak során, amikor át lehet térni a szilárd táplálékra, az anyakutyának és kölykeinek testreszabott étrendre van szükségük, hogy kielégítsék különleges tápanyagszükségletüket. A ROYAL CANIN® Mini Starter Mother & Babydog tápot kifejezetten az anyakutyák és kölyökkutyáik tápanyagszükségleteit szem előtt tartva fejlesztettük ki. A formula megfelelő a legfeljebb 10 kg testtömegű, kistestű felnőtt kutyák és az elválasztás alatt levő kölyökkutyák számára 2 hónapos korig. Ezt az egyedi étrendet kifejezetten ahhoz igazítottuk, hogy megfeleljen kistestű kutyája nagy energiaszükségletének a vemhesség végén és a szoptatás során. Valamint úgy fejlesztettük ki, hogy támogassa a kölyökkutyák egészséges fejlődését. Összetétele bizonyított komplexet tartalmaz, beleértve a C- és E-vitamint, amely támogatja az egészséges immunrendszer fejlődését. A jótékony hatású prebiotikumok (pl. MOS) és kitűnően emészthető fehérjék kombinációjának köszönhetően a ROYAL CANIN® Mini Starter Mother & Babydog a bél-mikrobióta (bélflóra) egészséges egyensúlyát is támogatja a megfelelő emésztés érdekében. A formula Omega-3 zsírsavakban (pl. DHA) gazdag, amely tudományosan bizonyított módon támogatja a fiatal kölyökkutyák agyának egészséges fejlődését. A ROYAL CANIN® Mini Starter Mother & Babydog tápot könnyű visszanedvesíteni vízzel, melytől étvágygerjesztő kása állaga lesz, amely ideális az elválasztandó kölyökkutyák számára. Tudta, hogy a kölyökkutyák tápanyagszükséglete változik, ahogy növekednek? A rövid, 8 hetes időszak során a kölyökkutyáknak olyan étrendre van szükségük, amely különösen a következő növekedési szakasz tápanyagszükségleteihez igazodik. Ebben a szakaszban át lehet térni a ROYAL CANIN® Mini Puppy tápra, amely száraz tápszemcseként vagy nedves szószban kapható. Összetétel: Dehidratált baromfifehérje, rizs, állati zsiradékok, növényi fehérje kivonat*, kukorica, cukorrépapép, hidrolizált állati fehérjék, ásványi sók, halolaj, szójaolaj, frukto-oligoszacharidok, élesztő-hidrolizátum (mannán-oligoszacharidok forrása), zsírsav-só, élesztő kivonat (béta-glükánok forrása), bársonyvirág kivonat (lutein forrás). *L.I.P.: kitűnően emészthető, válogatott fehérje. Analitikai összetevők: Nyersfehérje: 30% – Nyersolajok és -zsírok: 22% – Nyershamu: 8% – Nyersrost: 1,3%. Tápértékkel rendelkező adalékanyagok: A vitamin: 19000 NE, D3 vitamin: 1200 NE, E1 (Vas): 40 mg, E2 (Jód): 4 mg, E4 (Réz): 12 mg, E5 (Mangán): 52 mg, E6 (Cink): 133 mg, E8 (Szelén): 0,07 mg – Technológiai adalékanyagok: Üledékes eredetű klinoptilolit: 10 g – Tartósítószerek – Antioxidánsok. Életkor (hetes) A kutya testsúlya = 1-2 kg A kutya testsúlya = 3 kg A kutya testsúlya = 4-5 kg A kutya testsúlya = 7 kg A kutya testsúlya = 10 kg 0-3 hetes Babydog Milk Babydog Milk Babydog Milk Babydog Milk Babydog Milk 3-4 hetes 10 g (1/8 mérőpohár) 10 g (1/8 mérőpohár) 10 g (1/8 mérőpohár) 10 g (1/8 mérőpohár) 10 g (1/8 mérőpohár) 4-5 hetes 30 g (3/8 mérőpohár) 30 g (3/8 mérőpohár) 30 g (3/8 mérőpohár) 30 g (3/8 mérőpohár) 30 g (3/8 mérőpohár) 5-6 hetes 30 g (3/8 mérőpohár) 30 g (3/8 mérőpohár) 60 g (5/8 mérőpohár) 90 g (1 mérőpohár) 90 g (1 mérőpohár) 6-7 hetes 40 g (4/8 mérőpohár) 40 g (4/8 mérőpohár) 80 g (5/8 mérőpohár) 120 g (1 mérőpohár) 120 g (1 mérőpohár) 7-8 hetes 50 g (4/8 mérőpohár) 50 g (4/8 mérőpohár) 95 g (1 mérőpohár) 145 g (1+5/8 mérőpoharak) 145 g (1+5/8 mérőpoharak) Tovább olvasok"}
{"breadcrumb": "Főoldal/Kutya/Eledelek/Száraz eledelek/Royal Canin Size Health Nutrition Mini starter Mother&Babydog száraz kutyaeledel 4kg", "product_name": "Royal Canin Size Health Nutrition Mini starter Mother&Babydog száraz kutyaeledel 4kgRoyal Canin Size Health Nutrition Mini starter Mother&Babydog száraz kutyaeledel 4kg", "brand": "Royal CaninSize Health Nutrition1,1kg – 4kgKölyökszárnyasvemhes vagy szoptatókistestű 10kg-ig", "regular_price": "3 799", "selling_price": "3 299", "price_per_unit": "1 kg=2975 Ft", "product_url": "https://webshop.fressnapf.hu/termekek/royal-canin-size-health-nutrition-mini-starter-motherbabydog-szaraz-kutyaeledel-4kg/", "product_description": "Teljes értékű táp anyakutyáknak és kölyökeinek, kistestű fajták számára (1 és 10 kg közötti felnőttkori testtömeg) – elválasztandó kölyökkutyáknak 2 hónapos korig. Az újszülött kölyökkutyák tápanyagszükséglete különleges, hogy segítsen támogatni fejlődésben lévő érzékszerveiket és idegrendszerüket. Továbbá a növekedésben lévő kölyökkutyák táplálása komoly feladat, amely nagyban befolyásolhatja kistestű kutyája anyagcseréjét. Az elválasztási időszak során, amikor át lehet térni a szilárd táplálékra, az anyakutyának és kölykeinek testreszabott étrendre van szükségük, hogy kielégítsék különleges tápanyagszükségletüket. A ROYAL CANIN® Mini Starter Mother & Babydog tápot kifejezetten az anyakutyák és kölyökkutyáik tápanyagszükségleteit szem előtt tartva fejlesztettük ki. A formula megfelelő a legfeljebb 10 kg testtömegű, kistestű felnőtt kutyák és az elválasztás alatt levő kölyökkutyák számára 2 hónapos korig. Ezt az egyedi étrendet kifejezetten ahhoz igazítottuk, hogy megfeleljen kistestű kutyája nagy energiaszükségletének a vemhesség végén és a szoptatás során. Valamint úgy fejlesztettük ki, hogy támogassa a kölyökkutyák egészséges fejlődését. Összetétele bizonyított komplexet tartalmaz, beleértve a C- és E-vitamint, amely támogatja az egészséges immunrendszer fejlődését. A jótékony hatású prebiotikumok (pl. MOS) és kitűnően emészthető fehérjék kombinációjának köszönhetően a ROYAL CANIN® Mini Starter Mother & Babydog a bél-mikrobióta (bélflóra) egészséges egyensúlyát is támogatja a megfelelő emésztés érdekében. A formula Omega-3 zsírsavakban (pl. DHA) gazdag, amely tudományosan bizonyított módon támogatja a fiatal kölyökkutyák agyának egészséges fejlődését. A ROYAL CANIN® Mini Starter Mother & Babydog tápot könnyű visszanedvesíteni vízzel, melytől étvágygerjesztő kása állaga lesz, amely ideális az elválasztandó kölyökkutyák számára. Tudta, hogy a kölyökkutyák tápanyagszükséglete változik, ahogy növekednek? A rövid, 8 hetes időszak során a kölyökkutyáknak olyan étrendre van szükségük, amely különösen a következő növekedési szakasz tápanyagszükségleteihez igazodik. Ebben a szakaszban át lehet térni a ROYAL CANIN® Mini Puppy tápra, amely száraz tápszemcseként vagy nedves szószban kapható. Összetétel: Dehidratált baromfifehérje, rizs, állati zsiradékok, növényi fehérje kivonat*, kukorica, cukorrépapép, hidrolizált állati fehérjék, ásványi sók, halolaj, szójaolaj, frukto-oligoszacharidok, élesztő-hidrolizátum (mannán-oligoszacharidok forrása), zsírsav-só, élesztő kivonat (béta-glükánok forrása), bársonyvirág kivonat (lutein forrás). *L.I.P.: kitűnően emészthető, válogatott fehérje. Analitikai összetevők: Nyersfehérje: 30% – Nyersolajok és -zsírok: 22% – Nyershamu: 8% – Nyersrost: 1,3%. Tápértékkel rendelkező adalékanyagok: A vitamin: 19000 NE, D3 vitamin: 1200 NE, E1 (Vas): 40 mg, E2 (Jód): 4 mg, E4 (Réz): 12 mg, E5 (Mangán): 52 mg, E6 (Cink): 133 mg, E8 (Szelén): 0,07 mg – Technológiai adalékanyagok: Üledékes eredetű klinoptilolit: 10 g – Tartósítószerek – Antioxidánsok. Életkor (hetes) A kutya testsúlya = 1-2 kg A kutya testsúlya = 3 kg A kutya testsúlya = 4-5 kg A kutya testsúlya = 7 kg A kutya testsúlya = 10 kg 0-3 hetes Babydog Milk Babydog Milk Babydog Milk Babydog Milk Babydog Milk 3-4 hetes 10 g (1/8 mérőpohár) 10 g (1/8 mérőpohár) 10 g (1/8 mérőpohár) 10 g (1/8 mérőpohár) 10 g (1/8 mérőpohár) 4-5 hetes 30 g (3/8 mérőpohár) 30 g (3/8 mérőpohár) 30 g (3/8 mérőpohár) 30 g (3/8 mérőpohár) 30 g (3/8 mérőpohár) 5-6 hetes 30 g (3/8 mérőpohár) 30 g (3/8 mérőpohár) 60 g (5/8 mérőpohár) 90 g (1 mérőpohár) 90 g (1 mérőpohár) 6-7 hetes 40 g (4/8 mérőpohár) 40 g (4/8 mérőpohár) 80 g (5/8 mérőpohár) 120 g (1 mérőpohár) 120 g (1 mérőpohár) 7-8 hetes 50 g (4/8 mérőpohár) 50 g (4/8 mérőpohár) 95 g (1 mérőpohár) 145 g (1+5/8 mérőpoharak) 145 g (1+5/8 mérőpoharak) Tovább olvasok"}
{"breadcrumb": "Főoldal/Kutya/Eledelek/Száraz eledelek/Royal Canin Size Health Nutrition Mini starter Mother&Babydog száraz kutyaeledel 8kg", "product_name": "Royal Canin Size Health Nutrition Mini starter Mother&Babydog száraz kutyaeledel 8kgRoyal Canin Size Health Nutrition Mini starter Mother&Babydog száraz kutyaeledel 8kg", "brand": "Royal CaninSize Health Nutrition4,1kg – 10kgKölyökszárnyasvemhes vagy szoptatókistestű 10kg-ig", "regular_price": "3 799", "selling_price": "3 299", "price_per_unit": "1 kg=2837 Ft", "product_url": "https://webshop.fressnapf.hu/termekek/royal-canin-size-health-nutrition-mini-starter-motherbabydog-szaraz-kutyaeledel-8kg/", "product_description": "Teljes értékű táp anyakutyáknak és kölyökeinek, kistestű fajták számára (1 és 10 kg közötti felnőttkori testtömeg) – elválasztandó kölyökkutyáknak 2 hónapos korig. Az újszülött kölyökkutyák tápanyagszükséglete különleges, hogy segítsen támogatni fejlődésben lévő érzékszerveiket és idegrendszerüket. Továbbá a növekedésben lévő kölyökkutyák táplálása komoly feladat, amely nagyban befolyásolhatja kistestű kutyája anyagcseréjét. Az elválasztási időszak során, amikor át lehet térni a szilárd táplálékra, az anyakutyának és kölykeinek testreszabott étrendre van szükségük, hogy kielégítsék különleges tápanyagszükségletüket. A ROYAL CANIN® Mini Starter Mother & Babydog tápot kifejezetten az anyakutyák és kölyökkutyáik tápanyagszükségleteit szem előtt tartva fejlesztettük ki. A formula megfelelő a legfeljebb 10 kg testtömegű, kistestű felnőtt kutyák és az elválasztás alatt levő kölyökkutyák számára 2 hónapos korig. Ezt az egyedi étrendet kifejezetten ahhoz igazítottuk, hogy megfeleljen kistestű kutyája nagy energiaszükségletének a vemhesség végén és a szoptatás során. Valamint úgy fejlesztettük ki, hogy támogassa a kölyökkutyák egészséges fejlődését. Összetétele bizonyított komplexet tartalmaz, beleértve a C- és E-vitamint, amely támogatja az egészséges immunrendszer fejlődését. A jótékony hatású prebiotikumok (pl. MOS) és kitűnően emészthető fehérjék kombinációjának köszönhetően a ROYAL CANIN® Mini Starter Mother & Babydog a bél-mikrobióta (bélflóra) egészséges egyensúlyát is támogatja a megfelelő emésztés érdekében. A formula Omega-3 zsírsavakban (pl. DHA) gazdag, amely tudományosan bizonyított módon támogatja a fiatal kölyökkutyák agyának egészséges fejlődését. A ROYAL CANIN® Mini Starter Mother & Babydog tápot könnyű visszanedvesíteni vízzel, melytől étvágygerjesztő kása állaga lesz, amely ideális az elválasztandó kölyökkutyák számára. Tudta, hogy a kölyökkutyák tápanyagszükséglete változik, ahogy növekednek? A rövid, 8 hetes időszak során a kölyökkutyáknak olyan étrendre van szükségük, amely különösen a következő növekedési szakasz tápanyagszükségleteihez igazodik. Ebben a szakaszban át lehet térni a ROYAL CANIN® Mini Puppy tápra, amely száraz tápszemcseként vagy nedves szószban kapható. Összetétel: Dehidratált baromfifehérje, rizs, állati zsiradékok, növényi fehérje kivonat*, kukorica, cukorrépapép, hidrolizált állati fehérjék, ásványi sók, halolaj, szójaolaj, frukto-oligoszacharidok, élesztő-hidrolizátum (mannán-oligoszacharidok forrása), zsírsav-só, élesztő kivonat (béta-glükánok forrása), bársonyvirág kivonat (lutein forrás). *L.I.P.: kitűnően emészthető, válogatott fehérje. Analitikai összetevők: Nyersfehérje: 30% – Nyersolajok és -zsírok: 22% – Nyershamu: 8% – Nyersrost: 1,3%. Tápértékkel rendelkező adalékanyagok: A vitamin: 19000 NE, D3 vitamin: 1200 NE, E1 (Vas): 40 mg, E2 (Jód): 4 mg, E4 (Réz): 12 mg, E5 (Mangán): 52 mg, E6 (Cink): 133 mg, E8 (Szelén): 0,07 mg – Technológiai adalékanyagok: Üledékes eredetű klinoptilolit: 10 g – Tartósítószerek – Antioxidánsok. Életkor (hetes) A kutya testsúlya = 1-2 kg A kutya testsúlya = 3 kg A kutya testsúlya = 4-5 kg A kutya testsúlya = 7 kg A kutya testsúlya = 10 kg 0-3 hetes Babydog Milk Babydog Milk Babydog Milk Babydog Milk Babydog Milk 3-4 hetes 10 g (1/8 mérőpohár) 10 g (1/8 mérőpohár) 10 g (1/8 mérőpohár) 10 g (1/8 mérőpohár) 10 g (1/8 mérőpohár) 4-5 hetes 30 g (3/8 mérőpohár) 30 g (3/8 mérőpohár) 30 g (3/8 mérőpohár) 30 g (3/8 mérőpohár) 30 g (3/8 mérőpohár) 5-6 hetes 30 g (3/8 mérőpohár) 30 g (3/8 mérőpohár) 60 g (5/8 mérőpohár) 90 g (1 mérőpohár) 90 g (1 mérőpohár) 6-7 hetes 40 g (4/8 mérőpohár) 40 g (4/8 mérőpohár) 80 g (5/8 mérőpohár) 120 g (1 mérőpohár) 120 g (1 mérőpohár) 7-8 hetes 50 g (4/8 mérőpohár) 50 g (4/8 mérőpohár) 95 g (1 mérőpohár) 145 g (1+5/8 mérőpoharak) 145 g (1+5/8 mérőpoharak) Tovább olvasok"}
{"breadcrumb": "Főoldal/Kutya/Eledelek/Nedves eledelek/Royal Canin Size Health Nutrition X-Small puppy kutya tasak 12x85g", "product_name": "Royal Canin Size Health Nutrition X-Small puppy kutya tasak 12x85gRoyal Canin Size Health Nutrition X-Small puppy kutya tasak 12x85g", "brand": "Royal CaninSize Health Nutrition0g – 100gKölyökhús és állati származékokszószbankistestű 10kg-igtasak", "regular_price": "5 094", "selling_price": "4 794", "price_per_unit": "499 Ft", "product_url": "https://webshop.fressnapf.hu/termekek/royal-canin-size-health-nutrition-x-small-puppy-kutya-tasak-12x85g/", "product_description": "Puha textúra a tejfogakhoz Lágy állag, amely megfelel a kölyökkutyák tejfogának Erős Immunrendszer Ahogy kölyökkutyája növekszik, nagy változásokat tapasztal meg és új felfedezéseket tesz. Ebben a kulcsfontosságú időszakban a kölyökkutya immunrendszere fokozatosan fejlődik. A klinikailag bizonyított hatású tápanyagok, mint a C- és E-vitamin erősítik az immunválaszt. Agyfejlődés Egy hónapos kortól kezdődően eljön a felfedezések ideje a kölyökkutyája számára: új emberek, esetleg más kisállatok, új otthon és egy felfedezésre váró világ, valamint a parancsok megtanulása. Többek között az ómega-3 zsírsavak (DHA) klinikailag bizonyított módon támogatják a kölyökkutya agyának fejlődését és megkönnyítik a tanulást ebben az időszakban. ÖSSZETÉTEL: Hús és állati származékok, gabonafélék, növényi eredetű származékok, olajok és zsírok, ásványi sók, élesztők. ADALÉKANYAGOK (kilogrammonként) Tápértékkel rendelkező adalékanyagok: D3 vitamin: 150 NE, Vas (3b103): 5 mg, Jód (3b202): 0,3 mg, Réz (3b405, 3b406): 2,4 mg, Mangán (3b502, 3b503, 3b504): 1,6 mg, Cink (3b603, 3b605, 3b606): 16 mg – Technológiai adalékanyagok: Üledékes eredetű klinoptilolit: 2 g. ANALITIKAI ÖSSZETEVŐK: E vitamin: 150 mg/kg – C vitamin: 95 mg/kg. Tovább olvasok"}
{"breadcrumb": "Főoldal/Kutya/Eledelek/Száraz eledelek/Royal Canin Size Health Nutrition X-Small száraz kutyaeledel adult 1,5kg", "product_name": "Royal Canin Size Health Nutrition X-Small száraz kutyaeledel adult 1,5kgRoyal Canin Size Health Nutrition X-Small száraz kutyaeledel adult 1,5kg", "brand": "Royal CaninSize Health Nutrition1,1kg – 4kgFelnőttszárnyasegészséges felnőtt tápláláskistestű 10kg-ig", "regular_price": "3 799", "selling_price": "3 299", "price_per_unit": "1 kg=3333 Ft", "product_url": "https://webshop.fressnapf.hu/termekek/royal-canin-size-health-nutrition-x-small-szaraz-kutyaeledel-adult-15kg/", "product_description": "Teljes értékű táp felnőtt kutyáknak, nagyon kistestű fajták számára (4 kg vagy alatti felnőttkori testtömeg) – 10 hónapos kortól. A nagyon kis testméretű kutyák hajlamosak a bélsárrekedésre. Az útifüvet is tartalmazó kiegyensúlyozott összetételű rostfelvétel elősegíti a béltartalom tovahaladását és a nagyon jól emészthető L.I.P. fehérjék révén hozzájárul a bélsár jó minőségéhez. A formula olyan tápanyagokat tartalmaz, amelyek segítenek támogatni a bőr egészségét. EPA-val és DHA-val gazdagított. Segít támogatni a húgyutak egészségét a nagyon kis testméretű kutyák számára. Ezt a kisméretű tápszemcsét úgy fejlesztették ki, hogy tökéletesen megfeleljen a 4 kg-osnál kisebb testméretű kutyák miniatűr állkapcsaihoz. A különleges összetételű formula segít stimulálni a nagyon kis testméretű válogatós kutyák étvágyát. Összetétel: rizs, dehidratált baromfihús, kukorica, állati zsiradék, kukoricaliszt, kukoricaglutén, hidrolizált állati fehérjék, növényi fehérje kivonat*, cikória pép, ásványi sók, szójaolaj, Psyllium maghéj és mag ( 1 % ), élesztők, halolaj, frukto-oligoszacharidok. Adalékanyagok (kilogrammonként): Tápértékkel rendelkező adalékanyagok: A vitamin: 22000 NE, D3 vitamin: 1000 NE, E1 (Vas): 44 mg, E2 (Jód): 4,5 mg, E4 (Réz): 14 mg, E5 (Mangán): 58 mg, E6 (Cink): 142 mg, E8 (Szelén): 0,05 mg – Technológiai adalékanyagok: Tartósítószerek – Antioxidánsok. Analitikai összetevők: Nyersfehérje: 24 % – Nyersolajok és -zsírok: 18 % – Nyershamu: 5,9 % – Nyersrost: 1,7 % – EPA/DHA: 2,5 g/kg. *L.I.P.: kitűnően emészthető, válogatott fehérje. A kutya testsúlya Lakásban – aktivitás nélkül – Átlagos aktivitás – Magas aktivitás – – Gramm Mérőpohár Gramm Mérőpohár Gramm Mérőpohár 1  kg 24 g 2/8 27 g 3/8 31 g 3/8 1.5 kg 32 g 3/8 37 g 3/8 42 g 4/8 2 kg 40 g 4/8 46 g 4/8 52 g 5/8 2.5 kg 47 g 4/8 55g 5/8 62 g 6/8 3 kg 54 g 5/8 63 g 6/8 71 g 7/8 3.5 kg 61 g 6/8 70 g 6/8 80 g 7/8 4 kg 67 g 6/8 78 g 7/8 88 g 1 Tovább olvasok"}
{"breadcrumb": "Főoldal/Kutya/Eledelek/Száraz eledelek/Royal Canin Size Health Nutrition X-Small száraz kutyaeledel adult 3kg", "product_name": "Royal Canin Size Health Nutrition X-Small száraz kutyaeledel adult 3kgRoyal Canin Size Health Nutrition X-Small száraz kutyaeledel adult 3kg", "brand": "Royal CaninSize Health Nutrition1,1kg – 4kgFelnőttszárnyasegészséges felnőtt tápláláskistestű 10kg-ig", "regular_price": "3 799", "selling_price": "3 299", "price_per_unit": "1 kg=2733 Ft", "product_url": "https://webshop.fressnapf.hu/termekek/royal-canin-size-health-nutrition-x-small-szaraz-kutyaeledel-adult-3kg/", "product_description": "Teljes értékű táp felnőtt kutyáknak, nagyon kistestű fajták számára (4 kg vagy alatti felnőttkori testtömeg) – 10 hónapos kortól. A nagyon kis testméretű kutyák hajlamosak a bélsárrekedésre. Az útifüvet is tartalmazó kiegyensúlyozott összetételű rostfelvétel elősegíti a béltartalom tovahaladását és a nagyon jól emészthető L.I.P. fehérjék révén hozzájárul a bélsár jó minőségéhez. A formula olyan tápanyagokat tartalmaz, amelyek segítenek támogatni a bőr egészségét. EPA-val és DHA-val gazdagított. Segít támogatni a húgyutak egészségét a nagyon kis testméretű kutyák számára. Ezt a kisméretű tápszemcsét úgy fejlesztették ki, hogy tökéletesen megfeleljen a 4 kg-osnál kisebb testméretű kutyák miniatűr állkapcsaihoz. A különleges összetételű formula segít stimulálni a nagyon kis testméretű válogatós kutyák étvágyát. Összetétel: rizs, dehidratált baromfihús, kukorica, állati zsiradék, kukoricaliszt, kukoricaglutén, hidrolizált állati fehérjék, növényi fehérje kivonat*, cikória pép, ásványi sók, szójaolaj, Psyllium maghéj és mag ( 1 % ), élesztők, halolaj, frukto-oligoszacharidok. Adalékanyagok (kilogrammonként): Tápértékkel rendelkező adalékanyagok: A vitamin: 22000 NE, D3 vitamin: 1000 NE, E1 (Vas): 44 mg, E2 (Jód): 4,5 mg, E4 (Réz): 14 mg, E5 (Mangán): 58 mg, E6 (Cink): 142 mg, E8 (Szelén): 0,05 mg – Technológiai adalékanyagok: Tartósítószerek – Antioxidánsok. Analitikai összetevők: Nyersfehérje: 24 % – Nyersolajok és -zsírok: 18 % – Nyershamu: 5,9 % – Nyersrost: 1,7 % – EPA/DHA: 2,5 g/kg. *L.I.P.: kitűnően emészthető, válogatott fehérje. A kutya testsúlya Lakásban – aktivitás nélkül – Átlagos aktivitás – Magas aktivitás – – Gramm Mérőpohár Gramm Mérőpohár Gramm Mérőpohár 1  kg 24 g 2/8 27 g 3/8 31 g 3/8 1.5 kg 32 g 3/8 37 g 3/8 42 g 4/8 2 kg 40 g 4/8 46 g 4/8 52 g 5/8 2.5 kg 47 g 4/8 55g 5/8 62 g 6/8 3 kg 54 g 5/8 63 g 6/8 71 g 7/8 3.5 kg 61 g 6/8 70 g 6/8 80 g 7/8 4 kg 67 g 6/8 78 g 7/8 88 g 1 Tovább olvasok"}
{"breadcrumb": "Főoldal/Kutya/Eledelek/Száraz eledelek/Royal Canin Size Health Nutrition X-Small száraz kutyaeledel adult 500g", "product_name": "Royal Canin Size Health Nutrition X-Small száraz kutyaeledel adult 500gRoyal Canin Size Health Nutrition X-Small száraz kutyaeledel adult 500g", "brand": "Royal CaninSize Health Nutrition401g – 600gFelnőttszárnyasegészséges felnőtt tápláláskistestű 10kg-ig", "regular_price": "9 999", "selling_price": "8 999", "price_per_unit": "1 kg=3798 Ft", "product_url": "https://webshop.fressnapf.hu/termekek/royal-canin-size-health-nutrition-x-small-szaraz-kutyaeledel-adult-500g/", "product_description": "Teljes értékű táp felnőtt kutyáknak, nagyon kistestű fajták számára (4 kg vagy alatti felnőttkori testtömeg) – 10 hónapos kortól. A nagyon kis testméretű kutyák hajlamosak a bélsárrekedésre. Az útifüvet is tartalmazó kiegyensúlyozott összetételű rostfelvétel elősegíti a béltartalom tovahaladását és a nagyon jól emészthető L.I.P. fehérjék révén hozzájárul a bélsár jó minőségéhez. A formula olyan tápanyagokat tartalmaz, amelyek segítenek támogatni a bőr egészségét. EPA-val és DHA-val gazdagított. Segít támogatni a húgyutak egészségét a nagyon kis testméretű kutyák számára. Ezt a kisméretű tápszemcsét úgy fejlesztették ki, hogy tökéletesen megfeleljen a 4 kg-osnál kisebb testméretű kutyák miniatűr állkapcsaihoz. A különleges összetételű formula segít stimulálni a nagyon kis testméretű válogatós kutyák étvágyát. Összetétel: rizs, dehidratált baromfihús, kukorica, állati zsiradék, kukoricaliszt, kukoricaglutén, hidrolizált állati fehérjék, növényi fehérje kivonat*, cikória pép, ásványi sók, szójaolaj, Psyllium maghéj és mag ( 1 % ), élesztők, halolaj, frukto-oligoszacharidok. Adalékanyagok (kilogrammonként): Tápértékkel rendelkező adalékanyagok: A vitamin: 22000 NE, D3 vitamin: 1000 NE, E1 (Vas): 44 mg, E2 (Jód): 4,5 mg, E4 (Réz): 14 mg, E5 (Mangán): 58 mg, E6 (Cink): 142 mg, E8 (Szelén): 0,05 mg – Technológiai adalékanyagok: Tartósítószerek – Antioxidánsok. Analitikai összetevők: Nyersfehérje: 24 % – Nyersolajok és -zsírok: 18 % – Nyershamu: 5,9 % – Nyersrost: 1,7 % – EPA/DHA: 2,5 g/kg. *L.I.P.: kitűnően emészthető, válogatott fehérje. A kutya testsúlya Lakásban – aktivitás nélkül – Átlagos aktivitás – Magas aktivitás – – Gramm Mérőpohár Gramm Mérőpohár Gramm Mérőpohár 1  kg 24 g 2/8 27 g 3/8 31 g 3/8 1.5 kg 32 g 3/8 37 g 3/8 42 g 4/8 2 kg 40 g 4/8 46 g 4/8 52 g 5/8 2.5 kg 47 g 4/8 55g 5/8 62 g 6/8 3 kg 54 g 5/8 63 g 6/8 71 g 7/8 3.5 kg 61 g 6/8 70 g 6/8 80 g 7/8 4 kg 67 g 6/8 78 g 7/8 88 g 1 Tovább olvasok"}
{"breadcrumb": "Főoldal/Kutya/Eledelek/Száraz eledelek/Royal Canin Size Health Nutrition X-Small száraz kutyaeledel puppy 1,5kg", "product_name": "Royal Canin Size Health Nutrition X-Small száraz kutyaeledel puppy 1,5kgRoyal Canin Size Health Nutrition X-Small száraz kutyaeledel puppy 1,5kg", "brand": "Royal CaninSize Health Nutrition1,1kg – 4kgKölyökszárnyaskistestű 10kg-ig", "regular_price": "3 699", "selling_price": "3 499", "price_per_unit": "1 kg=3533 Ft", "product_url": "https://webshop.fressnapf.hu/termekek/royal-canin-size-health-nutrition-x-small-szaraz-kutyaeledel-puppy-15kg/", "product_description": "Támogatja a kölyökkutya egészséges immunrendszerének fejlődését a tudományosan bizonyított komplexszel, beleértve az E- és C-vitamint. Omega-3 zsírsavakban (DHA) gazdag, mely tudományosan bizonyított módon támogatja a kölyökkutya agyának fejlődését és elősegíti a tanulást a kölyökkutya korai tanítása során. Prebiotikumok (MOS) és kitűnően emészthető fehérjék kombinációja a bél-mikrobióta egészséges egyensúlyáért és az egészséges emésztésért. Az X-Small Puppy tápszemcséje kifejezetten kölyökkutyája egészen kis állkapcsához igazodik, így egyszerű felvenni és elrágni azt. Támogatja továbbá a fogak egészségét, köszönhetően mechanikus fogtisztító hatásának, miközben a kölyökkutya rág. Összetétel: Dehidratált baromfifehérje, rizs, kukorica, állati zsírok, búzaglutén*, kukoricaglutén, hidrolizált állati fehérjék, cukorrépapép, ásványi anyagok, szójaolaj, útifű maghéj és magvak, halolaj, frukto-oligoszacharidok, hidrolizált élesztő (manno-oligoszacharidok és béta-glükán forrása) (0,30%), algaolaj, Schizochytrium sp. (DHA forrása), yucca schidigera lé, bársonyvirágliszt. *L.I.P.: kitűnően emészthető, válogatott fehérje. Adalékanyagok (kilogrammonként): Tápértékkel rendelkező adalékanyagok: A-vitamin: 21500 NE, D3-vitamin: 1000 NE, Vas (3b103): 40 mg, Jód (3b201, 3b202): 4 mg, Réz (3b405, 3b406): 12 mg, Mangán (3b502, 3b504): 52 mg, Cink (3b603, 3b605, 3b606): 132 mg, Szelén (3b801, 3b811, 3b812): 0,06 mg – Technológiai adalékanyagok: Üledékes eredetű klinoptilolit: 10 g -Tartósítószerek – Antioxidánsok. Átlagos beltartalom: Fehérje: 31.0%, Zsírtartalom: 20.0%, Nyershamu: 8.3%, Nyersrost: 1.5%, DHA : 0.17%, E-vitamin: 500 mg/kg, C-vitamin: 400 mg/kg. Metabolizálható energia: 4054 kcal/kg. Életkor hónapokban Várható végső súly Várható végső súly Várható végső súly 1 kg 3 kg 4 kg 2 29g 64g 79g 3 32g 72g 89g 4 33g 75g 93g 5 33g 75g 93g 6 28g 68g 84g 7 24g 61g 76g 8 24g 54g 67g 9 23g 54g 66g 10 23g 53g 66g Tovább olvasok"}
{"breadcrumb": "Főoldal/Kutya/Eledelek/Száraz eledelek/Royal Canin Size Health Nutrition X-Small száraz kutyaeledel puppy 3kg", "product_name": "Royal Canin Size Health Nutrition X-Small száraz kutyaeledel puppy 3kgRoyal Canin Size Health Nutrition X-Small száraz kutyaeledel puppy 3kg", "brand": "Royal CaninSize Health Nutrition1,1kg – 4kgKölyökszárnyasgyomor&emésztéskistestű 10kg-ig", "regular_price": "11 499", "selling_price": "9 999", "price_per_unit": "1 kg=3066 Ft", "product_url": "https://webshop.fressnapf.hu/termekek/royal-canin-size-health-nutrition-x-small-szaraz-kutyaeledel-puppy-3kg/", "product_description": "Teljes értékű táp kölyökkutyáknak, nagyon kistestű fajták számára (4 kg vagy alatti felnőttkori testtömeg) – 10 hónapos korig. Az extra kistestű kölyökkutyák rendkívül gyorsan nőnek. Születésükkor mindössze annyi a súlyuk, mint egy sárgabaracknak, azonban 10 hónapos korukra annyit is nyomhatnak, mint 4 zacskó cukor! Ebben a növekedési fázisban fejlődnek ki kölyökkutyája csontjai, izmai, érzékelése és idegrendszere. Ekkor gyengül meg az anya kolosztrumával felvett ellenanyagok szintje, ami azt jelenti, hogy a kölyökkutyáknak optimális fehérjemennyiségre van szükségük, hogy kifejlődjön saját immunrendszerük. A ROYAL CANIN® X-Small Puppy tápot kifejezetten az extra kistestű kölyökkutyák tápanyagszükségleteit szem előtt tartva fejlesztettük ki. Összetétele megfelelő a 2-10 hónapos kölyökkutyák számára, amelyeknek legfeljebb 4 kg felnőttkori testsúlyt kell elérniük. Ez az egyedi étrend Omega-3 zsírsavakban (pl. DHA) gazdag, amely tudományosan bizonyított módon támogatja a kölyökkutya agyának egészséges fejlődését. A jótékony hatású prebiotikumok (pl. FOS, MOS és cukorrépapép) és kitűnően emészthető fehérjék kombinációjának köszönhetően a ROYAL CANIN® X-Small Puppy a bél-mikrobióta (bélflóra) egészséges egyensúlyát is támogatja a megfelelő emésztés érdekében. Ez a formula olyan tápanyagokat tartalmaz, mint a C- és E-vitamin, amelyek bizonyítottan támogatják a kölyökkutyák természetes védekezőrendszerét, míg immunrendszerük fejlődésben van. A formula továbbá optimális energiatartalommal rendelkezik, hogy kielégítse a gyorsan növekvő extra kistestű kölyökkutyák energiaigényét. A ROYAL CANIN® X-Small Puppy tápszemcséje kifejezetten kölyökkutyája egészen kis állkapcsához igazodik, így egyszerű felvenni és elrágni azt. Támogatja továbbá a fogak egészségét, köszönhetően mechanikus fogtisztító hatásának, miközben a kölyökkutya rág. Tudta, hogy a kölyökkutyák tápanyagszükséglete változik, ahogy növekednek? Mire kölyökkutyája eléri a 10 hónapos kort, olyan étrendre van szüksége, amely egyedileg igazított, hogy megfeleljen a tápanyagszükségleteinek felnőtt kutyaként. Ebben a szakaszban át lehet térni a ROYAL CANIN® X-Small Adult tápra. Összetétel: dehidratált baromfifehérje, rizs, kukorica, állati zsiradékok, növényi fehérje kivonat*, kukoricaglutén, hidrolizált állati fehérjék, cukorrépapép, ásványi sók, szójaolaj, halolaj, Psyllium (Útifű) maghéj és mag (1 %), frukto-oligoszacharidok, élesztő-hidrolizátum (mannán-oligoszacharidok forrása), élesztő kivonat (béta-glükánok forrása), bársonyvirág kivonat (lutein forrás). *L.I.P.: kitűnően emészthető, válogatott fehérje. Analitikai összetevők: Nyersfehérje: 31 % – Nyersolajok és -zsírok: 20 % – Nyershamu: 7,9 % – Nyersrost: 1,5 %. Adalékanyagok (kilogrammonként): Tápértékkel rendelkező adalékanyagok: A vitamin: 21500 NE, D3 vitamin: 1000 NE, E vitamin: 510 mg, E1 (Vas): 42 mg, E2 (Jód): 4,2 mg, E4 (Réz): 13 mg, E5 (Mangán): 55 mg, E6 (Cink): 115 mg, E8 (Szelén): 0,07 mg – Technológiai adalékanyagok: Üledékes eredetű klinoptilolit: 10 g – Érzékszervi adalékanyagok: Yucca kivonat: 125 mg – Tartósítószerek – Antioxidánsok. Kölyökkutya testsúly/ Kölyökkutya életkora 2 hónap – 3 hónap – 4 hónap – 5 hónap – 6 hónap – 7 hónap – 8 hónap – 9 hónap – 10 hónap – 11 hónap 1 kg 29g 2/8 mérőpohár 32g 2/8 mérőpohár 33g 3/8 mérőpohár 33g 2/8 mérőpohár 28g 2/8 mérőpohár 24g 2/8 mérőpohár 24g 2/8 mérőpohár 23g 2/8 mérőpohár 23g 2/8 mérőpohár X-SMALL Adult 3 kg 64g 5/8 mérőpohár 72g 5/8 mérőpohár 75g 6/8 mérőpohár 75g 6/8 mérőpohár 68g 5/8 mérőpohár 61g 5/8 mérőpohár 54g 4/8 mérőpohár 54g 4/8 mérőpohár 53g 4/8 mérőpohár X-SMALL Adult 4 kg 79g 6/8 mérőpohár 89g 6/8 mérőpohár 93g 6/8 mérőpohár 93g 6/8 mérőpohár 84g 6/8 mérőpohár 76g 6/8 mérőpohár 67g 6/8 mérőpohár 66g 6/8 mérőpohár 66g 6/8 mérőpohár X-SMALL Adult Tovább olvasok"}
{"breadcrumb": "Főoldal/Kutya/Eledelek/Száraz eledelek/Royal Canin Size Health Nutrition X-Small száraz kutyaeledel puppy 500g", "product_name": "Royal Canin Size Health Nutrition X-Small száraz kutyaeledel puppy 500gRoyal Canin Size Health Nutrition X-Small száraz kutyaeledel puppy 500g", "brand": "Royal CaninSize Health Nutrition401g – 600gKölyökszárnyaskistestű 10kg-ig", "regular_price": "9 999", "selling_price": "8 999", "price_per_unit": "1 kg=4198 Ft", "product_url": "https://webshop.fressnapf.hu/termekek/royal-canin-size-health-nutrition-x-small-szaraz-kutyaeledel-puppy-500g/", "product_description": "Támogatja a kölyökkutya egészséges immunrendszerének fejlődését a tudományosan bizonyított komplexszel, beleértve az E- és C-vitamint. Omega-3 zsírsavakban (DHA) gazdag, mely tudományosan bizonyított módon támogatja a kölyökkutya agyának fejlődését és elősegíti a tanulást a kölyökkutya korai tanítása során. Prebiotikumok (MOS) és kitűnően emészthető fehérjék kombinációja a bél-mikrobióta egészséges egyensúlyáért és az egészséges emésztésért. Az X-Small Puppy tápszemcséje kifejezetten kölyökkutyája egészen kis állkapcsához igazodik, így egyszerű felvenni és elrágni azt. Támogatja továbbá a fogak egészségét, köszönhetően mechanikus fogtisztító hatásának, miközben a kölyökkutya rág. Összetétel: Dehidratált baromfifehérje, rizs, kukorica, állati zsírok, búzaglutén*, kukoricaglutén, hidrolizált állati fehérjék, cukorrépapép, ásványi anyagok, szójaolaj, útifű maghéj és magvak, halolaj, frukto-oligoszacharidok, hidrolizált élesztő (manno-oligoszacharidok és béta-glükán forrása) (0,30%), algaolaj, Schizochytrium sp. (DHA forrása), yucca schidigera lé, bársonyvirágliszt. *L.I.P.: kitűnően emészthető, válogatott fehérje. Adalékanyagok (kilogrammonként): Tápértékkel rendelkező adalékanyagok: A-vitamin: 21500 NE, D3-vitamin: 1000 NE, Vas (3b103): 40 mg, Jód (3b201, 3b202): 4 mg, Réz (3b405, 3b406): 12 mg, Mangán (3b502, 3b504): 52 mg, Cink (3b603, 3b605, 3b606): 132 mg, Szelén (3b801, 3b811, 3b812): 0,06 mg – Technológiai adalékanyagok: Üledékes eredetű klinoptilolit: 10 g -Tartósítószerek – Antioxidánsok. Átlagos beltartalom: Fehérje: 31.0%, Zsírtartalom: 20.0%, Nyershamu: 8.3%, Nyersrost: 1.5%, DHA : 0.17%, E-vitamin: 500 mg/kg, C-vitamin: 400 mg/kg. Metabolizálható energia: 4054 kcal/kg. Életkor hónapokban Várható végső súly Várható végső súly Várható végső súly 1 kg 3 kg 4 kg 2 29g 64g 79g 3 32g 72g 89g 4 33g 75g 93g 5 33g 75g 93g 6 28g 68g 84g 7 24g 61g 76g 8 24g 54g 67g 9 23g 54g 66g 10 23g 53g 66g Tovább olvasok"}
{"breadcrumb": "Főoldal/Kutya/Eledelek/Gyógyhatású eledelek/Royal Canin Veterinary Adult large nagytestű felnőtt száraz kutyaeledel 13kg", "product_name": "Royal Canin Veterinary Adult large nagytestű felnőtt száraz kutyaeledel 13kgRoyal Canin Veterinary Adult large nagytestű felnőtt száraz kutyaeledel 13kg", "brand": "Royal CaninVeterinary Health NutritionFelnőtt12,1kg – 15kgvegyesegészséges felnőtt táplálásnagytestű 26kg-tól", "regular_price": "27999", "selling_price": "", "price_per_unit": "1 kg=2154 Ft", "product_url": "https://webshop.fressnapf.hu/termekek/royal-canin-veterinary-adult-large-nagytestu-felnott-szaraz-kutyaeledel-13kg/", "product_description": "A ROYAL CANIN® ADULT LARGE DOG száraz táp komplett diétás kutyaeledel, a bőrfunkció erősítéséhez dermatózis és fokozott szőrhullás esetén, a magas linolsav-tartalom (LA), valamint az eikozapentaénsav (EPA) és a dokozahexaénsav (DHA) összege által. JAVALLATOK: Felhasználás előtt állatorvos véleményének kikérése javasolt. Az ADULT LARGE DOG száraz tápot először legfeljebb 2 hónapig alkalmazza. Teljes értékű diétás állateledel kutyák számára – Felnőtt, nagytestű kutyáknak (25 kg felett) – 15 hónapos kortól A CSONTOK ÉS AZ ÍZÜLETEK EGÉSZSÉGÉNEK TÁMOGATÁSA Segít fenntartani a csontok és az ízületek egészségét. EGÉSZSÉGES EMÉSZTÉS Könnyen emészthető formula, prebiotikumokkal az egészséges emésztés elősegítéséért. ANTIOXIDÁNS KOMPLEX Antioxidánsok keverékével gazdagítva segít semlegesíteni a káros szabadgyököket, hozzájárulva ezzel a szövetek és a sejtek védelméhez. ÖSSZETÉTEL: kukorica, dehidratált baromfifehérje, búzaliszt, állati zsiradékok, búzaglutén*, rizs, hidrolizált állati fehérjék, dehidratált sertésfehérje, cukorrépapép, ásványi sók, szójaolaj, halolaj, növényi rostok, frukto-oligoszacharidok (0,49 %), erjesztéssel előállított glükozamin (0,099 %), bársonyvirág kivonat (lutein forrás), porc hidrolizátum (kondroitin forrás) (0,00096 %). ADALÉKANYAGOK (kilogrammonként): Tápértékkel rendelkező adalékanyagok: A vitamin: 21500 NE, D3 vitamin: 1000 NE, Vas (3b103): 39 mg, Jód (3b201, 3b202): 3,9 mg, Réz (3b405, 3b406): 12 mg, Mangán (3b502, 3b504): 51 mg, Cink (3b603, 3b605, 3b606): 130 mg, Szelén (3b801, 3b811, 3b812): 0,07 mg – Technológiai adalékanyagok: Üledékes eredetű klinoptilolit: 10 g – Tartósítószerek – Antioxidánsok. ANALITIKAI ÖSSZETEVŐK: Nyersfehérje: 25,0 % – Zsírtartalom: 17,0 % – Nyershamu: 6,2 % – Nyersrost: 1,8 % – Taurin: 0,19 % – E vitamin: 480 mg/kg – C vitamin: 290 mg/kg – Lutein: 5 mg/kg – EPA/DHA: 0,3 % – Esszenciális zsírsav (linolsav): 3,34 %. Tovább olvasok"}
{"breadcrumb": "Főoldal/Kutya/Eledelek/Gyógyhatású eledelek/Royal Canin Veterinary Adult large nagytestű felnőtt száraz kutyaeledel 4kg", "product_name": "Royal Canin Veterinary Adult large nagytestű felnőtt száraz kutyaeledel 4kgRoyal Canin Veterinary Adult large nagytestű felnőtt száraz kutyaeledel 4kg", "brand": "Royal CaninVeterinary Health Nutrition1,1kg – 4kgFelnőttszárnyasegészséges felnőtt táplálásnagytestű 26kg-tól", "regular_price": "9999", "selling_price": "", "price_per_unit": "1 kg=2500 Ft", "product_url": "https://webshop.fressnapf.hu/termekek/royal-canin-veterinary-adult-large-nagytestu-felnott-szaraz-kutyaeledel-4kg/", "product_description": "Fontos megjegyzés Az állatorvosi diétás eledel csak állatorvossal való konzultációt követően adható. Az állatorvosi diétás eledel alkalmazásakor legalább 6 havonta ellenőrzés céljából állatorvoshoz kell fordulni. Ha a háziállat állapota az etetés során romlana, azonnal állatorvoshoz kell fordulni. A kiválasztott diétás eledel kiválasztásával és a kosárba helyezésével Ön megerősíti, hogy a fenti utasításokat elolvasta és megértette. A ROYAL CANIN® ADULT LARGE DOG száraz táp komplett diétás kutyaeledel, a bőrfunkció erősítéséhez dermatózis és fokozott szőrhullás esetén, a magas linolsav-tartalom (LA), valamint az eikozapentaénsav (EPA) és a dokozahexaénsav (DHA) összege által. JAVALLATOK: Felhasználás előtt állatorvos véleményének kikérése javasolt. Az ADULT LARGE DOG száraz tápot először legfeljebb 2 hónapig alkalmazza. Teljes értékű diétás állateledel kutyák számára – Felnőtt, nagytestű kutyáknak (25 kg felett) – 15 hónapos kortól A CSONTOK ÉS AZ ÍZÜLETEK EGÉSZSÉGÉNEK TÁMOGATÁSA Segít fenntartani a csontok és az ízületek egészségét. EGÉSZSÉGES EMÉSZTÉS Könnyen emészthető formula, prebiotikumokkal az egészséges emésztés elősegítéséért. ANTIOXIDÁNS KOMPLEX Antioxidánsok keverékével gazdagítva segít semlegesíteni a káros szabadgyököket, hozzájárulva ezzel a szövetek és a sejtek védelméhez. ÖSSZETÉTEL: kukorica, dehidratált baromfifehérje, búzaliszt, állati zsiradékok, búzaglutén*, rizs, hidrolizált állati fehérjék, dehidratált sertésfehérje, cukorrépapép, ásványi sók, szójaolaj, halolaj, növényi rostok, frukto-oligoszacharidok (0,49 %), erjesztéssel előállított glükozamin (0,099 %), bársonyvirág kivonat (lutein forrás), porc hidrolizátum (kondroitin forrás) (0,00096 %). ADALÉKANYAGOK (kilogrammonként): Tápértékkel rendelkező adalékanyagok: A vitamin: 21500 NE, D3 vitamin: 1000 NE, Vas (3b103): 39 mg, Jód (3b201, 3b202): 3,9 mg, Réz (3b405, 3b406): 12 mg, Mangán (3b502, 3b504): 51 mg, Cink (3b603, 3b605, 3b606): 130 mg, Szelén (3b801, 3b811, 3b812): 0,07 mg – Technológiai adalékanyagok: Üledékes eredetű klinoptilolit: 10 g – Tartósítószerek – Antioxidánsok. ANALITIKAI ÖSSZETEVŐK: Nyersfehérje: 25,0 % – Zsírtartalom: 17,0 % – Nyershamu: 6,2 % – Nyersrost: 1,8 % – Taurin: 0,19 % – E vitamin: 480 mg/kg – C vitamin: 290 mg/kg – Lutein: 5 mg/kg – EPA/DHA: 0,3 % – Esszenciális zsírsav (linolsav): 3,34 %. Tovább olvasok"}
{"breadcrumb": "Főoldal/Kutya/Eledelek/Gyógyhatású eledelek/Royal Canin Veterinary Adult medium közepestestű felnőtt száraz kutyaeledel 10kg", "product_name": "Royal Canin Veterinary Adult medium közepestestű felnőtt száraz kutyaeledel 10kgRoyal Canin Veterinary Adult medium közepestestű felnőtt száraz kutyaeledel 10kg", "brand": "Royal CaninVeterinary Health Nutrition4,1kg – 10kgFelnőttszárnyasidőskori egészséges táplálásközepes testű 11-25kg", "regular_price": "23499", "selling_price": "", "price_per_unit": "1 kg=2350 Ft", "product_url": "https://webshop.fressnapf.hu/termekek/royal-canin-veterinary-adult-medium-kozepestestu-felnott-szaraz-kutyaeledel-10kg/", "product_description": "Fontos megjegyzés Az állatorvosi diétás eledel csak állatorvossal való konzultációt követően adható. Az állatorvosi diétás eledel alkalmazásakor legalább 6 havonta ellenőrzés céljából állatorvoshoz kell fordulni. Ha a háziállat állapota az etetés során romlana, azonnal állatorvoshoz kell fordulni. A kiválasztott diétás eledel kiválasztásával és a kosárba helyezésével Ön megerősíti, hogy a fenti utasításokat elolvasta és megértette. A ROYAL CANIN® ADULT száraz eledel komplett diétás kutyaeledel, a bőrfunkció erősítéséhez dermatózis és fokozott szőrhullás esetén, a magas linolsav-tartalom (LA), valamint az eikozapentaénsav (EPA) és a dokozahexaénsav (DHA) összege által. JAVALLATOK: Felhasználás előtt állatorvos véleményének kikérése javasolt. Az ADULT száraz eledelt először legfeljebb 2 hónapig alkalmazza. Teljes értékű diétás táp kutyák számára – Felnőtt, közepes testű kutyáknak (11-25 kg) – 12 hónapos kortól BŐR ÉS SZŐRZET Olyan tápanyagokat tartalmaz, melyek támogatják a szőr növekedését és a szőrzet fényét. EGÉSZSÉGES EMÉSZTÉS Könnyen emészthető formula, prebiotikumokkal az egészséges emésztés elősegítéséért. ANTIOXIDÁNS KOMPLEX Antioxidánsok keverékével gazdagítva segít semlegesíteni a káros szabadgyököket, hozzájárulva ezzel a szövetek és a sejtek védelméhez. ÖSSZETÉTEL: kukorica, dehidratált baromfifehérje, rizs, búzaliszt, állati zsiradékok, hidrolizált állati fehérjék, cukorrépapép, dehidratált sertésfehérje, búzaglutén*, szójaolaj, halolaj, ásványi sók, frukto-oligoszacharidok (0,49 %), borágó olaj, bársonyvirág kivonat (lutein forrás) (0,059 %). ADALÉKANYAGOK (kilogrammonként): Tápértékkel rendelkező adalékanyagok: A vitamin: 22000 NE, D3 vitamin: 1010 NE, Vas (3b103): 40 mg, Jód (3b201, 3b202): 4 mg, Réz (3b405, 3b406): 12 mg, Mangán (3b502, 3b504): 52 mg, Cink (3b603, 3b605, 3b606): 133 mg, Szelén (3b801, 3b811, 3b812): 0,06 mg – Technológiai adalékanyagok: Üledékes eredetű klinoptilolit: 10 g – Tartósítószerek – Antioxidánsok. ANALITIKAI ÖSSZETEVŐK: Nyersfehérje: 23,0 % – Zsírtartalom: 16,0 % – Nyershamu: 6,1 % – Nyersrost: 1,4 % – Omega-6 zsírsavak: 3,4 % – Omega-3 zsírsavak: 0,64 % – EPA/DHA: 0,29 % – Esszenciális zsírsav (linolsav): 2,52 % – Taurin: 0,19 % – Kilogrammonként: C vitamin: 280,0 mg, E vitamin: 480,0 mg. *L.I.P.: kitűnően emészthető, válogatott fehérje. Tovább olvasok"}
{"breadcrumb": "Főoldal/Kutya/Eledelek/Gyógyhatású eledelek/Royal Canin Veterinary Adult medium közepestestű felnőtt száraz kutyaeledel 4kg", "product_name": "Royal Canin Veterinary Adult medium közepestestű felnőtt száraz kutyaeledel 4kgRoyal Canin Veterinary Adult medium közepestestű felnőtt száraz kutyaeledel 4kg", "brand": "Royal CaninVeterinary Health Nutrition1,1kg – 4kgFelnőttszárnyasegészséges felnőtt táplálásközepes testű 11-25kg", "regular_price": "9999", "selling_price": "", "price_per_unit": "1 kg=2500 Ft", "product_url": "https://webshop.fressnapf.hu/termekek/royal-canin-veterinary-adult-medium-kozepestestu-felnott-szaraz-kutyaeledel-4kg/", "product_description": "Fontos megjegyzés Az állatorvosi diétás eledel csak állatorvossal való konzultációt követően adható. Az állatorvosi diétás eledel alkalmazásakor legalább 6 havonta ellenőrzés céljából állatorvoshoz kell fordulni. Ha a háziállat állapota az etetés során romlana, azonnal állatorvoshoz kell fordulni. A kiválasztott diétás eledel kiválasztásával és a kosárba helyezésével Ön megerősíti, hogy a fenti utasításokat elolvasta és megértette. A ROYAL CANIN® ADULT száraz eledel komplett diétás kutyaeledel, a bőrfunkció erősítéséhez dermatózis és fokozott szőrhullás esetén, a magas linolsav-tartalom (LA), valamint az eikozapentaénsav (EPA) és a dokozahexaénsav (DHA) összege által. JAVALLATOK: Felhasználás előtt állatorvos véleményének kikérése javasolt. Az ADULT száraz eledelt először legfeljebb 2 hónapig alkalmazza. Teljes értékű diétás táp kutyák számára – Felnőtt, közepes testű kutyáknak (11-25 kg) – 12 hónapos kortól BŐR ÉS SZŐRZET Olyan tápanyagokat tartalmaz, melyek támogatják a szőr növekedését és a szőrzet fényét. EGÉSZSÉGES EMÉSZTÉS Könnyen emészthető formula, prebiotikumokkal az egészséges emésztés elősegítéséért. ANTIOXIDÁNS KOMPLEX Antioxidánsok keverékével gazdagítva segít semlegesíteni a káros szabadgyököket, hozzájárulva ezzel a szövetek és a sejtek védelméhez. ÖSSZETÉTEL: kukorica, dehidratált baromfifehérje, rizs, búzaliszt, állati zsiradékok, hidrolizált állati fehérjék, cukorrépapép, dehidratált sertésfehérje, búzaglutén*, szójaolaj, halolaj, ásványi sók, frukto-oligoszacharidok (0,49 %), borágó olaj, bársonyvirág kivonat (lutein forrás) (0,059 %). ADALÉKANYAGOK (kilogrammonként): Tápértékkel rendelkező adalékanyagok: A vitamin: 22000 NE, D3 vitamin: 1010 NE, Vas (3b103): 40 mg, Jód (3b201, 3b202): 4 mg, Réz (3b405, 3b406): 12 mg, Mangán (3b502, 3b504): 52 mg, Cink (3b603, 3b605, 3b606): 133 mg, Szelén (3b801, 3b811, 3b812): 0,06 mg – Technológiai adalékanyagok: Üledékes eredetű klinoptilolit: 10 g – Tartósítószerek – Antioxidánsok. ANALITIKAI ÖSSZETEVŐK: Nyersfehérje: 23,0 % – Zsírtartalom: 16,0 % – Nyershamu: 6,1 % – Nyersrost: 1,4 % – Omega-6 zsírsavak: 3,4 % – Omega-3 zsírsavak: 0,64 % – EPA/DHA: 0,29 % – Esszenciális zsírsav (linolsav): 2,52 % – Taurin: 0,19 % – Kilogrammonként: C vitamin: 280,0 mg, E vitamin: 480,0 mg. *L.I.P.: kitűnően emészthető, válogatott fehérje. Tovább olvasok"}
{"breadcrumb": "Főoldal/Kutya/Eledelek/Gyógyhatású eledelek/Royal Canin Veterinary Adult small kistestű felnőtt száraz kutyaeledel 2kg", "product_name": "Royal Canin Veterinary Adult small kistestű felnőtt száraz kutyaeledel 2kgRoyal Canin Veterinary Adult small kistestű felnőtt száraz kutyaeledel 2kg", "brand": "Royal CaninVeterinary Health Nutrition1,1kg – 4kgFelnőttszárnyasegészséges felnőtt tápláláskistestű 10kg-ig", "regular_price": "6299", "selling_price": "", "price_per_unit": "1 kg=3150 Ft", "product_url": "https://webshop.fressnapf.hu/termekek/royal-canin-veterinary-adult-small-kistestu-felnott-szaraz-kutyaeledel-2kg/", "product_description": "Fontos megjegyzés Az állatorvosi diétás eledel csak állatorvossal való konzultációt követően adható. Az állatorvosi diétás eledel alkalmazásakor legalább 6 havonta ellenőrzés céljából állatorvoshoz kell fordulni. Ha a háziállat állapota az etetés során romlana, azonnal állatorvoshoz kell fordulni. A kiválasztott diétás eledel kiválasztásával és a kosárba helyezésével Ön megerősíti, hogy a fenti utasításokat elolvasta és megértette. A ROYAL CANIN® ADULT SMALL DOG száraz állateledel komplett diétás kutyaeledel, a bőrfunkció erősítéséhez dermatózis és fokozott szőrhullás esetén, a magas linolsav-tartalom (LA), valamint az eikozapentaénsav (EPA) és a dokozahexaénsav (DHA) összege által. JAVALLATOK: Felhasználás előtt állatorvos véleményének kikérése javasolt. Az ADULT SMALL DOG száraz eledelt először legfeljebb 2 hónapig alkalmazza. Teljes értékű diétás állateledel kutyák számára – Felnőtt, kistestű kutyáknak (10 kg-ig) – 10 hónapos kortól EGÉSZSÉGES EMÉSZTÉS Könnyen emészthető formula, prebiotikumokkal az egészséges emésztés elősegítéséért. EGÉSZSÉGES FOGAK A tápszemcsék mechanikus hatása és egy kalciumkötő anyag együttesen segítik a fogkőképződés késleltetését. S/O INDEX Ez a diétás táp a struvit és a kalcium-oxalát kristályok képződéséhez kedvezőtlen húgyúti környezetet teremt. ÖSSZETÉTEL: rizs, dehidratált baromfifehérje, kukorica, búzaliszt, állati zsiradékok, búzaglutén*, cikória pép, dehidratált sertésfehérje, hidrolizált állati fehérjék, ásványi anyagok, szójaolaj, halolaj, frukto-oligoszacharidok (0,49 %), bársonyvirág kivonat (lutein forrás). ADALÉKANYAGOK (kilogrammonként): Tápértékkel rendelkező adalékanyagok: A vitamin: 29500 NE, D3 vitamin: 800 NE, Vas (3b103): 43 mg, Jód (3b201, 3b202): 4,3 mg, Réz (3b405, 3b406): 13 mg, Mangán (3b502, 3b504): 55 mg, Cink (3b603, 3b605, 3b606): 132 mg, Szelén (3b801, 3b811, 3b812): 0,09 mg – Technológiai adalékanyagok: Üledékes eredetű klinoptilolit: 5 g, Pentanátrium-trifoszfát: 3,5 g – Tartósítószerek – Antioxidánsok. ANALITIKAI ÖSSZETEVŐK: Nyersfehérje: 25,0 % – Zsírtartalom: 16,0 % – Nyershamu: 7,5 % – Nyersrost: 1,5 % – Kalcium: 0,92 % – EPA/DHA: 0,3 % – Esszenciális zsírsav (linolsav): 3,09 %. Tovább olvasok"}
{"breadcrumb": "Főoldal/Kutya/Eledelek/Gyógyhatású eledelek/Royal Canin Veterinary Adult small kistestű felnőtt száraz kutyaeledel 4kg", "product_name": "Royal Canin Veterinary Adult small kistestű felnőtt száraz kutyaeledel 4kgRoyal Canin Veterinary Adult small kistestű felnőtt száraz kutyaeledel 4kg", "brand": "Royal CaninVeterinary Health Nutrition1,1kg – 4kgFelnőttszárnyasegészséges felnőtt tápláláskistestű 10kg-ig", "regular_price": "12999", "selling_price": "", "price_per_unit": "1 kg=3250 Ft", "product_url": "https://webshop.fressnapf.hu/termekek/royal-canin-veterinary-adult-small-kistestu-felnott-szaraz-kutyaeledel-4kg/", "product_description": "Fontos megjegyzés Az állatorvosi diétás eledel csak állatorvossal való konzultációt követően adható. Az állatorvosi diétás eledel alkalmazásakor legalább 6 havonta ellenőrzés céljából állatorvoshoz kell fordulni. Ha a háziállat állapota az etetés során romlana, azonnal állatorvoshoz kell fordulni. A kiválasztott diétás eledel kiválasztásával és a kosárba helyezésével Ön megerősíti, hogy a fenti utasításokat elolvasta és megértette. A ROYAL CANIN® ADULT SMALL DOG száraz állateledel komplett diétás kutyaeledel, a bőrfunkció erősítéséhez dermatózis és fokozott szőrhullás esetén, a magas linolsav-tartalom (LA), valamint az eikozapentaénsav (EPA) és a dokozahexaénsav (DHA) összege által. JAVALLATOK: Felhasználás előtt állatorvos véleményének kikérése javasolt. Az ADULT SMALL DOG száraz eledelt először legfeljebb 2 hónapig alkalmazza. Teljes értékű diétás állateledel kutyák számára – Felnőtt, kistestű kutyáknak (10 kg-ig) – 10 hónapos kortól EGÉSZSÉGES EMÉSZTÉS Könnyen emészthető formula, prebiotikumokkal az egészséges emésztés elősegítéséért. EGÉSZSÉGES FOGAK A tápszemcsék mechanikus hatása és egy kalciumkötő anyag együttesen segítik a fogkőképződés késleltetését. S/O INDEX Ez a diétás táp a struvit és a kalcium-oxalát kristályok képződéséhez kedvezőtlen húgyúti környezetet teremt. ÖSSZETÉTEL: rizs, dehidratált baromfifehérje, kukorica, búzaliszt, állati zsiradékok, búzaglutén*, cikória pép, dehidratált sertésfehérje, hidrolizált állati fehérjék, ásványi anyagok, szójaolaj, halolaj, frukto-oligoszacharidok (0,49 %), bársonyvirág kivonat (lutein forrás). ADALÉKANYAGOK (kilogrammonként): Tápértékkel rendelkező adalékanyagok: A vitamin: 29500 NE, D3 vitamin: 800 NE, Vas (3b103): 43 mg, Jód (3b201, 3b202): 4,3 mg, Réz (3b405, 3b406): 13 mg, Mangán (3b502, 3b504): 55 mg, Cink (3b603, 3b605, 3b606): 132 mg, Szelén (3b801, 3b811, 3b812): 0,09 mg – Technológiai adalékanyagok: Üledékes eredetű klinoptilolit: 5 g, Pentanátrium-trifoszfát: 3,5 g – Tartósítószerek – Antioxidánsok. ANALITIKAI ÖSSZETEVŐK: Nyersfehérje: 25,0 % – Zsírtartalom: 16,0 % – Nyershamu: 7,5 % – Nyersrost: 1,5 % – Kalcium: 0,92 % – EPA/DHA: 0,3 % – Esszenciális zsírsav (linolsav): 3,09 %. Tovább olvasok"}
{"breadcrumb": "Főoldal/Kutya/Eledelek/Gyógyhatású eledelek/Royal Canin Veterinary Adult small kistestű felnőtt száraz kutyaeledel 8kg", "product_name": "Royal Canin Veterinary Adult small kistestű felnőtt száraz kutyaeledel 8kgRoyal Canin Veterinary Adult small kistestű felnőtt száraz kutyaeledel 8kg", "brand": "Royal CaninVeterinary Health Nutrition4,1kg – 10kgFelnőttszárnyasegészséges felnőtt tápláláskistestű 10kg-ig", "regular_price": "23999", "selling_price": "", "price_per_unit": "1 kg=3000 Ft", "product_url": "https://webshop.fressnapf.hu/termekek/royal-canin-veterinary-adult-small-kistestu-felnott-szaraz-kutyaeledel-8kg/", "product_description": "Fontos megjegyzés Az állatorvosi diétás eledel csak állatorvossal való konzultációt követően adható. Az állatorvosi diétás eledel alkalmazásakor legalább 6 havonta ellenőrzés céljából állatorvoshoz kell fordulni. Ha a háziállat állapota az etetés során romlana, azonnal állatorvoshoz kell fordulni. A kiválasztott diétás eledel kiválasztásával és a kosárba helyezésével Ön megerősíti, hogy a fenti utasításokat elolvasta és megértette. A ROYAL CANIN® ADULT SMALL DOG száraz állateledel komplett diétás kutyaeledel, a bőrfunkció erősítéséhez dermatózis és fokozott szőrhullás esetén, a magas linolsav-tartalom (LA), valamint az eikozapentaénsav (EPA) és a dokozahexaénsav (DHA) összege által. JAVALLATOK: Felhasználás előtt állatorvos véleményének kikérése javasolt. Az ADULT SMALL DOG száraz eledelt először legfeljebb 2 hónapig alkalmazza. Teljes értékű diétás állateledel kutyák számára – Felnőtt, kistestű kutyáknak (10 kg-ig) – 10 hónapos kortól EGÉSZSÉGES EMÉSZTÉS Könnyen emészthető formula, prebiotikumokkal az egészséges emésztés elősegítéséért. EGÉSZSÉGES FOGAK A tápszemcsék mechanikus hatása és egy kalciumkötő anyag együttesen segítik a fogkőképződés késleltetését. S/O INDEX Ez a diétás táp a struvit és a kalcium-oxalát kristályok képződéséhez kedvezőtlen húgyúti környezetet teremt. ÖSSZETÉTEL: rizs, dehidratált baromfifehérje, kukorica, búzaliszt, állati zsiradékok, búzaglutén*, cikória pép, dehidratált sertésfehérje, hidrolizált állati fehérjék, ásványi anyagok, szójaolaj, halolaj, frukto-oligoszacharidok (0,49 %), bársonyvirág kivonat (lutein forrás). ADALÉKANYAGOK (kilogrammonként): Tápértékkel rendelkező adalékanyagok: A vitamin: 29500 NE, D3 vitamin: 800 NE, Vas (3b103): 43 mg, Jód (3b201, 3b202): 4,3 mg, Réz (3b405, 3b406): 13 mg, Mangán (3b502, 3b504): 55 mg, Cink (3b603, 3b605, 3b606): 132 mg, Szelén (3b801, 3b811, 3b812): 0,09 mg – Technológiai adalékanyagok: Üledékes eredetű klinoptilolit: 5 g, Pentanátrium-trifoszfát: 3,5 g – Tartósítószerek – Antioxidánsok. ANALITIKAI ÖSSZETEVŐK: Nyersfehérje: 25,0 % – Zsírtartalom: 16,0 % – Nyershamu: 7,5 % – Nyersrost: 1,5 % – Kalcium: 0,92 % – EPA/DHA: 0,3 % – Esszenciális zsírsav (linolsav): 3,09 %. Tovább olvasok"}
{"breadcrumb": "Főoldal/Kutya/Eledelek/Gyógyhatású eledelek/Royal Canin Veterinary Anallergenic hipoallergén száraz kutyaeledel 3kg", "product_name": "Royal Canin Veterinary Anallergenic hipoallergén száraz kutyaeledel 3kgRoyal Canin Veterinary Anallergenic hipoallergén száraz kutyaeledel 3kg", "brand": "Royal CaninVeterinary Health Nutrition1,1kg – 4kgFelnőtthús és állati származékokhipoallergén", "regular_price": "14599", "selling_price": "", "price_per_unit": "1 kg=4866 Ft", "product_url": "https://webshop.fressnapf.hu/termekek/royal-canin-veterinary-anallergenic-hipoallergen-szaraz-kutyaeledel-3kg/", "product_description": "Fontos megjegyzés Az állatorvosi diétás eledel csak állatorvossal való konzultációt követően adható. Az állatorvosi diétás eledel alkalmazásakor legalább 6 havonta ellenőrzés céljából állatorvoshoz kell fordulni. Ha a háziállat állapota az etetés során romlana, azonnal állatorvoshoz kell fordulni. A kiválasztott diétás eledel kiválasztásával és a kosárba helyezésével Ön megerősíti, hogy a fenti utasításokat elolvasta és megértette. Teljes értékű diétás táp felnőtt kutyák számára. A ROYAL CANIN® ANALLERGENIC száraz állateledel kutyák számára készült teljes értékű diétáseledel, amely összetétele folytán csökkenti bizonyos tápösszetevőkkel és tápanyagokkal szemben kialakult intoleranciát. Válogatott fehérje- és szénhidrátforrások. JAVALLATOK: Felhasználás előtt állatorvos véleményének kikérése javasolt. Az ANALLERGENIC száraz eledel etetése 3-8 héten keresztül javasolt. Ha az intolerancia jelei megszűnnek, korlátozás nélküli ideig alkalmazható tovább. Összetétel: kukoricakeményítő, alacsony molekulatömegű madártoll-hidrolizátum (L-aminosavak- és oligopeptidek-forrása), kókuszolaj, szójaolaj, ásványi sók, növényi rostok, cikória pép, frukto-oligoszacharidok, halolaj, palmitin- és sztearinsavak citromsavval észterezett mono- és digliceridjei, állati zsir, bársonyvirág kivonat (lutein forrás). Fehérjeforrás: alacsony molekulatömegű madártoll-hidrolizátum. Szénhidrátforrás: kukoricakeményítő. Adalékanyagok (kilogrammonként): Tápértékkel rendelkező adalékanyagok: A vitamin: 36500 NE, D3 vitamin: 800 NE, E1 (Vas): 42 mg, E2 (Jód): 3,8 mg, E4 (Réz): 15 mg, E5 (Mangán): 55 mg, E6 (Cink): 154 mg, E8 (Szelén): 0,26 mg – Technológiai adalékanyagok: Üledékes eredetű klinoptilolit: 8,48 g – Tartósítószerek – Antioxidánsok. Analitikai összetevők: Nyersfehérje: 18,0 % – Nyersolajok és -zsírok: 16,5 % – Nyershamu: 6,5 % – Nyersrost: 1,7 % – Esszenciális zsírsavak (Linolsav): 27,2 g/kg. A kutya testsúlya Sovány – Normál – Túlsúlyos – – (g) Mérőpoharak (g) Mérőpoharak (g) Mérőpoharak 2 kg 53 g 5/8 46 g 4/8 40 g 4/8 4 kg 88 g 1 78 g 7/8 67 g 6/8 6 kg 120 g 1+3/8 105 g 1+1/8 91 g 1 8 kg 149 g 1+5/8 131 g 1+3/8 113 g 1+2/8 10 kg 176 g 1+7/8 155 g 1+6/8 133 g 1+4/8 15 kg 238 g 2+5/8 209 g 2+2/8 181 g 2 20 kg 295 g 3+2/8 260 g 2+7/8 224 g 2+4/8 25 kg 349 g 3+7/8 307 g 3+3/8 265 g 2+7/8 30 kg 400 g 4+3/8 352 g 3+7/8 304 g 3+3/8 35 kg 449 g 4+7/8 395 g 4+3/8 341 g 3+6/8 40 kg 497 g 5+4/8 437 g 4+6/8 377 g 4+1/8 45 kg 543 g 6 477 g 5+2/8 412 g 4+4/8 50 kg 587 g 6+3/8 517 g 5+5/8 446 g 4+7/8 55 kg 631 g 6+7/8 555 g 6+1/8 479 g 5+2/8 60 kg 673 g 7+3/8 592 g 6+4/8 512 g 5+5/8 70 kg 756 g 8+2/8 665 g 7+2/8 574 g 6+2/8 80 kg 835 g 9+1/8 735 g 8 635 g 7 Tovább olvasok"}
{"breadcrumb": "Főoldal/Kutya/Eledelek/Gyógyhatású eledelek/Royal Canin Veterinary Anallergenic hipoallergén száraz kutyaeledel 8kg", "product_name": "Royal Canin Veterinary Anallergenic hipoallergén száraz kutyaeledel 8kgRoyal Canin Veterinary Anallergenic hipoallergén száraz kutyaeledel 8kg", "brand": "Royal CaninVeterinary Health Nutrition4,1kg – 10kgFelnőtthús és állati származékokhipoallergén", "regular_price": "7 194", "selling_price": "5 394", "price_per_unit": "1 kg=4350 Ft", "product_url": "https://webshop.fressnapf.hu/termekek/royal-canin-veterinary-anallergenic-hipoallergen-szaraz-kutyaeledel-8kg/", "product_description": "Fontos megjegyzés Az állatorvosi diétás eledel csak állatorvossal való konzultációt követően adható. Az állatorvosi diétás eledel alkalmazásakor legalább 6 havonta ellenőrzés céljából állatorvoshoz kell fordulni. Ha a háziállat állapota az etetés során romlana, azonnal állatorvoshoz kell fordulni. A kiválasztott diétás eledel kiválasztásával és a kosárba helyezésével Ön megerősíti, hogy a fenti utasításokat elolvasta és megértette. Teljes értékű diétás táp felnőtt kutyák számára. A ROYAL CANIN® ANALLERGENIC száraz állateledel kutyák számára készült teljes értékű diétáseledel, amely összetétele folytán csökkenti bizonyos tápösszetevőkkel és tápanyagokkal szemben kialakult intoleranciát. Válogatott fehérje- és szénhidrátforrások. JAVALLATOK: Felhasználás előtt állatorvos véleményének kikérése javasolt. Az ANALLERGENIC száraz eledel etetése 3-8 héten keresztül javasolt. Ha az intolerancia jelei megszűnnek, korlátozás nélküli ideig alkalmazható tovább. Összetétel: kukoricakeményítő, alacsony molekulatömegű madártoll-hidrolizátum (L-aminosavak- és oligopeptidek-forrása), kókuszolaj, szójaolaj, ásványi sók, növényi rostok, cikória pép, frukto-oligoszacharidok, halolaj, palmitin- és sztearinsavak citromsavval észterezett mono- és digliceridjei, állati zsir, bársonyvirág kivonat (lutein forrás). Fehérjeforrás: alacsony molekulatömegű madártoll-hidrolizátum. Szénhidrátforrás: kukoricakeményítő. Adalékanyagok (kilogrammonként): Tápértékkel rendelkező adalékanyagok: A vitamin: 36500 NE, D3 vitamin: 800 NE, E1 (Vas): 42 mg, E2 (Jód): 3,8 mg, E4 (Réz): 15 mg, E5 (Mangán): 55 mg, E6 (Cink): 154 mg, E8 (Szelén): 0,26 mg – Technológiai adalékanyagok: Üledékes eredetű klinoptilolit: 8,48 g – Tartósítószerek – Antioxidánsok. Analitikai összetevők: Nyersfehérje: 18,0 % – Nyersolajok és -zsírok: 16,5 % – Nyershamu: 6,5 % – Nyersrost: 1,7 % – Esszenciális zsírsavak (Linolsav): 27,2 g/kg. A kutya testsúlya Sovány – Normál – Túlsúlyos – – (g) Mérőpoharak (g) Mérőpoharak (g) Mérőpoharak 2 kg 53 g 5/8 46 g 4/8 40 g 4/8 4 kg 88 g 1 78 g 7/8 67 g 6/8 6 kg 120 g 1+3/8 105 g 1+1/8 91 g 1 8 kg 149 g 1+5/8 131 g 1+3/8 113 g 1+2/8 10 kg 176 g 1+7/8 155 g 1+6/8 133 g 1+4/8 15 kg 238 g 2+5/8 209 g 2+2/8 181 g 2 20 kg 295 g 3+2/8 260 g 2+7/8 224 g 2+4/8 25 kg 349 g 3+7/8 307 g 3+3/8 265 g 2+7/8 30 kg 400 g 4+3/8 352 g 3+7/8 304 g 3+3/8 35 kg 449 g 4+7/8 395 g 4+3/8 341 g 3+6/8 40 kg 497 g 5+4/8 437 g 4+6/8 377 g 4+1/8 45 kg 543 g 6 477 g 5+2/8 412 g 4+4/8 50 kg 587 g 6+3/8 517 g 5+5/8 446 g 4+7/8 55 kg 631 g 6+7/8 555 g 6+1/8 479 g 5+2/8 60 kg 673 g 7+3/8 592 g 6+4/8 512 g 5+5/8 70 kg 756 g 8+2/8 665 g 7+2/8 574 g 6+2/8 80 kg 835 g 9+1/8 735 g 8 635 g 7 Tovább olvasok"}
{"breadcrumb": "Főoldal/Kutya/Eledelek/Gyógyhatású eledelek/Royal Canin Veterinary Calm stresszhelyzet kezelése száraz kutyaeledel 4kg", "product_name": "Royal Canin Veterinary Calm stresszhelyzet kezelése száraz kutyaeledel 4kgRoyal Canin Veterinary Calm stresszhelyzet kezelése száraz kutyaeledel 4kg", "brand": "Royal CaninVeterinary Health Nutrition1,1kg – 4kgFelnőttszárnyasstresszhelyzet kezelése", "regular_price": "14799", "selling_price": "", "price_per_unit": "1 kg=3700 Ft", "product_url": "https://webshop.fressnapf.hu/termekek/royal-canin-veterinary-calm-stresszhelyzet-kezelese-szaraz-kutyaeledel-4kg/", "product_description": "Fontos megjegyzés Az állatorvosi diétás eledel csak állatorvossal való konzultációt követően adható. Az állatorvosi diétás eledel alkalmazásakor legalább 6 havonta ellenőrzés céljából állatorvoshoz kell fordulni. Ha a háziállat állapota az etetés során romlana, azonnal állatorvoshoz kell fordulni. A kiválasztott diétás eledel kiválasztásával és a kosárba helyezésével Ön megerősíti, hogy a fenti utasításokat elolvasta és megértette. A ROYAL CANIN® CALM száraz állateledel komplett diétás kutyaeledel, amely támogatást nyújt stresszhelyzetekben, ami a járulékos viselkedések csökkenését eredményezi. JAVALLATOK: Felhasználás előtt vagy a felhasználási időszak meghosszabbítása előtt állatorvos véleményének kikérése javasolt. A CALM száraz eledelt először legfeljebb 2 hónapig alkalmazza. Teljes értékű diétás állateledel felnőtt kutyák számára és 15 kg testtömegig NYUGTATÓ HATÁS Hidrolizált tejfehérjét és L-triptofánt tartalmazó összetétel a stresszes környezetben és társas helyzetekben félénk viselkedést mutató kutyák támogatására. EGÉSZSÉGES EMÉSZTÉS Könnyen emészthető formula prebiotikumokat tartalmazó rostok kiegyensúlyozott keverékével az egészséges emésztés és bélpasszázs elősegítéséért. BŐR VÉDŐFAL Összetételének köszönhetően a bőr optimális egészsége érdekében támogatja a bőr természetes védőgát funkcióját. ÖSSZETÉTEL: rizs, dehidratált baromfifehérje, kukorica, búzaliszt, állati zsiradékok, hidrolizált állati fehérjék, cikória pép, dehidratált sertésfehérje*, ásványi sók, búzaglutén*, szójaolaj, halolaj, frukto-oligoszacharidok (0,49 %), hidrolizált tejfehérje**, borágó olaj, bársonyvirág kivonat (lutein forrás). ADALÉKANYAGOK (kilogrammonként): Tápértékkel rendelkező adalékanyagok: A vitamin: 30000 NE, D3 vitamin: 800 NE, Vas (3b103): 48 mg, Jód (3b201, 3b202): 4,8 mg, Réz (3b405, 3b406): 15 mg, Mangán (3b502, 3b504): 62 mg, Cink (3b603, 3b605, 3b606): 127 mg, Szelén (3b801, 3b811, 3b812): 0,1 mg – Technológiai adalékanyagok: Üledékes eredetű klinoptilolit: 5 g – Tartósítószerek – Antioxidánsok. ANALITIKAI ÖSSZETEVŐK: Nyersfehérje: 25,0 % – Zsírtartalom: 16,0 % – Nyershamu: 7,1 % – Nyersrost: 1,5 % – L-triptofán: 0,26 % – Omega-3 zsírsavak: 0,68 % – EPA/DHA: 0,30 % – **Alfa-S1.0 tripszinnel hidrolizált szarvasmarha-kazein: 1,24 g/kg. Tovább olvasok"}
{"breadcrumb": "Főoldal/Kutya/Eledelek/Gyógyhatású eledelek/Royal Canin Veterinary Cardiac szívbetegségek esetén száraz kutyaeledel 2kg", "product_name": "Royal Canin Veterinary Cardiac szívbetegségek esetén száraz kutyaeledel 2kgRoyal Canin Veterinary Cardiac szívbetegségek esetén száraz kutyaeledel 2kg", "brand": "Royal CaninVeterinary Health Nutrition1,1kg – 4kgFelnőttszárnyasszívelégtelenség", "regular_price": "7899", "selling_price": "", "price_per_unit": "1 kg=3950 Ft", "product_url": "https://webshop.fressnapf.hu/termekek/royal-canin-veterinary-cardiac-szivbetegsegek-eseten-szaraz-kutyaeledel-2kg/", "product_description": "Fontos megjegyzés Az állatorvosi diétás eledel csak állatorvossal való konzultációt követően adható. Az állatorvosi diétás eledel alkalmazásakor legalább 6 havonta ellenőrzés céljából állatorvoshoz kell fordulni. Ha a háziállat állapota az etetés során romlana, azonnal állatorvoshoz kell fordulni. A kiválasztott diétás eledel kiválasztásával és a kosárba helyezésével Ön megerősíti, hogy a fenti utasításokat elolvasta és megértette. A ROYAL CANIN® CARDIAC száraz eledel komplett diétás kutyaeledel, ami krónikus szívelégtelenség esetén támogatja a szívfunkciókat. Az eledel korlátozott nátriumtartalmú és kálium/nátrium aránya megnövelt. JAVALLATOK: Az alkalmazás illetve az alkalmazás idejének meghosszabbítása előtt javasolt állatorvos véleményét kikérni. A CARDIAC száraz eledelt először legfeljebb 6 hónapig alkalmazza. Teljes értékű diétás állateledel felnőtt kutyák számára TÁMOGATJA A SZÍVMŰKÖDÉST Olyan tápanyagokat tartalmazó összetétel, amely hozzájárul a szívizomzat egészségének megőrzéséhez. EPA+DHA EPA+DHA hosszú láncú omega-3 zsírsavak, melyek támogatják a szív-érrendszer működését. ALACSONY NÁTRIUMTARTALOM A korlátozott nátriumtartalom segít csökkenteni a szív terhelését. ÖSSZETÉTEL: rizs, dehidratált baromfifehérje, kukoricaliszt, állati zsiradékok, kukoricaglutén, tojáspor, hidrolizált állati fehérjék, cukorrépapép, halolaj, növényi rostok, ásványi sók, szójaolaj, élesztők, frukto-oligoszacharidok, zöldtea kivonat (polifenolok forrása), bársonyvirág kivonat (lutein forrás). ADALÉKANYAGOK (kilogrammonként): Tápértékkel rendelkező adalékanyagok: A vitamin: 15100 NE, D3 vitamin: 800 NE, E1 (Vas): 37 mg, E2 (Jód): 2,8 mg, E4 (Réz): 7 mg, E5 (Mangán): 47 mg, E6 (Cink): 156 mg, E8 (Szelén): 0,06 mg – Tartósítószerek – Antioxidánsok. ANALITIKAI ÖSSZETEVŐK: Nyersfehérje: 26,0 % – Zsírtartalom: 20,0 % – Nyershamu: 5,1 % – Nyersrost: 1,6 % – Kilogrammonként: Nátrium: 1,3 g – Kálium: 8 g – Magnézium: 1,5 g – Foszfor: 5,5 g. Testsúly Sovány Normál Túlsúly 2 kg 65 50 40 3 kg 85 70 50 4 kg 105 85 65 5 kg 125 100 75 6 kg 145 115 85 7 kg 160 130 95 8 kg 175 140 105 10 kg 210 165 125 11 kg 225 180 135 13 kg 255 200 150 15 kg 280 225 170 17 kg 305 245 185 19 kg 335 265 200 21 kg 360 285 215 23 kg 385 305 230 25 kg 405 325 245 26 kg 420 335 250 30 kg 465 370 280 35 kg 520 415 310 40 kg 575 460 345 50 kg 675 540 405 60 kg 770 615 465 70 kg 865 690 520 80 kg 950 760 570 Tovább olvasok"}
{"breadcrumb": "Főoldal/Kutya/Eledelek/Gyógyhatású eledelek/Royal Canin Veterinary Dental small szájhigiénia kistestű száraz kutyaeledel 1,5kg", "product_name": "Royal Canin Veterinary Dental small szájhigiénia kistestű száraz kutyaeledel 1,5kgRoyal Canin Veterinary Dental small szájhigiénia kistestű száraz kutyaeledel 1,5kg", "brand": "Royal CaninVeterinary Health Nutrition1,1kg – 4kgFelnőttszárnyasszájhigiéniakistestű 10kg-ig", "regular_price": "5849", "selling_price": "", "price_per_unit": "1 kg=3899 Ft", "product_url": "https://webshop.fressnapf.hu/termekek/royal-canin-veterinary-dental-small-szajhigienia-kistestu-szaraz-kutyaeledel-15kg/", "product_description": "Fontos megjegyzés Az állatorvosi diétás eledel csak állatorvossal való konzultációt követően adható. Az állatorvosi diétás eledel alkalmazásakor legalább 6 havonta ellenőrzés céljából állatorvoshoz kell fordulni. Ha a háziállat állapota az etetés során romlana, azonnal állatorvoshoz kell fordulni. A kiválasztott diétás eledel kiválasztásával és a kosárba helyezésével Ön megerősíti, hogy a fenti utasításokat elolvasta és megértette. A ROYAL CANIN® DENTAL SMALL DOG száraz állateledel komplett diétás kutyaeledel, a bőrfunkció erősítéséhez dermatózis és fokozott szőrhullás esetén, a magas linolsav-tartalom (LA), valamint az eikozapentaénsav (EPA) és a dokozahexaénsav (DHA) összege által. JAVALLATOK: Felhasználás előtt állatorvos véleményének kikérése javasolt. A DENTAL SMALL DOG száraz eledelt először legfeljebb 2 hónapig alkalmazza. Teljes értékű diétás állateledel kutyák számára – Felnőtt, kistestű kutyáknak (10 kg-ig), szájhigiénés problémák esetén FOGKŐKÉPZŐDÉS CSÖKKENTÉSE Klinikailag bizonyított, hogy hatékonyan csökkenti a fogkő-képződést. FOGTISZTÍTÓ HATÁS A tápszemcse alakja és mérete lehetővé teszi az eledel megfelelő megragadását és a fogak behatolását. Ez segít lecsökkenteni a foglepedék és a fogkő felhalmozódását. VIZELETHÍGULÁS A vizelet hígításával csökken a struvit- és kalcium-oxalátkövek képződésének esélye a vizeletben. ÖSSZETÉTEL: rizs, dehidratált baromfifehérje, kukorica, állati zsiradékok, búzaglutén*, cikória pép, növényi rostok, ásványi sók, hidrolizált állati fehérjék, halolaj, élesztőtermékek, frukto-oligoszacharidok, szójaolaj, vajsavsó, bársonyvirág kivonat (lutein forrás). ADALÉKANYAGOK (kilogrammonként): Tápértékkel rendelkező adalékanyagok: A vitamin: 29000 NE, D3 vitamin: 780 NE, Vas (3b103): 42 mg, Jód (3b201, 3b202): 4,2 mg, Réz (3b405, 3b406): 13 mg, Mangán (3b502, 3b504): 55 mg, Cink (3b603, 3b605, 3b606): 142 mg, Szelén (3b801, 3b811, 3b812): 0,09 mg – Technológiai adalékanyagok: Üledékes eredetű klinoptilolit: 5 g – Érzékszervi adalékanyagok: Tea kivonat (polifenol forrás): 700 mg – Tartósítószerek – Antioxidánsok. ANALITIKAI ÖSSZETEVŐK: Nyersfehérje: 22,0 % – Nyersolajok és -zsírok: 17,0 % – Nyershamu: 6,2 % – Nyersrost: 3,4 % – EPA/DHA: 0,31 % – Esszenciális zsírsav (linolsav): 3,26 % – Kalcium: 0,79 % – Nátrium: 0,7 % – Magnézium: 0,08 %. *L.I.P.: kitűnően emészthető, válogatott fehérje. Testsúly Sovány Normál Túlsúly 2 kg 55 g 49 g 42 g 3 kg 75 g 66 g 57 g 4 kg 93 g 82 g 70 g 5 kg 110 g 96 g 83 g 6 kg 126 g 111 g 96 g 7 kg 141 g 124 g 107 g 8 kg 156 g 137 g 119 g 9 kg 170 g 150 g 129 g 10 kg 184 g 162 g 140 g Tovább olvasok"}
{"breadcrumb": "Főoldal/Kutya/Eledelek/Gyógyhatású eledelek/Royal Canin Veterinary Diabetic cukorbeteg kutya konzerv 12x410g", "product_name": "Royal Canin Veterinary Diabetic cukorbeteg kutya konzerv 12x410gRoyal Canin Veterinary Diabetic cukorbeteg kutya konzerv 12x410g", "brand": "Royal CaninVeterinary Health Nutrition401g – 600gFelnőtthús és állati származékokpástétomdiabéteszkonzerv", "regular_price": "22788", "selling_price": "", "price_per_unit": "1 899 Ft", "product_url": "https://webshop.fressnapf.hu/termekek/royal-canin-veterinary-diabetic-cukorbeteg-kutya-konzerv-410g/", "product_description": "Fontos megjegyzés Az állatorvosi diétás eledel csak állatorvossal való konzultációt követően adható. Az állatorvosi diétás eledel alkalmazásakor legalább 6 havonta ellenőrzés céljából állatorvoshoz kell fordulni. Ha a háziállat állapota az etetés során romlana, azonnal állatorvoshoz kell fordulni. A kiválasztott diétás eledel kiválasztásával és a kosárba helyezésével Ön megerősíti, hogy a fenti utasításokat elolvasta és megértette. A ROYAL CANIN ® DIABETIC SPECIAL LOW CARBOHYDRATE loaf pépes állagú kutyák számára készült teljes értékű diétás eledel, mely összetétele folytán szabályozza a glükóz ellátást (Diabetes mellitus: cukorbetegség). Az eledel kis mennyiségben tartalmaz olyan szénhidrátokat, melyekből gyorsan szabadul fel glükóz. JAVALLATOK: Az alkalmazás illetve az alkalmazás idejének meghosszabbítása előtt javasolt állatorvos véleményét kikérni. A DIABETIC eledel alkalmazása kezdetben 6 hónapon keresztül javasolt. Teljes értékű diétás állateledel felnőtt kutyáknak ALACSONY KEMÉNYÍTŐTARTALOM Csökkentett keményítőtartalmú formula. GLÜKOMODULÁCIÓ Különleges formula, amely segíti a cukorbeteg kutyák táplálékfelvétel utáni vércukor szintjének szabályozását. MAGAS FEHÉRJETARTALOM Magas fehérjetartalom. Az izomtömeg fenntartása cukorbeteg kutyák esetében elengedhetetlen. Teljes értékű diétás állateledel felnőtt kutyáknak. ÖSSZETÉTEL: hús és állati származékok, növényi eredetű származékok, gabonafélék, olajok és zsírok, ásványi anyagok. ADALÉKANYAGOK (kilogrammonként): Tápértékkel rendelkező adalékanyagok: D3 vitamin: 180 NE, E1 (Vas): 3 mg, E2 (Jód): 0,3 mg, E4 (Réz): 2 mg, E5 (Mangán): 1 mg, E6 (Cink): 10 mg. ANALITIKAI ÖSSZETEVŐK: Nyersfehérje: 9,0 % – Zsírtartalom: 4,0 % – Nyershamu: 1,5 % – Nyersrost: 2,4 % – Nedvesség: 79,0 % – Esszenciális zsírsavak: 0,9 % – Összes cukor tartalom: 0,7 % – Keményítő: 1,6 % – Szénhidrátforrás: kukorica – rizs. Testsúly (kg) Sovány Normál Túlsúly (g) (g) (g) 2 257 226 195 4 432 380 328 6 585 515 445 8 726 639 552 10 858 755 652 15 1 163 1 024 884 20 1 443 1 270 1 097 25 1 706 1 502 1 297 30 1 956 1 722 1 487 35 2 196 1 933 1 669 40 2 428 2 136 1 845 45 2 652 2 334 2 015 50 2 870 2 525 2 181 55 3 082 2 713 2 343 60 3 290 2 895 2 501 70 3 694 3 250 2 807 80 4 083 3 593 3 103 Tovább olvasok"}
{"breadcrumb": "Főoldal/Kutya/Eledelek/Gyógyhatású eledelek/Royal Canin Veterinary Diabetic cukorbeteg száraz kutyaeledel 1,5kg", "product_name": "Royal Canin Veterinary Diabetic cukorbeteg száraz kutyaeledel 1,5kgRoyal Canin Veterinary Diabetic cukorbeteg száraz kutyaeledel 1,5kg", "brand": "Royal CaninVeterinary Health Nutrition1,1kg – 4kgFelnőttszárnyasdiabétesz", "regular_price": "6249", "selling_price": "", "price_per_unit": "1 kg=4166 Ft", "product_url": "https://webshop.fressnapf.hu/termekek/royal-canin-veterinary-diabetic-cukorbeteg-szaraz-kutyaeledel-15kg/", "product_description": "Fontos megjegyzés Az állatorvosi diétás eledel csak állatorvossal való konzultációt követően adható. Az állatorvosi diétás eledel alkalmazásakor legalább 6 havonta ellenőrzés céljából állatorvoshoz kell fordulni. Ha a háziállat állapota az etetés során romlana, azonnal állatorvoshoz kell fordulni. A kiválasztott diétás eledel kiválasztásával és a kosárba helyezésével Ön megerősíti, hogy a fenti utasításokat elolvasta és megértette. A ROYAL CANIN® DIABETIC száraz állateledel a glükózellátás (Diabetes mellitus: cukorbetegség) szabályozására összeállított teljes értékű diétás kutyaeledel. Az eledel kis mennyiségben tartalmaz olyan szénhidrátokat, melyekből gyorsan szabadul fel glükóz. JAVALLATOK: Az alkalmazás illetve az alkalmazás idejének meghosszabbítása előtt javasolt állatorvos véleményét kikérni. A DIABETIC száraz eledelt először legfeljebb 6 hónapig alkalmazza. Teljes értékű diétás állateledel felnőtt kutyáknak GLÜKOMODULÁCIÓ Különleges formula, amely segíti a cukorbeteg kutyák táplálékfelvétel utáni vércukor szintjének szabályozását. MAGAS FEHÉRJETARTALOM Magas fehérjetartalom. Az izomtömeg fenntartása cukorbeteg kutyák esetében elengedhetetlen. ALACSONY KEMÉNYÍTŐTARTALOM Csökkentett keményítőtartalmú formula. ÖSSZETÉTEL: dehidratált baromfifehérje, árpa, búzaglutén*, kukoricaglutén, növényi rostok, hidrolizált állati fehérjék, állati zsiradékok, cukorrépapép, tápióka, halolaj, psyllium (útifű) maghéj és mag, frukto-oligoszacharidok, ásványi sók, bársonyvirág kivonat (lutein forrás). Szénhidrátforrás: árpa, tápióka. ADALÉKANYAGOK (kilogrammonként): Tápértékkel rendelkező adalékanyagok: A vitamin: 15500 NE, D3 vitamin: 1000 NE, E1 (Vas): 33 mg, E2 (Jód): 3,4 mg, E4 (Réz): 10 mg, E5 (Mangán): 43 mg, E6 (Cink): 125 mg, E8 (Szelén): 0,05 mg – Tartósítószerek – Antioxidánsok. ANALITIKAI ÖSSZETEVŐK: Nyersfehérje: 37,0 % – Zsírtartalom: 12,0 % – Nyershamu: 5,3 % – Nyersrost: 6,5 % – Keményítő: 19,1 % – Összes cukor tartalom: 0,55 % – Esszenciális zsírsavak: 2,07 %. Testsúly Túlsúly Normál Sovány 2 kg 46 g 54 g 61 g 4 kg 78 g 91 g 103 g 6 kg 106 g 123 g 139 g 8 kg 131 g 152 g 173 g 10 kg 155 g 180 g 205 g 15 kg 211 g 244 g 277 g 20 kg 261 g 303 g 344 g 25 kg 309 g 358 g 407 g 30 kg 354 g 410 g 466 g 35 kg 398 g 461 g 523 g 40 kg 440 g 509 g 578 g 45 kg 480 g 556 g 632 g 50 kg 520 g 602 g 684 g 55 kg 558 g 646 g 735 g 60 kg 596 g 690 g 784 g 70 kg 669 g 775 g 880 g 80 kg 739 g 856 g 973 g Tovább olvasok"}
{"breadcrumb": "Főoldal/Kutya/Eledelek/Gyógyhatású eledelek/Royal Canin Veterinary Diabetic cukorbeteg száraz kutyaeledel 7kg", "product_name": "Royal Canin Veterinary Diabetic cukorbeteg száraz kutyaeledel 7kgRoyal Canin Veterinary Diabetic cukorbeteg száraz kutyaeledel 7kg", "brand": "Royal CaninVeterinary Health Nutrition4,1kg – 10kgFelnőttszárnyasdiabétesz", "regular_price": "23099", "selling_price": "", "price_per_unit": "1 kg=3300 Ft", "product_url": "https://webshop.fressnapf.hu/termekek/royal-canin-veterinary-diabetic-cukorbeteg-szaraz-kutyaeledel-7kg/", "product_description": "Fontos megjegyzés Az állatorvosi diétás eledel csak állatorvossal való konzultációt követően adható. Az állatorvosi diétás eledel alkalmazásakor legalább 6 havonta ellenőrzés céljából állatorvoshoz kell fordulni. Ha a háziállat állapota az etetés során romlana, azonnal állatorvoshoz kell fordulni. A kiválasztott diétás eledel kiválasztásával és a kosárba helyezésével Ön megerősíti, hogy a fenti utasításokat elolvasta és megértette. A ROYAL CANIN® DIABETIC száraz állateledel a glükózellátás (Diabetes mellitus: cukorbetegség) szabályozására összeállított teljes értékű diétás kutyaeledel. Az eledel kis mennyiségben tartalmaz olyan szénhidrátokat, melyekből gyorsan szabadul fel glükóz. JAVALLATOK: Az alkalmazás illetve az alkalmazás idejének meghosszabbítása előtt javasolt állatorvos véleményét kikérni. A DIABETIC száraz eledelt először legfeljebb 6 hónapig alkalmazza. Teljes értékű diétás állateledel felnőtt kutyáknak GLÜKOMODULÁCIÓ Különleges formula, amely segíti a cukorbeteg kutyák táplálékfelvétel utáni vércukor szintjének szabályozását. MAGAS FEHÉRJETARTALOM Magas fehérjetartalom. Az izomtömeg fenntartása cukorbeteg kutyák esetében elengedhetetlen. ALACSONY KEMÉNYÍTŐTARTALOM Csökkentett keményítőtartalmú formula. ÖSSZETÉTEL: dehidratált baromfifehérje, árpa, búzaglutén*, kukoricaglutén, növényi rostok, hidrolizált állati fehérjék, állati zsiradékok, cukorrépapép, tápióka, halolaj, psyllium (útifű) maghéj és mag, frukto-oligoszacharidok, ásványi sók, bársonyvirág kivonat (lutein forrás). Szénhidrátforrás: árpa, tápióka. ADALÉKANYAGOK (kilogrammonként): Tápértékkel rendelkező adalékanyagok: A vitamin: 15500 NE, D3 vitamin: 1000 NE, E1 (Vas): 33 mg, E2 (Jód): 3,4 mg, E4 (Réz): 10 mg, E5 (Mangán): 43 mg, E6 (Cink): 125 mg, E8 (Szelén): 0,05 mg – Tartósítószerek – Antioxidánsok. ANALITIKAI ÖSSZETEVŐK: Nyersfehérje: 37,0 % – Zsírtartalom: 12,0 % – Nyershamu: 5,3 % – Nyersrost: 6,5 % – Keményítő: 19,1 % – Összes cukor tartalom: 0,55 % – Esszenciális zsírsavak: 2,07 %. Testsúly Túlsúly Normál Sovány 2 kg 46 g 54 g 61 g 4 kg 78 g 91 g 103 g 6 kg 106 g 123 g 139 g 8 kg 131 g 152 g 173 g 10 kg 155 g 180 g 205 g 15 kg 211 g 244 g 277 g 20 kg 261 g 303 g 344 g 25 kg 309 g 358 g 407 g 30 kg 354 g 410 g 466 g 35 kg 398 g 461 g 523 g 40 kg 440 g 509 g 578 g 45 kg 480 g 556 g 632 g 50 kg 520 g 602 g 684 g 55 kg 558 g 646 g 735 g 60 kg 596 g 690 g 784 g 70 kg 669 g 775 g 880 g 80 kg 739 g 856 g 973 g Tovább olvasok"}
{"breadcrumb": "Főoldal/Kutya/Eledelek/Gyógyhatású eledelek/Royal Canin Veterinary Early Renal veseműködés támogatása alutasak kutyaeledel 12x100g", "product_name": "Royal Canin Veterinary Early Renal veseműködés támogatása alutasak kutyaeledel 12x100gRoyal Canin Veterinary Early Renal veseműködés támogatása alutasak kutyaeledel 12x100g", "brand": "Royal CaninVeterinary Health Nutrition0g – 100gFelnőttvegyesszószbanvesekímélőtasak", "regular_price": "5388", "selling_price": "", "price_per_unit": "449 Ft", "product_url": "https://webshop.fressnapf.hu/termekek/royal-canin-veterinary-early-renal-vesemukodes-tamogatasa-alutasak-kutyaeledel-12x100g/", "product_description": "Fontos megjegyzés Az állatorvosi diétás eledel csak állatorvossal való konzultációt követően adható. Az állatorvosi diétás eledel alkalmazásakor legalább 6 havonta ellenőrzés céljából állatorvoshoz kell fordulni. Ha a háziállat állapota az etetés során romlana, azonnal állatorvoshoz kell fordulni. A kiválasztott diétás eledel kiválasztásával és a kosárba helyezésével Ön megerősíti, hogy a fenti utasításokat elolvasta és megértette. A ROYAL CANIN® EARLY RENAL vékony szeletek pecsenyelében komplett diétás kutyaeledel, amely krónikus veseelégtelenség esetén támogatja a veseműködést, korlátozott mennyiségű foszfor- és csökkentett, de kiváló minőségű fehérjetartalmának köszönhetően. Az EARLY RENAL a krónikus veseelégtelenség korai stádiumaiban alkalmazható. JAVALLATOK: Az alkalmazás illetve az alkalmazás idejének meghosszabbítása előtt javasolt állatorvos véleményét kikérni. Az EARLY RENAL eledel alkalmazása krónikus veseelégtelenség esetén kezdetben 6 hónapig ajánlott. Teljes értékű diétás állateledel felnőtt kutyák számára VESEMŰKÖDÉS KORAI TÁMOGATÁSA : A veseelégtelenség kezdeti jelei esetén mérsékelt foszfortartalommal, EPA-val+DHA-val, valamint egy antioxidáns komplexszel támogatja a veseműködést. EPA+DHA : EPA+DHA hosszú láncú omega-3 zsírsavak, melyek támogatják a veseműködést. ANTIOXIDÁNS KOMPLEX : Antioxidánsok keverékével gazdagítva segít semlegesíteni a káros szabadgyököket, hozzájárulva ezzel a szövetek és a sejtek védelméhez. ÖSSZETÉTEL: hús és állati származékok, gabonafélék, növényi eredetű származékok, olajok és zsírok, ásványi sók, különféle cukrok. Fehérjeforrások: csirke, sertés. ADALÉKANYAGOK (kilogrammonként): Tápértékkel rendelkező adalékanyagok: D3 vitamin: 250 NE, Vas (3b103): 9 mg, Jód (3b202): 0,34 mg, Réz (3b405, 3b406): 2,7 mg, Mangán (3b502, 3b503, 3b504): 2,8 mg, Cink (3b603, 3b605, 3b606): 28 mg – Technológiai adalékanyagok: Üledékes eredetű klinoptilolit: 0,4 g. ANALITIKAI ÖSSZETEVŐK: Nyersfehérje: 5,5 % – Nyersolajok és -zsírok: 6,0 % – Nyershamu: 1,3 % – Nyersrost: 0,7 % – Nedvesség: 80,0 % – Kalcium: 0,17 % – Foszfor: 0,13 % – Kálium: 0,17 % – Nátrium: 0,09 % – Esszenciális zsírsav (linolsav): 1,3 % – EPA/DHA: 0,1 % – Omega-3 zsírsavak: 0,2 %. Sovány Normál Túlsúlyos A kutya súlya (kg) (g) (g) (g) 2 212 186 161 4 356 314 271 6 483 425 367 8 599 527 456 10 709 624 539 15 960 845 730 20 1192 1049 906 25 1409 1240 1071 30 1615 1421 1228 35 1813 1596 1378 40 2004 1764 1523 45 2189 1927 1664 50 2369 2085 1801 55 2545 2240 1934 60 2717 2391 2065 70 3049 2684 2318 80 3371 2966 2562 Tovább olvasok"}
{"breadcrumb": "Főoldal/Kutya/Eledelek/Gyógyhatású eledelek/Royal Canin Veterinary Early Renal veseműködés támogatása száraz kutyaeledel 2kg", "product_name": "Royal Canin Veterinary Early Renal veseműködés támogatása száraz kutyaeledel 2kgRoyal Canin Veterinary Early Renal veseműködés támogatása száraz kutyaeledel 2kg", "brand": "Royal CaninVeterinary Health Nutrition1,1kg – 4kgFelnőttszárnyasvesekímélő", "regular_price": "8699", "selling_price": "", "price_per_unit": "1 kg=4350 Ft", "product_url": "https://webshop.fressnapf.hu/termekek/royal-canin-veterinary-early-renal-vesemukodes-tamogatasa-szaraz-kutyaeledel-2kg/", "product_description": "Fontos megjegyzés Az állatorvosi diétás eledel csak állatorvossal való konzultációt követően adható. Az állatorvosi diétás eledel alkalmazásakor legalább 6 havonta ellenőrzés céljából állatorvoshoz kell fordulni. Ha a háziállat állapota az etetés során romlana, azonnal állatorvoshoz kell fordulni. A kiválasztott diétás eledel kiválasztásával és a kosárba helyezésével Ön megerősíti, hogy a fenti utasításokat elolvasta és megértette. A ROYAL CANIN® EARLY RENAL száraz táp komplett diétás kutyaeledel, amely krónikus veseelégtelenség esetén támogatja a veseműködést, korlátozott mennyiségű foszfor- és csökkentett, de kiváló minőségű fehérjetartalmának köszönhetően. Az EARLY RENAL száraz táp a krónikus veseelégtelenség korai stádiumaiban alkalmazható. JAVALLATOK: Az alkalmazás illetve az alkalmazás idejének meghosszabbítása előtt javasolt állatorvos véleményét kikérni. Az EARLY RENAL száraz tápot krónikus veseelégtelenség esetén kezdetben 6 hónapig alkalmazza. Teljes értékű diétás állateledel felnőtt kutyák számára VESEMŰKÖDÉS KORAI TÁMOGATÁSA : A veseelégtelenség kezdeti jelei esetén mérsékelt foszfortartalommal, EPA-val+DHA-val, valamint egy antioxidáns komplexszel támogatja a veseműködést. EPA+DHA : EPA+DHA hosszú láncú omega-3 zsírsavak, melyek támogatják a veseműködést. ANTIOXIDÁNS KOMPLEX : Antioxidánsok keverékével gazdagítva segít semlegesíteni a káros szabadgyököket, hozzájárulva ezzel a szövetek és a sejtek védelméhez. ÖSSZETÉTEL: kukorica, dehidratált baromfifehérje, búzaliszt, rizs, búza, állati zsiradékok, kukoricaglutén, hidrolizált állati fehérjék, cukorrépapép, búzaglutén*, halolaj, ásványi sók, szójaolaj, vajsavsó, frukto-oligoszacharidok, bársonyvirág kivonat (lutein forrás). Fehérjeforrások: dehidratált baromfifehérje, kukoricaglutén, hidrolizált állati fehérjék, búzaglutén*. ADALÉKANYAGOK (kilogrammonként): Tápértékkel rendelkező adalékanyagok: A vitamin: 15500 NE, D3 vitamin: 1000 NE, Vas (3b103): 58 mg, Jód (3b201, 3b202): 4,8 mg, Réz (3b405, 3b406): 12 mg, Mangán (3b502, 3b504): 60 mg, Cink (3b603, 3b605, 3b606): 136 mg, Szelén (3b801, 3b811, 3b812): 0,14 mg – Technológiai adalékanyagok: Üledékes eredetű klinoptilolit: 5 g – Tartósítószerek – Antioxidánsok. ANALITIKAI ÖSSZETEVŐK: Nyersfehérje: 22,5 % – Nyersolajok és -zsírok: 16,0 % – Nyershamu: 5,1 % – Nyersrost: 1,5 % – Kalcium: 0,8 % – Foszfor: 0,5 % – Kálium: 0,6 % – Nátrium: 0,35 % – Esszenciális zsírsav (linolsav): 2,66 % – EPA/DHA: 0,5 % – Omega-3 zsírsavak: 0,86 %. *L.I.P.: kitűnően emészthető, válogatott fehérje Sovány Normál Túlsúlyos A kutya súlya (kg) (g) (g) (g) 2 53 47 40 4 90 79 68 6 121 107 92 8 151 133 114 10 178 157 135 15 241 212 183 20 299 263 228 25 354 311 269 30 406 357 308 35 455 401 346 40 503 443 383 45 550 484 418 50 595 524 452 55 639 563 486 60 682 601 519 70 766 674 582 80 847 745 644 Tovább olvasok"}
{"breadcrumb": "Főoldal/Kutya/Eledelek/Gyógyhatású eledelek/Royal Canin Veterinary Early Renal veseműködés támogatása száraz kutyaeledel 7kg", "product_name": "Royal Canin Veterinary Early Renal veseműködés támogatása száraz kutyaeledel 7kgRoyal Canin Veterinary Early Renal veseműködés támogatása száraz kutyaeledel 7kg", "brand": "Royal CaninVeterinary Health Nutrition4,1kg – 10kgFelnőttszárnyasvesekímélő", "regular_price": "23499", "selling_price": "", "price_per_unit": "1 kg=3357 Ft", "product_url": "https://webshop.fressnapf.hu/termekek/royal-canin-veterinary-early-renal-vesemukodes-tamogatasa-szaraz-kutyaeledel-7kg/", "product_description": "Fontos megjegyzés Az állatorvosi diétás eledel csak állatorvossal való konzultációt követően adható. Az állatorvosi diétás eledel alkalmazásakor legalább 6 havonta ellenőrzés céljából állatorvoshoz kell fordulni. Ha a háziállat állapota az etetés során romlana, azonnal állatorvoshoz kell fordulni. A kiválasztott diétás eledel kiválasztásával és a kosárba helyezésével Ön megerősíti, hogy a fenti utasításokat elolvasta és megértette. A ROYAL CANIN® EARLY RENAL száraz táp komplett diétás kutyaeledel, amely krónikus veseelégtelenség esetén támogatja a veseműködést, korlátozott mennyiségű foszfor- és csökkentett, de kiváló minőségű fehérjetartalmának köszönhetően. Az EARLY RENAL száraz táp a krónikus veseelégtelenség korai stádiumaiban alkalmazható. JAVALLATOK: Az alkalmazás illetve az alkalmazás idejének meghosszabbítása előtt javasolt állatorvos véleményét kikérni. Az EARLY RENAL száraz tápot krónikus veseelégtelenség esetén kezdetben 6 hónapig alkalmazza. Teljes értékű diétás állateledel felnőtt kutyák számára VESEMŰKÖDÉS KORAI TÁMOGATÁSA : A veseelégtelenség kezdeti jelei esetén mérsékelt foszfortartalommal, EPA-val+DHA-val, valamint egy antioxidáns komplexszel támogatja a veseműködést. EPA+DHA : EPA+DHA hosszú láncú omega-3 zsírsavak, melyek támogatják a veseműködést. ANTIOXIDÁNS KOMPLEX : Antioxidánsok keverékével gazdagítva segít semlegesíteni a káros szabadgyököket, hozzájárulva ezzel a szövetek és a sejtek védelméhez. ÖSSZETÉTEL: kukorica, dehidratált baromfifehérje, búzaliszt, rizs, búza, állati zsiradékok, kukoricaglutén, hidrolizált állati fehérjék, cukorrépapép, búzaglutén*, halolaj, ásványi sók, szójaolaj, vajsavsó, frukto-oligoszacharidok, bársonyvirág kivonat (lutein forrás). Fehérjeforrások: dehidratált baromfifehérje, kukoricaglutén, hidrolizált állati fehérjék, búzaglutén*. ADALÉKANYAGOK (kilogrammonként): Tápértékkel rendelkező adalékanyagok: A vitamin: 15500 NE, D3 vitamin: 1000 NE, Vas (3b103): 58 mg, Jód (3b201, 3b202): 4,8 mg, Réz (3b405, 3b406): 12 mg, Mangán (3b502, 3b504): 60 mg, Cink (3b603, 3b605, 3b606): 136 mg, Szelén (3b801, 3b811, 3b812): 0,14 mg – Technológiai adalékanyagok: Üledékes eredetű klinoptilolit: 5 g – Tartósítószerek – Antioxidánsok. ANALITIKAI ÖSSZETEVŐK: Nyersfehérje: 22,5 % – Nyersolajok és -zsírok: 16,0 % – Nyershamu: 5,1 % – Nyersrost: 1,5 % – Kalcium: 0,8 % – Foszfor: 0,5 % – Kálium: 0,6 % – Nátrium: 0,35 % – Esszenciális zsírsav (linolsav): 2,66 % – EPA/DHA: 0,5 % – Omega-3 zsírsavak: 0,86 %. *L.I.P.: kitűnően emészthető, válogatott fehérje Sovány Normál Túlsúlyos A kutya súlya (kg) (g) (g) (g) 2 53 47 40 4 90 79 68 6 121 107 92 8 151 133 114 10 178 157 135 15 241 212 183 20 299 263 228 25 354 311 269 30 406 357 308 35 455 401 346 40 503 443 383 45 550 484 418 50 595 524 452 55 639 563 486 60 682 601 519 70 766 674 582 80 847 745 644 Tovább olvasok"}
{"breadcrumb": "Főoldal/Kutya/Eledelek/Gyógyhatású eledelek/Royal Canin Veterinary Gastro high fibre emésztés rostban gazdag száraz kutyaeledel 14kg", "product_name": "Royal Canin Veterinary Gastro high fibre emésztés rostban gazdag száraz kutyaeledel 14kgRoyal Canin Veterinary Gastro high fibre emésztés rostban gazdag száraz kutyaeledel 14kg", "brand": "Royal CaninVeterinary Health Nutrition12,1kg – 15kgFelnőttszárnyasérzékeny emésztésű", "regular_price": "7 194", "selling_price": "5 394", "price_per_unit": "1 kg=2893 Ft", "product_url": "https://webshop.fressnapf.hu/termekek/royal-canin-veterinary-gastro-high-fibre-emesztes-rostban-gazdag-szaraz-kutyaeledel-14kg/", "product_description": "Fontos megjegyzés Az állatorvosi diétás eledel csak állatorvossal való konzultációt követően adható. Az állatorvosi diétás eledel alkalmazásakor legalább 6 havonta ellenőrzés céljából állatorvoshoz kell fordulni. Ha a háziállat állapota az etetés során romlana, azonnal állatorvoshoz kell fordulni. A kiválasztott diétás eledel kiválasztásával és a kosárba helyezésével Ön megerősíti, hogy a fenti utasításokat elolvasta és megértette. Teljes értékű állateledel felnőtt kutyák számára TÁMOGATJA AZ EMÉSZTÉST Könnyen emészthető formula prebiotikumokat tartalmazó rostok kiegyensúlyozott keverékével az egészséges emésztés és bélpasszázs elősegítéséért. MAGAS ROSTTARTALOM Rostban gazdag diétás táp optimális rostkeverékkel, mely elősegíti a bélpasszázs szabályozását. MEGFELELŐ ENERGIATARTALOM Biztosítja a fenntartáshoz szükséges energiaszintet a magas rosttartalom ellenére. JAVALLATOK: Kövesse az állatorvos tanácsait az etetéssel kapcsolatban. ÖSSZETÉTEL: növényi rostok, rizs, állati zsiradékok, dehidratált baromfifehérje, kukorica, búza, kukoricaglutén, dehidratált sertésfehérje*, búzaglutén*, ásványi sók, baromfimáj-hidrolizátum, cukorrépapép, szójaolaj, halolaj, psyllium (útifű) maghéj és mag, élesztőtermékek, hidrolizált állati fehérjék, frukto-oligoszacharidok (0,5 %), élesztő-hidrolizátum (mannán-oligoszacharidok forrása) (0,2 %), bársonyvirág kivonat (lutein forrás). ADALÉKANYAGOK (kilogrammonként): Tápértékkel rendelkező adalékanyagok: A vitamin: 16500 NE, D3 vitamin: 1100 NE, Vas (3b103): 47 mg, Jód (3b201, 3b202): 4,7 mg, Réz (3b405, 3b406): 14 mg, Mangán (3b502, 3b504): 61 mg, Cink (3b603, 3b605, 3b606): 143 mg, Szelén (3b801, 3b811, 3b812): 0,09 mg – Technológiai adalékanyagok: Üledékes eredetű klinoptilolit: 10 g – Tartósítószerek – Antioxidánsok. ANALITIKAI ÖSSZETEVŐK: Nyersfehérje: 23,0 % – Zsírtartalom: 16,0 % – Nyershamu: 7,4 % – Nyersrost: 11,1 % – EPA/DHA: 0,31 %. Testsúly Sovány testalkat Normál testalakat Túlsúly esetén 2 kg 65 57 50 4 kg 110 97 83 6 kg 149 131 113 8 kg 185 163 140 10 kg 218 192 166 15 kg 296 260 225 20 kg 367 323 279 25 kg 434 382 330 30 kg 498 438 378 35 kg 559 492 425 40 kg 618 544 469 45 kg 675 594 513 50 kg 730 643 555 55 kg 784 690 596 60 kg 837 737 636 70 kg 940 827 714 80 kg 1.039 914 789 Tovább olvasok"}
{"breadcrumb": "Főoldal/Kutya/Eledelek/Gyógyhatású eledelek/Royal Canin Veterinary Gastro high fibre emésztés rostban gazdag száraz kutyaeledel 2kg", "product_name": "Royal Canin Veterinary Gastro high fibre emésztés rostban gazdag száraz kutyaeledel 2kgRoyal Canin Veterinary Gastro high fibre emésztés rostban gazdag száraz kutyaeledel 2kg", "brand": "Royal CaninVeterinary Health Nutrition1,1kg – 4kgFelnőttszárnyasérzékeny emésztésű", "regular_price": "7 194", "selling_price": "5 394", "price_per_unit": "1 kg=4350 Ft", "product_url": "https://webshop.fressnapf.hu/termekek/royal-canin-veterinary-gastro-high-fibre-emesztes-rostban-gazdag-szaraz-kutyaeledel-2kg/", "product_description": "Fontos megjegyzés Az állatorvosi diétás eledel csak állatorvossal való konzultációt követően adható. Az állatorvosi diétás eledel alkalmazásakor legalább 6 havonta ellenőrzés céljából állatorvoshoz kell fordulni. Ha a háziállat állapota az etetés során romlana, azonnal állatorvoshoz kell fordulni. A kiválasztott diétás eledel kiválasztásával és a kosárba helyezésével Ön megerősíti, hogy a fenti utasításokat elolvasta és megértette. Teljes értékű állateledel felnőtt kutyák számára TÁMOGATJA AZ EMÉSZTÉST Könnyen emészthető formula prebiotikumokat tartalmazó rostok kiegyensúlyozott keverékével az egészséges emésztés és bélpasszázs elősegítéséért. MAGAS ROSTTARTALOM Rostban gazdag diétás táp optimális rostkeverékkel, mely elősegíti a bélpasszázs szabályozását. MEGFELELŐ ENERGIATARTALOM Biztosítja a fenntartáshoz szükséges energiaszintet a magas rosttartalom ellenére. JAVALLATOK: Kövesse az állatorvos tanácsait az etetéssel kapcsolatban. ÖSSZETÉTEL: növényi rostok, rizs, állati zsiradékok, dehidratált baromfifehérje, kukorica, búza, kukoricaglutén, dehidratált sertésfehérje*, búzaglutén*, ásványi sók, baromfimáj-hidrolizátum, cukorrépapép, szójaolaj, halolaj, psyllium (útifű) maghéj és mag, élesztőtermékek, hidrolizált állati fehérjék, frukto-oligoszacharidok (0,5 %), élesztő-hidrolizátum (mannán-oligoszacharidok forrása) (0,2 %), bársonyvirág kivonat (lutein forrás). ADALÉKANYAGOK (kilogrammonként): Tápértékkel rendelkező adalékanyagok: A vitamin: 16500 NE, D3 vitamin: 1100 NE, Vas (3b103): 47 mg, Jód (3b201, 3b202): 4,7 mg, Réz (3b405, 3b406): 14 mg, Mangán (3b502, 3b504): 61 mg, Cink (3b603, 3b605, 3b606): 143 mg, Szelén (3b801, 3b811, 3b812): 0,09 mg – Technológiai adalékanyagok: Üledékes eredetű klinoptilolit: 10 g – Tartósítószerek – Antioxidánsok. ANALITIKAI ÖSSZETEVŐK: Nyersfehérje: 23,0 % – Zsírtartalom: 16,0 % – Nyershamu: 7,4 % – Nyersrost: 11,1 % – EPA/DHA: 0,31 %. Testsúly Sovány testalkat Normál testalakat Túlsúly esetén 2 kg 65 57 50 4 kg 110 97 83 6 kg 149 131 113 8 kg 185 163 140 10 kg 218 192 166 15 kg 296 260 225 20 kg 367 323 279 25 kg 434 382 330 30 kg 498 438 378 35 kg 559 492 425 40 kg 618 544 469 45 kg 675 594 513 50 kg 730 643 555 55 kg 784 690 596 60 kg 837 737 636 70 kg 940 827 714 80 kg 1.039 914 789 Tovább olvasok"}
{"breadcrumb": "Főoldal/Kutya/Eledelek/Gyógyhatású eledelek/Royal Canin Veterinary Gastro low fat alacsony zsírtartalom kutya konzerv 12x420g", "product_name": "Royal Canin Veterinary Gastro low fat alacsony zsírtartalom kutya konzerv 12x420gRoyal Canin Veterinary Gastro low fat alacsony zsírtartalom kutya konzerv 12x420g", "brand": "Royal CaninVeterinary Health Nutrition401g – 600gFelnőtthús és állati származékokpástétomérzékeny emésztésűkonzerv", "regular_price": "22788", "selling_price": "", "price_per_unit": "1 899 Ft", "product_url": "https://webshop.fressnapf.hu/termekek/royal-canin-veterinary-gastro-low-fat-alacsony-zsirtartalom-kutya-konzerv-12x420g/", "product_description": "Fontos megjegyzés Az állatorvosi diétás eledel csak állatorvossal való konzultációt követően adható. Az állatorvosi diétás eledel alkalmazásakor legalább 6 havonta ellenőrzés céljából állatorvoshoz kell fordulni. Ha a háziállat állapota az etetés során romlana, azonnal állatorvoshoz kell fordulni. A kiválasztott diétás eledel kiválasztásával és a kosárba helyezésével Ön megerősíti, hogy a fenti utasításokat elolvasta és megértette. A ROYAL CANIN® GASTROINTESTINAL LOW FAT loaf pépes állagú nedves állateledel komplett diétás kutyaeledel, ami hiperlipidémia esetén segít a zsíranyagcsere szabályozásában. Alacsony zsírtartalmú, de abból magas esszenciális zsírsavtartalom. JAVALLATOK: Az alkalmazás illetve az alkalmazás idejének meghosszabbítása előtt javasolt állatorvos véleményét kikérni. A GASTROINTESTINAL LOW FAT nedves állateledel hiperlipidémia esetén kezdetben 2 hónapig ajánlott. Teljes értékű diétás állateledel felnőtt kutyák számára TÁMOGATJA AZ EMÉSZTÉST Könnyen emészthető formula prebiotikumokat tartalmazó rostok kiegyensúlyozott keverékével az egészséges emésztés és bélpasszázs elősegítéséért. MAGAS ENERGIATARTALOM A magas energiatartalom csökkenti a szükséges táplálék mennyiségét és a belek terhelését. NAGYON ÍZLETES Nagyon ízletes, így megfelelő csökkent étvágy esetén is. ÖSSZETÉTEL: hús és állati származékok, gabonafélék, növényi eredetű származékok, ásványi anyagok, élesztők, olajok és zsírok. ADALÉKANYAGOK (kilogrammonként): Tápértékkel rendelkező adalékanyagok: D3 vitamin: 200 NE, Vas (3b103): 4 mg, Jód (3b202): 0,3 mg, Réz (3b405, 3b406): 2 mg, Mangán (3b502, 3b503, 3b504): 1,3 mg, Cink (3b603, 3b605, 3b606): 13 mg – Technológiai adalékanyagok: Üledékes eredetű klinoptilolit: 2,5 g. ANALITIKAI ÖSSZETEVŐK: Nyersfehérje: 8,1 % – Zsírtartalom: 1,7 % – Nyershamu: 1,7 % – Nyersrost: 1,5 % – Nedvesség: 73,6 % – Zsírsavak: omega-3: 0,04 % – Esszenciális zsírsavak (linolsav): 0,35 %. Testsúly (kg) Sovány Normál Túlsúly – (g) (g) (g) 2 214 188 163 4 360 317 274 6 488 429 371 8 606 533 460 10 716 630 544 15 970 854 737 20 1204 1059 915 25 1423 1252 1082 30 1632 1436 1240 35 1832 1612 1392 40 2025 1782 1539 45 2212 1946 1681 50 2393 2106 1819 55 2571 2262 1954 60 2744 2415 2086 70 3081 2711 2341 80 3405 2996 2588 Tovább olvasok"}
{"breadcrumb": "Főoldal/Kutya/Eledelek/Gyógyhatású eledelek/Royal Canin Veterinary Gastro low fat alacsony zsírtartalom száraz kutyaeledel 1,5kg", "product_name": "Royal Canin Veterinary Gastro low fat alacsony zsírtartalom száraz kutyaeledel 1,5kgRoyal Canin Veterinary Gastro low fat alacsony zsírtartalom száraz kutyaeledel 1,5kg", "brand": "Royal CaninVeterinary Health Nutrition1,1kg – 4kgFelnőttszárnyasérzékeny emésztésű", "regular_price": "6599", "selling_price": "", "price_per_unit": "1 kg=4399 Ft", "product_url": "https://webshop.fressnapf.hu/termekek/royal-canin-veterinary-gastro-low-fat-alacsony-zsirtartalom-szaraz-kutyaeledel-15kg/", "product_description": "Fontos megjegyzés Az állatorvosi diétás eledel csak állatorvossal való konzultációt követően adható. Az állatorvosi diétás eledel alkalmazásakor legalább 6 havonta ellenőrzés céljából állatorvoshoz kell fordulni. Ha a háziállat állapota az etetés során romlana, azonnal állatorvoshoz kell fordulni. A kiválasztott diétás eledel kiválasztásával és a kosárba helyezésével Ön megerősíti, hogy a fenti utasításokat elolvasta és megértette. A ROYAL CANIN® GASTROINTESTINAL LOW FAT száraz állateledel komplett diétás kutyaeledel, ami hiperlipidémia esetén segít a zsíranyagcsere szabályozásában. Alacsony zsírtartalmú, de abból magas esszenciális zsírsavtartalom. JAVALLATOK: Az alkalmazás illetve az alkalmazás idejének meghosszabbítása előtt javasolt állatorvos véleményét kikérni. A GASTROINTESTINAL LOW FAT száraz eledel hiperlipidémia esetén kezdetben 2 hónapig ajánlott. Teljes értékű diétás állateledel felnőtt kutyák számára TÁMOGATJA AZ EMÉSZTÉST Könnyen emészthető formula prebiotikumokat tartalmazó rostok kiegyensúlyozott keverékével az egészséges emésztés és bélpasszázs elősegítéséért. ALACSONY ZSÍRTARTALOM A zsírszegény diétát igénylő kutyák megfelelő táplálásáért. KIEGYENSÚLYOZOTT ROSTTARTALOM Korlátozott rosttartalom a fenntartáshoz szükséges energiaszint biztosításával, a zsírbevitel csökkentése mellett is. ÖSSZETÉTEL: rizs, dehidratált baromfifehérje, búza, árpa, hidrolizált állati fehérjék, cukorrépapép, állati zsiradékok, ásványi sók, élesztőtermékek, halolaj, palmitin- és sztearinsavak citromsavval észterezett mono- és digliceridjei, psyllium (útifű) maghéj és mag, frukto-oligoszacharidok (0,48 %), élesztő-hidrolizátum (mannán-oligoszacharidok forrása) (0,19 %), bársonyvirág kivonat (lutein forrás). ADALÉKANYAGOK (kilogrammonként): Tápértékkel rendelkező adalékanyagok: A vitamin: 16500 NE, D3 vitamin: 1000 NE, Vas (3b103): 45 mg, Jód (3b201, 3b202): 4,5 mg, Réz (3b405, 3b406): 14 mg, Mangán (3b502, 3b504): 58 mg, Cink (3b603, 3b605, 3b606): 135 mg, Szelén (3b801, 3b811, 3b812): 0,08 mg – Technológiai adalékanyagok: Üledékes eredetű klinoptilolit: 5 g – Tartósítószerek – Antioxidánsok. ANALITIKAI ÖSSZETEVŐK: Nyersfehérje: 22,0 % – Zsírtartalom: 7,0 % – Nyershamu: 6,2 % – Nyersrost: 1,8 % – Esszenciális zsírsavak: 1,25 % – Omega-3 zsírsavak: 0,3 % – EPA/DHA: 0,13 %. Testsúly Sovány Normál Túlsúly 2 kg 61 53 46 4 kg 102 90 78 6 kg 138 122 105 8 kg 172 151 130 10 kg 203 179 154 15 kg 275 242 209 20 kg 341 300 259 25 kg 403 355 307 30 kg 462 407 351 35 kg 519 457 395 40 kg 574 505 436 45 kg 627 552 476 50 kg 678 597 516 55 kg 729 641 554 60 kg 778 684 591 70 kg 873 768 664 80 kg 965 849 733 Tovább olvasok"}
{"breadcrumb": "Főoldal/Kutya/Eledelek/Gyógyhatású eledelek/Royal Canin Veterinary Gastro low fat alacsony zsírtartalom száraz kutyaeledel 12kg", "product_name": "Royal Canin Veterinary Gastro low fat alacsony zsírtartalom száraz kutyaeledel 12kgRoyal Canin Veterinary Gastro low fat alacsony zsírtartalom száraz kutyaeledel 12kg", "brand": "Royal CaninVeterinary Health Nutrition10,1 – 12kgFelnőttszárnyasérzékeny emésztésű", "regular_price": "37699", "selling_price": "", "price_per_unit": "1 kg=3142 Ft", "product_url": "https://webshop.fressnapf.hu/termekek/royal-canin-veterinary-gastro-low-fat-alacsony-zsirtartalom-szaraz-kutyaeledel-12kg/", "product_description": "Fontos megjegyzés Az állatorvosi diétás eledel csak állatorvossal való konzultációt követően adható. Az állatorvosi diétás eledel alkalmazásakor legalább 6 havonta ellenőrzés céljából állatorvoshoz kell fordulni. Ha a háziállat állapota az etetés során romlana, azonnal állatorvoshoz kell fordulni. A kiválasztott diétás eledel kiválasztásával és a kosárba helyezésével Ön megerősíti, hogy a fenti utasításokat elolvasta és megértette. A ROYAL CANIN® GASTROINTESTINAL LOW FAT száraz állateledel komplett diétás kutyaeledel, ami hiperlipidémia esetén segít a zsíranyagcsere szabályozásában. Alacsony zsírtartalmú, de abból magas esszenciális zsírsavtartalom. JAVALLATOK: Az alkalmazás illetve az alkalmazás idejének meghosszabbítása előtt javasolt állatorvos véleményét kikérni. A GASTROINTESTINAL LOW FAT száraz eledel hiperlipidémia esetén kezdetben 2 hónapig ajánlott. Teljes értékű diétás állateledel felnőtt kutyák számára TÁMOGATJA AZ EMÉSZTÉST Könnyen emészthető formula prebiotikumokat tartalmazó rostok kiegyensúlyozott keverékével az egészséges emésztés és bélpasszázs elősegítéséért. ALACSONY ZSÍRTARTALOM A zsírszegény diétát igénylő kutyák megfelelő táplálásáért. KIEGYENSÚLYOZOTT ROSTTARTALOM Korlátozott rosttartalom a fenntartáshoz szükséges energiaszint biztosításával, a zsírbevitel csökkentése mellett is. ÖSSZETÉTEL: rizs, dehidratált baromfifehérje, búza, árpa, hidrolizált állati fehérjék, cukorrépapép, állati zsiradékok, ásványi sók, élesztőtermékek, halolaj, palmitin- és sztearinsavak citromsavval észterezett mono- és digliceridjei, psyllium (útifű) maghéj és mag, frukto-oligoszacharidok (0,48 %), élesztő-hidrolizátum (mannán-oligoszacharidok forrása) (0,19 %), bársonyvirág kivonat (lutein forrás). ADALÉKANYAGOK (kilogrammonként): Tápértékkel rendelkező adalékanyagok: A vitamin: 16500 NE, D3 vitamin: 1000 NE, Vas (3b103): 45 mg, Jód (3b201, 3b202): 4,5 mg, Réz (3b405, 3b406): 14 mg, Mangán (3b502, 3b504): 58 mg, Cink (3b603, 3b605, 3b606): 135 mg, Szelén (3b801, 3b811, 3b812): 0,08 mg – Technológiai adalékanyagok: Üledékes eredetű klinoptilolit: 5 g – Tartósítószerek – Antioxidánsok. ANALITIKAI ÖSSZETEVŐK: Nyersfehérje: 22,0 % – Zsírtartalom: 7,0 % – Nyershamu: 6,2 % – Nyersrost: 1,8 % – Esszenciális zsírsavak: 1,25 % – Omega-3 zsírsavak: 0,3 % – EPA/DHA: 0,13 %. Testsúly Sovány Normál Túlsúly 2 kg 61 53 46 4 kg 102 90 78 6 kg 138 122 105 8 kg 172 151 130 10 kg 203 179 154 15 kg 275 242 209 20 kg 341 300 259 25 kg 403 355 307 30 kg 462 407 351 35 kg 519 457 395 40 kg 574 505 436 45 kg 627 552 476 50 kg 678 597 516 55 kg 729 641 554 60 kg 778 684 591 70 kg 873 768 664 80 kg 965 849 733 Tovább olvasok"}
{"breadcrumb": "Főoldal/Kutya/Eledelek/Gyógyhatású eledelek/Royal Canin Veterinary Gastro mc emésztőszervi alacsony kalória száraz kutyaeledel 2kg", "product_name": "Royal Canin Veterinary Gastro mc emésztőszervi alacsony kalória száraz kutyaeledel 2kgRoyal Canin Veterinary Gastro mc emésztőszervi alacsony kalória száraz kutyaeledel 2kg", "brand": "Royal CaninVeterinary Health Nutrition1,1kg – 4kgFelnőttszárnyasérzékeny emésztésű", "regular_price": "8099", "selling_price": "", "price_per_unit": "1 kg=4050 Ft", "product_url": "https://webshop.fressnapf.hu/termekek/royal-canin-veterinary-gastro-mc-emesztoszervi-alacsony-kaloria-szaraz-kutyaeledel-2kg/", "product_description": "Fontos megjegyzés Az állatorvosi diétás eledel csak állatorvossal való konzultációt követően adható. Az állatorvosi diétás eledel alkalmazásakor legalább 6 havonta ellenőrzés céljából állatorvoshoz kell fordulni. Ha a háziállat állapota az etetés során romlana, azonnal állatorvoshoz kell fordulni. A kiválasztott diétás eledel kiválasztásával és a kosárba helyezésével Ön megerősíti, hogy a fenti utasításokat elolvasta és megértette. A ROYAL CANIN® GASTROINTESTINAL MODERATE CALORIE száraz állateledel komplett diétás kutyaeledel, ami segít csökkenti az akut bélrendszeri felszívódási rendellenességeket, és kompenzálja a nem megfelelő emésztést. Könnyen emészthető összetevők. Megnövelt elektrolittartalom. Alacsony zsírtartalom. JAVALLATOK: Az alkalmazás előtt javasolt állatorvos véleményét kikérni. A GASTROINTESTINAL MODERATE CALORIE száraz állateledel alkalmazása 1-2 héten keresztül javasolt akut hasmenés esetén, illetve az ezt követő időszakban. Nem megfelelő emésztés esetén 3 – 12 héten keresztül javasolt, krónikus hasnyálmirigy-elégtelenségben az egész élettartam folyamán alkalmazható. Teljes értékű diétás állateledel felnőtt kutyák számára TÁMOGATJA AZ EMÉSZTÉST Könnyen emészthető formula prebiotikumokat tartalmazó rostok kiegyensúlyozott keverékével az egészséges emésztés és bélpasszázs elősegítéséért. MÉRSÉKELT KALÓRIATARTALOM Mérsékelt kalóriatartalom az ideális testsúly fenntartásáért. NAGYON ÍZLETES Nagyon ízletes, így megfelelő csökkent étvágy esetén is. TÁMOGATJA AZ EMÉSZTÉST Könnyen emészthető formula prebiotikumokat tartalmazó rostok kiegyensúlyozott keverékével az egészséges emésztés és bélpasszázs elősegítéséért. ÖSSZETÉTEL: rizs*, dehidratált baromfifehérje*, kukorica*, hidrolizált állati fehérjék*, állati zsiradékok*, cukorrépapép, tojáspor*, növényi rostok, ásványi sók, szójaolaj*, élesztőtermékek, halolaj*, psyllium (útifű) maghéj és mag (nyákképző anyagok forrása), frukto-oligoszacharidok (0,5 %), palmitin- és sztearinsavak citromsavval észterezett mono- és digliceridjei*, élesztő-hidrolizátum (mannán-oligoszacharidok forrása) (0,2 %), bársonyvirág kivonat (lutein forrás). *könnyen emészthető összetevők. ADALÉKANYAGOK (kilogrammonként): Tápértékkel rendelkező adalékanyagok: A vitamin: 16500 NE, D3 vitamin: 1000 NE, Vas (3b103): 43 mg, Jód (3b201, 3b202): 4,3 mg, Réz (3b405, 3b406): 13 mg, Mangán (3b502, 3b504): 56 mg, Cink (3b603, 3b605, 3b606): 135 mg, Szelén (3b801, 3b811, 3b812): 0,08 mg – Technológiai adalékanyagok: Üledékes eredetű klinoptilolit: 5 g – Tartósítószerek – Antioxidánsok. ANALITIKAI ÖSSZETEVŐK: Nyersfehérje: 23,0 % – Zsírtartalom: 11,0 % – Nyershamu: 6,2 % – Nyersrost: 2,4 % – EPA/DHA: 0,21 % – Omega-6 zsírsavak: 2,35 % – Omega-3 zsírsavak: 0,49 % – Nátrium: 0,45 % – Kálium: 0,7 %. Testsúly Sovány Normális Túlsúlyos 2 kg 51 44 37 4 kg 86 74 63 6 kg 117 101 85 8 kg 145 125 105 10 kg 171 148 124 15 kg 232 200 169 20 kg 288 249 209 25 kg 340 294 247 30 kg 390 337 284 35 kg 438 378 319 40 kg 484 418 352 45 kg 529 457 385 50 kg 572 494 416 55 kg 615 531 447 60 kg 656 567 477 70 kg 737 636 536 80 kg 814 703 592 Tovább olvasok"}
{"breadcrumb": "Főoldal/Kutya/Eledelek/Gyógyhatású eledelek/Royal Canin Veterinary Gastrointestinal emésztőszervi betegség kutya konzerv 12x400g", "product_name": "Royal Canin Veterinary Gastrointestinal emésztőszervi betegség kutya konzerv 12x400gRoyal Canin Veterinary Gastrointestinal emésztőszervi betegség kutya konzerv 12x400g", "brand": "Royal CaninVeterinary Health Nutrition201g – 400gFelnőtthús és állati származékokpástétomérzékeny emésztésűkonzerv", "regular_price": "22188", "selling_price": "", "price_per_unit": "1 849 Ft", "product_url": "https://webshop.fressnapf.hu/termekek/royal-canin-veterinary-gastrointestinal-emesztoszervi-betegseg-kutya-konzerv-400g/", "product_description": "Fontos megjegyzés Az állatorvosi diétás eledel csak állatorvossal való konzultációt követően adható. Az állatorvosi diétás eledel alkalmazásakor legalább 6 havonta ellenőrzés céljából állatorvoshoz kell fordulni. Ha a háziállat állapota az etetés során romlana, azonnal állatorvoshoz kell fordulni. A kiválasztott diétás eledel kiválasztásával és a kosárba helyezésével Ön megerősíti, hogy a fenti utasításokat elolvasta és megértette. A ROYAL CANIN® GASTROINTESTINAL loaf pépes állagú nedves állateledel komplett diétás kutyaeledel, ami segít csökkenteni az akut bélrendszeri felszívódási rendellenességeket, és támogatja a táplálkozással történő felépülést és a lábadozást. Könnyen emészthető összetevők. Megnövelt elektrolittartalom és létfontosságú táplálóanyagok magas koncentrációban. Magas energiatartalom. JAVALLATOK: Az alkalmazás előtt javasolt állatorvos véleményét kikérni. A GASTROINTESTINAL loaf nedves állateledel alkalmazása 1-2 héten keresztül javasolt akut hasmenés esetén, illetve az ezt követő időszakban a teljes felépülésig. Teljes értékű diétás állateledel kutyák számára TÁMOGATJA AZ EMÉSZTÉST Könnyen emészthető formula prebiotikumokat tartalmazó rostok kiegyensúlyozott keverékével az egészséges emésztés és bélpasszázs elősegítéséért. MAGAS ENERGIATARTALOM A magas energiatartalom csökkenti a szükséges táplálék mennyiségét és a belek terhelését. NAGYON ÍZLETES Nagyon ízletes, így megfelelő csökkent étvágy esetén is. ÖSSZETÉTEL: hús és állati származékok, hal és halszármazékok, gabonafélék, növényi eredetű származékok, olajok és zsírok, ásványi anyagok, élesztők. Könnyen emészthető összetevők: sertés és baromfi származékok, lazac, rizs. ADALÉKANYAGOK (kilogrammonként): Tápértékkel rendelkező adalékanyagok: D3 vitamin: 260 NE, Vas (3b103): 6 mg, Jód (3b202): 0,3 mg, Réz (3b405, 3b406): 2,8 mg, Mangán (3b502, 3b503, 3b504): 2 mg, Cink (3b603, 3b605, 3b606): 20 mg – Technológiai adalékanyagok: Üledékes eredetű klinoptilolit: 2,5 g. ANALITIKAI ÖSSZETEVŐK: Nyersfehérje: 8,9 % – Zsírtartalom: 5,9 % – Nyershamu: 2,4 % – Nyersrost: 1,2 % – Nedvesség: 74,0 % – Nátrium: 0,27 % – Kálium: 0,17 % – Zsírsavak: omega-3: 0,38 %, omega-6: 1,8 % – Metabolizálható energia: 1111,0 kcal/kg. Testsúly (kg) Sovány Normál Túlsúly 5 kg 270 g 312 g 355 g 10 kg 454 g 525 g 597 g 20 kg 763 g 883 g 1004 g 30 kg 1034 g 1197 g 1360 g 40 kg 1283 g 1485 g 1688 g Tovább olvasok"}
{"breadcrumb": "Főoldal/Kutya/Eledelek/Gyógyhatású eledelek/Royal Canin Veterinary Gastrointestinal emésztőszervi betegség száraz kutyaeledel 14kg", "product_name": "Royal Canin Veterinary Gastrointestinal emésztőszervi betegség száraz kutyaeledel 14kgRoyal Canin Veterinary Gastrointestinal emésztőszervi betegség száraz kutyaeledel 14kg", "brand": "Royal CaninVeterinary Health Nutrition12,1kg – 15kgFelnőttszárnyasérzékeny emésztésű", "regular_price": "38299", "selling_price": "", "price_per_unit": "1 kg=2553 Ft", "product_url": "https://webshop.fressnapf.hu/termekek/royal-canin-veterinary-gastrointestinal-emesztoszervi-betegseg-szaraz-kutyaeledel-14kg/", "product_description": "Fontos megjegyzés Az állatorvosi diétás eledel csak állatorvossal való konzultációt követően adható. Az állatorvosi diétás eledel alkalmazásakor legalább 6 havonta ellenőrzés céljából állatorvoshoz kell fordulni. Ha a háziállat állapota az etetés során romlana, azonnal állatorvoshoz kell fordulni. A kiválasztott diétás eledel kiválasztásával és a kosárba helyezésével Ön megerősíti, hogy a fenti utasításokat elolvasta és megértette. A ROYAL CANIN® GASTROINTESTINAL száraz állateledel komplett diétás kutyaeledel, ami segít csökkenteni az akut bélrendszeri felszívódási rendellenességeket, és támogatja a táplálkozással történő felépülést és a lábadozást. Könnyen emészthető összetevők. Megnövelt elektrolittartalom és létfontosságú táplálóanyagok magas koncentrációban. Magas energiatartalom. JAVALLATOK: Felhasználás előtt állatorvos véleményének kikérése javasolt. A GASTROINTESTINAL száraz eledel alkalmazása 1-2 héten keresztül javasolt akut hasmenés esetén, illetve az ezt követő időszakban a teljes felépülésig. Teljes értékű diétás állateledel kutyák számára TÁMOGATJA AZ EMÉSZTÉST Könnyen emészthető formula prebiotikumokat tartalmazó rostok kiegyensúlyozott keverékével az egészséges emésztés és bélpasszázs elősegítéséért. MAGAS ENERGIATARTALOM A magas energiatartalom csökkenti a szükséges táplálék mennyiségét és a belek terhelését. NAGYON ÍZLETES Nagyon ízletes, így megfelelő csökkent étvágy esetén is. ÖSSZETÉTEL: rizs*, dehidratált baromfifehérje*, kukorica*, állati zsiradékok*, hidrolizált állati fehérjék*, tojáspor*, élesztőtermékek, cukorrépapép, szójaolaj*, halolaj*, növényi rostok, ásványi sók, psyllium (útifű) maghéj és mag (nyákképző anyagok forrása), frukto-oligoszacharidok (0,5 %), élesztő-hidrolizátum (mannán-oligoszacharidok forrása) (0,2 %), bársonyvirág kivonat (lutein forrás). *könnyen emészthető összetevők. ADALÉKANYAGOK (kilogrammonként): Tápértékkel rendelkező adalékanyagok: A vitamin: 16500 NE, D3 vitamin: 1000 NE, Vas (3b103): 41 mg, Jód (3b201, 3b202): 4,1 mg, Réz (3b405, 3b406): 12 mg, Mangán (3b502, 3b504): 53 mg, Cink (3b603, 3b605, 3b606): 129 mg, Szelén (3b801, 3b811, 3b812): 0,07 mg – Technológiai adalékanyagok: Üledékes eredetű klinoptilolit: 5 g – Tartósítószerek – Antioxidánsok. ANALITIKAI ÖSSZETEVŐK: Nyersfehérje: 25,0 % – Nyersolajok és -zsírok: 20,0 % – Nyershamu: 6,6 % – Nyersrost: 1,9 % – EPA/DHA: 0,31 % – Omega-3 zsírsavak: 0,85 % – Omega-6 zsírsavak: 4,28 % – Nátrium: 0,43 % – Kálium: 0,65 %. Testsúly (kg) Sovány Normál Túlsúly 2 kg 51 g 45 g 39 g 4 kg 86 g 76 g 65 g 6 kg 116 g 102 g 88 g 8 kg 144 g 127 g 110 g 10 kg 171 g 150 g 130 g 15 kg 231 g 203 g 176 g 20 kg 287 g 253 g 218 g 25 kg 339 g 299 g 258 g 30 kg 389 g 342 g 296 g 35 kg 437 g 384 g 332 g 40 kg 483 g 425 g 367 g 45 kg 527 g 464 g 401 g 50 kg 570 g 502 g 434 g 55 kg 613 g 539 g 466 g 60 kg 654 g 576 g 497 g 70 kg 734 g 646 g 558 g 80 kg 812 g 714 g 617 g Tovább olvasok"}
{"breadcrumb": "Főoldal/Kutya/Eledelek/Gyógyhatású eledelek/Royal Canin Veterinary Gastrointestinal emésztőszervi betegség száraz kutyaeledel 2kg", "product_name": "Royal Canin Veterinary Gastrointestinal emésztőszervi betegség száraz kutyaeledel 2kgRoyal Canin Veterinary Gastrointestinal emésztőszervi betegség száraz kutyaeledel 2kg", "brand": "Royal CaninVeterinary Health Nutrition1,1kg – 4kgFelnőttszárnyasérzékeny emésztésű", "regular_price": "7849", "selling_price": "", "price_per_unit": "1 kg=3925 Ft", "product_url": "https://webshop.fressnapf.hu/termekek/royal-canin-veterinary-gastrointestinal-emesztoszervi-betegseg-szaraz-kutyaeledel-2kg/", "product_description": "Fontos megjegyzés Az állatorvosi diétás eledel csak állatorvossal való konzultációt követően adható. Az állatorvosi diétás eledel alkalmazásakor legalább 6 havonta ellenőrzés céljából állatorvoshoz kell fordulni. Ha a háziállat állapota az etetés során romlana, azonnal állatorvoshoz kell fordulni. A kiválasztott diétás eledel kiválasztásával és a kosárba helyezésével Ön megerősíti, hogy a fenti utasításokat elolvasta és megértette. A ROYAL CANIN® GASTROINTESTINAL száraz állateledel komplett diétás kutyaeledel, ami segít csökkenteni az akut bélrendszeri felszívódási rendellenességeket, és támogatja a táplálkozással történő felépülést és a lábadozást. Könnyen emészthető összetevők. Megnövelt elektrolittartalom és létfontosságú táplálóanyagok magas koncentrációban. Magas energiatartalom. JAVALLATOK: Felhasználás előtt állatorvos véleményének kikérése javasolt. A GASTROINTESTINAL száraz eledel alkalmazása 1-2 héten keresztül javasolt akut hasmenés esetén, illetve az ezt követő időszakban a teljes felépülésig. Teljes értékű diétás állateledel kutyák számára TÁMOGATJA AZ EMÉSZTÉST Könnyen emészthető formula prebiotikumokat tartalmazó rostok kiegyensúlyozott keverékével az egészséges emésztés és bélpasszázs elősegítéséért. MAGAS ENERGIATARTALOM A magas energiatartalom csökkenti a szükséges táplálék mennyiségét és a belek terhelését. NAGYON ÍZLETES Nagyon ízletes, így megfelelő csökkent étvágy esetén is. ÖSSZETÉTEL: rizs*, dehidratált baromfifehérje*, kukorica*, állati zsiradékok*, hidrolizált állati fehérjék*, tojáspor*, élesztőtermékek, cukorrépapép, szójaolaj*, halolaj*, növényi rostok, ásványi sók, psyllium (útifű) maghéj és mag (nyákképző anyagok forrása), frukto-oligoszacharidok (0,5 %), élesztő-hidrolizátum (mannán-oligoszacharidok forrása) (0,2 %), bársonyvirág kivonat (lutein forrás). *könnyen emészthető összetevők. ADALÉKANYAGOK (kilogrammonként): Tápértékkel rendelkező adalékanyagok: A vitamin: 16500 NE, D3 vitamin: 1000 NE, Vas (3b103): 41 mg, Jód (3b201, 3b202): 4,1 mg, Réz (3b405, 3b406): 12 mg, Mangán (3b502, 3b504): 53 mg, Cink (3b603, 3b605, 3b606): 129 mg, Szelén (3b801, 3b811, 3b812): 0,07 mg – Technológiai adalékanyagok: Üledékes eredetű klinoptilolit: 5 g – Tartósítószerek – Antioxidánsok. ANALITIKAI ÖSSZETEVŐK: Nyersfehérje: 25,0 % – Nyersolajok és -zsírok: 20,0 % – Nyershamu: 6,6 % – Nyersrost: 1,9 % – EPA/DHA: 0,31 % – Omega-3 zsírsavak: 0,85 % – Omega-6 zsírsavak: 4,28 % – Nátrium: 0,43 % – Kálium: 0,65 %. Testsúly (kg) Sovány Normál Túlsúly 2 kg 51 g 45 g 39 g 4 kg 86 g 76 g 65 g 6 kg 116 g 102 g 88 g 8 kg 144 g 127 g 110 g 10 kg 171 g 150 g 130 g 15 kg 231 g 203 g 176 g 20 kg 287 g 253 g 218 g 25 kg 339 g 299 g 258 g 30 kg 389 g 342 g 296 g 35 kg 437 g 384 g 332 g 40 kg 483 g 425 g 367 g 45 kg 527 g 464 g 401 g 50 kg 570 g 502 g 434 g 55 kg 613 g 539 g 466 g 60 kg 654 g 576 g 497 g 70 kg 734 g 646 g 558 g 80 kg 812 g 714 g 617 g Tovább olvasok"}
{"breadcrumb": "Főoldal/Kutya/Eledelek/Gyógyhatású eledelek/Royal Canin Veterinary Gastrointestinal emésztőszervi betegség száraz kutyaeledel 7,5kg", "product_name": "Royal Canin Veterinary Gastrointestinal emésztőszervi betegség száraz kutyaeledel 7,5kgRoyal Canin Veterinary Gastrointestinal emésztőszervi betegség száraz kutyaeledel 7,5kg", "brand": "Royal CaninVeterinary Health Nutrition4,1kg – 10kgFelnőttszárnyasérzékeny emésztésű", "regular_price": "23199", "selling_price": "", "price_per_unit": "1 kg=3093 Ft", "product_url": "https://webshop.fressnapf.hu/termekek/royal-canin-veterinary-gastrointestinal-emesztoszervi-betegseg-szaraz-kutyaeledel-75kg/", "product_description": "Fontos megjegyzés Az állatorvosi diétás eledel csak állatorvossal való konzultációt követően adható. Az állatorvosi diétás eledel alkalmazásakor legalább 6 havonta ellenőrzés céljából állatorvoshoz kell fordulni. Ha a háziállat állapota az etetés során romlana, azonnal állatorvoshoz kell fordulni. A kiválasztott diétás eledel kiválasztásával és a kosárba helyezésével Ön megerősíti, hogy a fenti utasításokat elolvasta és megértette. A ROYAL CANIN® GASTROINTESTINAL száraz állateledel komplett diétás kutyaeledel, ami segít csökkenteni az akut bélrendszeri felszívódási rendellenességeket, és támogatja a táplálkozással történő felépülést és a lábadozást. Könnyen emészthető összetevők. Megnövelt elektrolittartalom és létfontosságú táplálóanyagok magas koncentrációban. Magas energiatartalom. JAVALLATOK: Felhasználás előtt állatorvos véleményének kikérése javasolt. A GASTROINTESTINAL száraz eledel alkalmazása 1-2 héten keresztül javasolt akut hasmenés esetén, illetve az ezt követő időszakban a teljes felépülésig. Teljes értékű diétás állateledel kutyák számára TÁMOGATJA AZ EMÉSZTÉST Könnyen emészthető formula prebiotikumokat tartalmazó rostok kiegyensúlyozott keverékével az egészséges emésztés és bélpasszázs elősegítéséért. MAGAS ENERGIATARTALOM A magas energiatartalom csökkenti a szükséges táplálék mennyiségét és a belek terhelését. NAGYON ÍZLETES Nagyon ízletes, így megfelelő csökkent étvágy esetén is. ÖSSZETÉTEL: rizs*, dehidratált baromfifehérje*, kukorica*, állati zsiradékok*, hidrolizált állati fehérjék*, tojáspor*, élesztőtermékek, cukorrépapép, szójaolaj*, halolaj*, növényi rostok, ásványi sók, psyllium (útifű) maghéj és mag (nyákképző anyagok forrása), frukto-oligoszacharidok (0,5 %), élesztő-hidrolizátum (mannán-oligoszacharidok forrása) (0,2 %), bársonyvirág kivonat (lutein forrás). *könnyen emészthető összetevők. ADALÉKANYAGOK (kilogrammonként): Tápértékkel rendelkező adalékanyagok: A vitamin: 16500 NE, D3 vitamin: 1000 NE, Vas (3b103): 41 mg, Jód (3b201, 3b202): 4,1 mg, Réz (3b405, 3b406): 12 mg, Mangán (3b502, 3b504): 53 mg, Cink (3b603, 3b605, 3b606): 129 mg, Szelén (3b801, 3b811, 3b812): 0,07 mg – Technológiai adalékanyagok: Üledékes eredetű klinoptilolit: 5 g – Tartósítószerek – Antioxidánsok. ANALITIKAI ÖSSZETEVŐK: Nyersfehérje: 25,0 % – Nyersolajok és -zsírok: 20,0 % – Nyershamu: 6,6 % – Nyersrost: 1,9 % – EPA/DHA: 0,31 % – Omega-3 zsírsavak: 0,85 % – Omega-6 zsírsavak: 4,28 % – Nátrium: 0,43 % – Kálium: 0,65 %. Testsúly (kg) Sovány Normál Túlsúly 2 kg 51 g 45 g 39 g 4 kg 86 g 76 g 65 g 6 kg 116 g 102 g 88 g 8 kg 144 g 127 g 110 g 10 kg 171 g 150 g 130 g 15 kg 231 g 203 g 176 g 20 kg 287 g 253 g 218 g 25 kg 339 g 299 g 258 g 30 kg 389 g 342 g 296 g 35 kg 437 g 384 g 332 g 40 kg 483 g 425 g 367 g 45 kg 527 g 464 g 401 g 50 kg 570 g 502 g 434 g 55 kg 613 g 539 g 466 g 60 kg 654 g 576 g 497 g 70 kg 734 g 646 g 558 g 80 kg 812 g 714 g 617 g Tovább olvasok"}
{"breadcrumb": "Főoldal/Kutya/Eledelek/Gyógyhatású eledelek/Royal Canin Veterinary Gastrointestinal emésztőszervi kölyök kutya konzerv 12x195g", "product_name": "Royal Canin Veterinary Gastrointestinal emésztőszervi kölyök kutya konzerv 12x195gRoyal Canin Veterinary Gastrointestinal emésztőszervi kölyök kutya konzerv 12x195g", "brand": "Royal CaninVeterinary Health Nutrition101g – 200gKölyökhús és állati származékokpástétomérzékeny emésztésűkonzerv", "regular_price": "10188", "selling_price": "", "price_per_unit": "849 Ft", "product_url": "https://webshop.fressnapf.hu/termekek/royal-canin-veterinary-gastrointestinal-emesztoszervi-kolyok-kutya-konzerv-195g/", "product_description": "Fontos megjegyzés Az állatorvosi diétás eledel csak állatorvossal való konzultációt követően adható. Az állatorvosi diétás eledel alkalmazásakor legalább 6 havonta ellenőrzés céljából állatorvoshoz kell fordulni. Ha a háziállat állapota az etetés során romlana, azonnal állatorvoshoz kell fordulni. A kiválasztott diétás eledel kiválasztásával és a kosárba helyezésével Ön megerősíti, hogy a fenti utasításokat elolvasta és megértette. Teljes értékű diétás állateledel kutyák számára -kölyökkutyáknak speciálisan A ROYAL CANIN® GASTROINTESTINAL PUPPY ultra soft mousse, ultrakönnyű habkrém állagú nedves állateledel komplett diétás kutyaeledel, ami segít csökkenteni az akut bélrendszeri felszívódási rendellenességeket, és támogatja a táplálkozással történő felépülést és a lábadozást. Könnyen emészthető összetevők. Megnövelt elektrolittartalom és létfontosságú táplálóanyagok magas koncentrációban. Magas energiatartalom. JAVALLATOK: Az alkalmazás előtt javasolt állatorvos véleményét kikérni. A GASTROINTESTINAL PUPPY ultra soft mousse nedves eledel alkalmazása 1-2 héten keresztül javasolt akut hasmenés esetén, illetve az ezt követő időszakban a teljes felépülésig. ÖSSZETÉTEL: hús és állati származékok, gabonafélék, növényi eredetű származékok, ásványi anyagok, tej és tejszármazékok, olajok és zsírok, élesztők.Könnyen emészthető összetevők: baromfi és sertés származékok, rizsliszt, kazeinát. ADALÉKANYAGOK (kilogrammonként): Tápértékkel rendelkező adalékanyagok: D3 vitamin: 130 NE, Vas (3b103): 6 mg, Jód (3b202): 0,3 mg, Réz (3b405, 3b406): 2,4 mg, Mangán (3b502, 3b503, 3b504): 1,8 mg, Cink (3b603, 3b605, 3b606): 18 mg – Technológiai adalékanyagok: Üledékes eredetű klinoptilolit: 2,1 g. ANALITIKAI ÖSSZETEVŐK: Nyersfehérje: 10,0 % – Nyersolajok és -zsírok: 5,8 % – Nyershamu: 2,2 % – Nyersrost: 0,8 % – Nedvesség: 78,5 % – Calcium: 0,32 % – Nátrium: 0,24 % – Kálium: 0,19 % – Zsírsavak: omega-3: 0,2 %, omega-6: 1,2 % – Metabolizálható energia: 977,0 kcal/kg A kölyök kora Testsúly 2 kg 5 kg 10 kg 20 kg 30 kg 40 kg 1 – 2 hónapos 161 – 193 g vagy 1 konzerv 267 – 367 g vagy 1 + 1/2 – 2 konzerv 370 – 577 g vagy 2 -3 konzerv 256 – 926 g vagy 3-5 konzerv 583 – 1014 g vagy 3 – 5 + 1/2 konzerv 639 – 1102 g vagy 3 + 1/2 – 5 1/2 konzerv 3 – 4 hónapos 214 – 219 g vagy 1 konzerv 414 – 433 g vagy 2 – 2 1/2 konzerv 677 – 720 g vagy 3 + 1/2 – 4 konzerv 1114 – 1199 g vagy 6 konzerv 1272- 1386 g vagy 6 + 1/2 – 7 konzerv 1430 – 1573 g vagy 7 + 1/2 – 8 konzerv 5 – 6 hónapos 189 – 218 g vagy 1 konzerv 394 – 435 g vagy 2 + 1/2 – 2 konzerv 729 – 732 g vagy 4 konzerv 1228 – 1230 g vagy 6 + 1/2 konzerv 1530 – 1664 g vagy 8 – 8 + 1/2 konzerv 1831 – 2063 g vagy 9 + 1/2 – 10 + 1/2 konzerv 7 – 8 hónapos 156 – 158 g vagy 1 konzerv 313 – 354 g vagy 2 – 1 + 1/2 konzerv 590 – 659 g vagy 3 + 1/2 – 3 konzerv 1145 – 1066 g vagy 5 + 1/2 – 6 konzerv 1551 – 1667 g vagy 8 – 8 + 1/2 konzerv 1940 – 2068 g vagy 10 – 10 + 1/2 konzerv 9 – 10 hónapos 155 g vagy 1 konzerv 307 – 311 g vagy 1 + 1/2 konzerv 523 – 526g vagy 3 – 2 + 1/2 konzerv 885 – 974 g vagy 4 + 1/2 – 5 konzerv 1316 – 1446 g vagy 7 – 7 + 1/2 konzerv 1639 – 1818 g vagy 8 + 1/2 – 9 + 1/2 konzerv 11 – 12 hónapos – – 517 g vagy 2 + 1/2 konzerv 869 – 879 g vagy 4 + 1/2 konzerv 1187 – 1196 g vagy 6 konzerv 1489 – 1588 g vagy 7 + 1/2 – 8 konzerv Tovább olvasok"}
{"breadcrumb": "Főoldal/Kutya/Eledelek/Gyógyhatású eledelek/Royal Canin Veterinary Gastrointestinal emésztőszervi kölyök száraz kutyaeledel 1kg", "product_name": "Royal Canin Veterinary Gastrointestinal emésztőszervi kölyök száraz kutyaeledel 1kgRoyal Canin Veterinary Gastrointestinal emésztőszervi kölyök száraz kutyaeledel 1kg", "brand": "Royal CaninVeterinary Health Nutrition801g – 1kgKölyökszárnyasérzékeny emésztésű", "regular_price": "5299", "selling_price": "", "price_per_unit": "1 kg=5299 Ft", "product_url": "https://webshop.fressnapf.hu/termekek/royal-canin-veterinary-gastrointestinal-emesztoszervi-kolyok-szaraz-kutyaeledel-1kg/", "product_description": "Fontos megjegyzés Az állatorvosi diétás eledel csak állatorvossal való konzultációt követően adható. Az állatorvosi diétás eledel alkalmazásakor legalább 6 havonta ellenőrzés céljából állatorvoshoz kell fordulni. Ha a háziállat állapota az etetés során romlana, azonnal állatorvoshoz kell fordulni. A kiválasztott diétás eledel kiválasztásával és a kosárba helyezésével Ön megerősíti, hogy a fenti utasításokat elolvasta és megértette. A ROYAL CANIN® GASTROINTESTINAL PUPPY száraz állateledel komplett diétás eledel kölyökkutyák számára, ami segít csökkenteni az akut bélrendszeri felszívódási rendellenességeket, és támogatja a táplálkozással történő felépülést és a lábadozást. Könnyen emészthető összetevők. Megnövelt elektrolittartalom és létfontosságú táplálóanyagok magas koncentrációban. Magas energiatartalom. JAVALLATOK: Az alkalmazás előtt javasolt állatorvos véleményét kikérni. A GASTROINTESTINAL PUPPY száraz eledel alkalmazása 1-2 héten keresztül javasolt akut hasmenés esetén, illetve az ezt követő időszakban a teljes felépülésig. Teljes értékű diétás állateledel kölyökkutyák számára TÁMOGATJA AZ EMÉSZTÉST Könnyen emészthető formula prebiotikumokat tartalmazó rostok kiegyensúlyozott keverékével az egészséges emésztés és bélpasszázs elősegítéséért. OPTIMÁLIS NÖVEKEDÉS Magas energiatartalmú, adaptált tápanyagszintű (fehérjét és kalciumot is tartalmazó) formula, mely kielégíti a növekedésben lévő kölyökkutya szükségleteit. KÖNNYEN REHIDRATÁLHATÓ Könnyen rehidratálható tápszemcsék, melyek megkönnyítik a csökkent étvágyú kölyökkutyák eleségfelvételét és a tejről szilárd táplálékra való áttérését. ÖSSZETÉTEL: rizs*, dehidratált baromfifehérje*, állati zsiradékok*, kukorica*, dehidratált sertésfehérje*, búzaglutén*, cukorrépapép, hidrolizált állati fehérjék*, ásványi sók, tojáspor*, szójaolaj*, halolaj*, élesztőtermékek, psyllium (útifű) maghéj és mag (nyákképző anyagok forrása), frukto-oligoszacharidok (0,5 %), élesztő-hidrolizátum (mannán-oligoszacharidok (0,2%) és béta-glükánok forrása), bársonyvirág kivonat (lutein forrás). *könnyen emészthető összetevők. ADALÉKANYAGOK (kilogrammonként): Tápértékkel rendelkező adalékanyagok: A vitamin: 17000 NE, D3 vitamin: 1100 NE, Vas (3b103): 52 mg, Jód (3b201, 3b202): 5,2 mg, Réz (3b405, 3b406): 15 mg, Mangán (3b502, 3b504): 67 mg, Cink (3b603, 3b605, 3b606): 137 mg, Szelén (3b801, 3b811, 3b812): 0,1 mg – Technológiai adalékanyagok: Üledékes eredetű klinoptilolit: 10 g – Tartósítószerek – Antioxidánsok. ANALITIKAI ÖSSZETEVŐK: Nyersfehérje: 29,0 % – Nyersolajok és -zsírok: 22,0 % – Nyershamu: 7,9 % – Nyersrost: 1,3 % – Kalcium: 1,28 % – Nátrium: 0,4 % – Kálium: 0,8 % – Omega-6 zsírsavak: 4,1 % – Omega-3 zsírsavak: 0,9 %. Kölyök felnőttkori testsúlya Kölyök kora 1 – 2 hónapos 3 – 4 hónapos 5 – 6 hónapos 7 – 8 hónapos 9 – 10 hónapos 11 – 12 hónapos 2 kg 39 – 47 g 52 – 54 g 46 – 53 g 38 – 39 g 38 g – 5 kg 65 – 90 g 101 – 106 g 96 – 106 g 77 – 87 g 75 – 76 g – 10 kg 91 – 141 g 166 – 176 g 178 – 179 g 144 – 166 g 128 – 129 g 126 g 20 kg 129 – 226 g 273 – 293 g 301 g 261 – 280 g 217 – 238 g 213 – 214 g 30 kg 143 – 248 g 311 – 339 g 374 – 407 g 380 – 408 g 322 – 354 g 290 – 292 g 40 kg 156 – 270 g 350 – 385 g 448 – 505 g 475 – 506 g 414 – 445 g 364 – 389 g Tovább olvasok"}
{"breadcrumb": "Főoldal/Kutya/Eledelek/Gyógyhatású eledelek/Royal Canin Veterinary Gastrointestinal emésztőszervi kölyök száraz kutyaeledel 2,5kg", "product_name": "Royal Canin Veterinary Gastrointestinal emésztőszervi kölyök száraz kutyaeledel 2,5kgRoyal Canin Veterinary Gastrointestinal emésztőszervi kölyök száraz kutyaeledel 2,5kg", "brand": "Royal CaninVeterinary Health Nutrition1,1kg – 4kgKölyökszárnyasérzékeny emésztésű", "regular_price": "9999", "selling_price": "", "price_per_unit": "1 kg=4000 Ft", "product_url": "https://webshop.fressnapf.hu/termekek/royal-canin-veterinary-gastrointestinal-emesztoszervi-kolyok-szaraz-kutyaeledel-25kg/", "product_description": "Fontos megjegyzés Az állatorvosi diétás eledel csak állatorvossal való konzultációt követően adható. Az állatorvosi diétás eledel alkalmazásakor legalább 6 havonta ellenőrzés céljából állatorvoshoz kell fordulni. Ha a háziállat állapota az etetés során romlana, azonnal állatorvoshoz kell fordulni. A kiválasztott diétás eledel kiválasztásával és a kosárba helyezésével Ön megerősíti, hogy a fenti utasításokat elolvasta és megértette. A ROYAL CANIN® GASTROINTESTINAL PUPPY száraz állateledel komplett diétás eledel kölyökkutyák számára, ami segít csökkenteni az akut bélrendszeri felszívódási rendellenességeket, és támogatja a táplálkozással történő felépülést és a lábadozást. Könnyen emészthető összetevők. Megnövelt elektrolittartalom és létfontosságú táplálóanyagok magas koncentrációban. Magas energiatartalom. JAVALLATOK: Az alkalmazás előtt javasolt állatorvos véleményét kikérni. A GASTROINTESTINAL PUPPY száraz eledel alkalmazása 1-2 héten keresztül javasolt akut hasmenés esetén, illetve az ezt követő időszakban a teljes felépülésig. Teljes értékű diétás állateledel kölyökkutyák számára TÁMOGATJA AZ EMÉSZTÉST Könnyen emészthető formula prebiotikumokat tartalmazó rostok kiegyensúlyozott keverékével az egészséges emésztés és bélpasszázs elősegítéséért. OPTIMÁLIS NÖVEKEDÉS Magas energiatartalmú, adaptált tápanyagszintű (fehérjét és kalciumot is tartalmazó) formula, mely kielégíti a növekedésben lévő kölyökkutya szükségleteit. KÖNNYEN REHIDRATÁLHATÓ Könnyen rehidratálható tápszemcsék, melyek megkönnyítik a csökkent étvágyú kölyökkutyák eleségfelvételét és a tejről szilárd táplálékra való áttérését. ÖSSZETÉTEL: rizs*, dehidratált baromfifehérje*, állati zsiradékok*, kukorica*, dehidratált sertésfehérje*, búzaglutén*, cukorrépapép, hidrolizált állati fehérjék*, ásványi sók, tojáspor*, szójaolaj*, halolaj*, élesztőtermékek, psyllium (útifű) maghéj és mag (nyákképző anyagok forrása), frukto-oligoszacharidok (0,5 %), élesztő-hidrolizátum (mannán-oligoszacharidok (0,2%) és béta-glükánok forrása), bársonyvirág kivonat (lutein forrás). *könnyen emészthető összetevők. ADALÉKANYAGOK (kilogrammonként): Tápértékkel rendelkező adalékanyagok: A vitamin: 17000 NE, D3 vitamin: 1100 NE, Vas (3b103): 52 mg, Jód (3b201, 3b202): 5,2 mg, Réz (3b405, 3b406): 15 mg, Mangán (3b502, 3b504): 67 mg, Cink (3b603, 3b605, 3b606): 137 mg, Szelén (3b801, 3b811, 3b812): 0,1 mg – Technológiai adalékanyagok: Üledékes eredetű klinoptilolit: 10 g – Tartósítószerek – Antioxidánsok. ANALITIKAI ÖSSZETEVŐK: Nyersfehérje: 29,0 % – Nyersolajok és -zsírok: 22,0 % – Nyershamu: 7,9 % – Nyersrost: 1,3 % – Kalcium: 1,28 % – Nátrium: 0,4 % – Kálium: 0,8 % – Omega-6 zsírsavak: 4,1 % – Omega-3 zsírsavak: 0,9 %. Kölyök felnőttkori testsúlya Kölyök kora 1 – 2 hónapos 3 – 4 hónapos 5 – 6 hónapos 7 – 8 hónapos 9 – 10 hónapos 11 – 12 hónapos 2 kg 39 – 47 g 52 – 54 g 46 – 53 g 38 – 39 g 38 g – 5 kg 65 – 90 g 101 – 106 g 96 – 106 g 77 – 87 g 75 – 76 g – 10 kg 91 – 141 g 166 – 176 g 178 – 179 g 144 – 166 g 128 – 129 g 126 g 20 kg 129 – 226 g 273 – 293 g 301 g 261 – 280 g 217 – 238 g 213 – 214 g 30 kg 143 – 248 g 311 – 339 g 374 – 407 g 380 – 408 g 322 – 354 g 290 – 292 g 40 kg 156 – 270 g 350 – 385 g 448 – 505 g 475 – 506 g 414 – 445 g 364 – 389 g Tovább olvasok"}
{"breadcrumb": "Főoldal/Kutya/Eledelek/Száraz eledelek/Royal Canin Veterinary Health Nutrition kutya csomag érzékeny emésztés 1,5kg+ajándék konzerv", "product_name": "Royal Canin Veterinary Health Nutrition kutya csomag érzékeny emésztés 1,5kg+ajándék konzervRoyal Canin Veterinary Health Nutrition kutya csomag érzékeny emésztés 1,5kg+ajándék konzerv", "brand": "Royal CaninVeterinary Health NutritionBonus bagFelnőttszárnyaskímélő étrend", "regular_price": "3 799", "selling_price": "3 299", "price_per_unit": "1 KG=3645 Ft", "product_url": "https://webshop.fressnapf.hu/termekek/royal-canin-veterinary-health-nutrition-kutya-csomag-erzekeny-emesztes-15kgajandek-konzerv/", "product_description": "Fontos megjegyzés Az állatorvosi diétás eledel csak állatorvossal való konzultációt követően adható. Az állatorvosi diétás eledel alkalmazásakor legalább 6 havonta ellenőrzés céljából állatorvoshoz kell fordulni. Ha a háziállat állapota az etetés során romlana, azonnal állatorvoshoz kell fordulni. A kiválasztott diétás eledel kiválasztásával és a kosárba helyezésével Ön megerősíti, hogy a fenti utasításokat elolvasta és megértette. A ROYAL CANIN® SENSITIVITY CONTROL száraz állateledel kutyák számára készült teljes értékű diétás eledel, amely összetétele folytán csökkenti bizonyos tápösszetevőkkel és tápanyagokkal szemben kialakult intoleranciát. Válogatott fehérje- és szénhidrátforrások. JAVALLATOK: Felhasználás előtt állatorvos véleményének kikérése javasolt. A SENSITIVITY CONTROL száraz állateledel etetése 3-8 héten keresztül javasolt. Ha az intolerancia jelei megszűnnek, korlátozás nélküli ideig alkalmazható tovább. Teljes értékű diétás állateledel felnőtt kutyáknak VÁLOGATOTT FEHÉRJE A korlátozott számú fehérjeforrás segít csökkenteni a tápanyag-intolerancia kockázatát. BŐR VÉDŐFAL Összetételének köszönhetően a bőr optimális egészsége érdekében támogatja a bőr természetes védőgát funkcióját. EPA és DHA A zsírsavak hozzájárulnak az emésztőrendszer és a bőr egészségének megőrzéséhez. BIZTONSÁGOS EMÉSZTÉS Az emésztőrendszer kiegyensúlyozott működését támogató tápanyagok. ÖSSZETÉTEL: tápióka, dehidratált kacsafehérje, növényi rostok, hidrolizált baromfifehérje, állati zsiradékok, cukorrépapép, halolaj, ásványi sók, szójaolaj, psyllium (útifű) maghéj és mag, frukto-oligoszacharidok, bársonyvirág kivonat (lutein forrás). Fehérjeforrások: dehidratált kacsafehérje, hidrolizált baromfifehérje. Szénhidrátforrás: tápióka. ADALÉKANYAGOK (kilogrammonként): Tápértékkel rendelkező adalékanyagok: A vitamin: 26500 NE, D3 vitamin: 800 NE, E1 (Vas): 40 mg, E2 (Jód): 3,6 mg, E4 (Réz): 15 mg, E5 (Mangán): 53 mg, E6 (Cink): 150 mg, E8 (Szelén): 0,25 mg – Tartósítószerek – Antioxidánsok. ANALITIKAI ÖSSZETEVŐK: Nyersfehérje: 21,0 % – Zsírtartalom: 9,0 % – Nyershamu: 8,0 % – Nyersrost: 4,5 % – Kilogrammonként: Esszenciális zsírsavak (Linolsav): 17,6 g – EPA & DHA: 3,5 g – Omega-3 zsírsavak: 7,5 g. Testsúly Sovány Normál Túlsúly 2 kg 64 g 56 g 48 g 4 kg 107 g 94 g 81 g 6 kg 145 g 127 g 110 g 8 kg 180 g 158 g 137 g 10 kg 212 g 187 g 161 g 15 kg 288 g 253 g 219 g 20 kg 357 g 314 g 271 g 25 kg 422 g 372 g 321 g 30 kg 484 g 426 g 368 g 35 kg 543 g 478 g 413 g 40 kg 601 g 529 g 456 g 45 kg 656 g 577 g 499 g 50 kg 710 g 625 g 540 g 55 kg 763 g 671 g 580 g 60 kg 814 g 716 g 619 g 70 kg 914 g 804 g 695 g 80 kg 1010 g 889 g 768 g Tovább olvasok"}
{"breadcrumb": "Főoldal/Kutya/Eledelek/Gyógyhatású eledelek/Royal Canin Veterinary Hepatic májbetegségek esetén kutya konzerv 12x420g", "product_name": "Royal Canin Veterinary Hepatic májbetegségek esetén kutya konzerv 12x420gRoyal Canin Veterinary Hepatic májbetegségek esetén kutya konzerv 12x420g", "brand": "Royal CaninVeterinary Health Nutrition401g – 600gFelnőttszárnyaspástétommájdiétakonzerv", "regular_price": "25188", "selling_price": "", "price_per_unit": "2 099 Ft", "product_url": "https://webshop.fressnapf.hu/termekek/royal-canin-veterinary-hepatic-majbetegsegek-eseten-kutya-konzerv-420g/", "product_description": "Fontos megjegyzés Az állatorvosi diétás eledel csak állatorvossal való konzultációt követően adható. Az állatorvosi diétás eledel alkalmazásakor legalább 6 havonta ellenőrzés céljából állatorvoshoz kell fordulni. Ha a háziállat állapota az etetés során romlana, azonnal állatorvoshoz kell fordulni. A kiválasztott diétás eledel kiválasztásával és a kosárba helyezésével Ön megerősíti, hogy a fenti utasításokat elolvasta és megértette. A ROYAL CANIN® HEPATIC nedves állateledel komplett diétás kutyaeledel, ami krónikus májelégtelenség esetén támogatja a májfunkciókat, illetve csökkenti a májban a rézszintet. Magas minőségű fehérje. Mérsékelt fehérjetartalom. Magas esszenciális zsírsavtartalom és könnyen emészthető szénhidrátok. Alacsony réztartalom. JAVALLATOK: Az alkalmazás illetve az alkalmazás idejének meghosszabbítása előtt javasolt állatorvos véleményét kikérni. A HEPATIC nedves állateledelt először legfeljebb 6 hónapig alkalmazza. Teljes értékű diétás állateledel felnőtt kutyák számára ADAPTÁLT FEHÉRJETARTALOM Adaptált magas minőségű fehérjeszint, ami krónikus májelégtelenség esetén támogatja a májfunkciókat. ALACSONY RÉZTARTALOM Alacsony réztartalom a májsejtekben történő rézfelhalmozódás minimalizálásáért. MAGAS ENERGIATARTALOM A magas energiatartalom csökkenti a szükséges táplálék mennyiségét és a belek terhelését. ÖSSZETÉTEL: gabonafélék, hús és állati származékok, növényi eredetű származékok, olajok és zsírok, ásványi anyagok, különféle cukrok. Fehérjeforrások: baromfi-származékok. Könnyen emészthető szénhidrátok: rizs, kukoricaliszt. ADALÉKANYAGOK (kilogrammonként): Tápértékkel rendelkező adalékanyagok: D3 vitamin: 300 NE, Vas (3b103): 13 mg, Jód (3b202): 0,7 mg, Réz (3b405, 3b406): 0,8 mg, Mangán (3b502, 3b503, 3b504): 5,8 mg, Cink (3b603, 3b605, 3b606): 24 mg, Szelén (3b801, 3b811): 0,039 mg. ANALITIKAI ÖSSZETEVŐK: Nyersfehérje: 6,5 % – Zsírtartalom: 4,0 % – Nyershamu: 1,7 % – Nyersrost: 1,0 % – Nedvesség: 64,5 % – Esszenciális zsírsavak (linolsav): 1,3 % – Nátrium: 0,08 % – Összes réz: 1,7 mg/kg. A kutya súlya Vékony Normál Túlsúlyos (g) (g) (g) 2 143 126 109 4 241 212 183 6 327 288 248 8 406 357 308 10 479 422 364 15 650 572 494 20 806 710 613 25 953 838 725 30 1093 962 831 35 1 227 1 080 932 40 1356 1193 1031 45 1481 1 304 1126 50 1 603 1411 1 218 55 1722 1515 1309 60 1838 1 618 1397 70 2063 1816 1 568 80 2 281 2007 1733 Tovább olvasok"}
{"breadcrumb": "Főoldal/Kutya/Eledelek/Gyógyhatású eledelek/Royal Canin Veterinary Hepatic májbetegségek esetén száraz kutyaeledel 1,5kg", "product_name": "Royal Canin Veterinary Hepatic májbetegségek esetén száraz kutyaeledel 1,5kgRoyal Canin Veterinary Hepatic májbetegségek esetén száraz kutyaeledel 1,5kg", "brand": "Royal CaninVeterinary Health Nutrition1,1kg – 4kgFelnőttszárnyasmájdiéta", "regular_price": "6299", "selling_price": "", "price_per_unit": "1 kg=4199 Ft", "product_url": "https://webshop.fressnapf.hu/termekek/royal-canin-veterinary-hepatic-majbetegsegek-eseten-szaraz-kutyaeledel-15kg/", "product_description": "Fontos megjegyzés Az állatorvosi diétás eledel csak állatorvossal való konzultációt követően adható. Az állatorvosi diétás eledel alkalmazásakor legalább 6 havonta ellenőrzés céljából állatorvoshoz kell fordulni. Ha a háziállat állapota az etetés során romlana, azonnal állatorvoshoz kell fordulni. A kiválasztott diétás eledel kiválasztásával és a kosárba helyezésével Ön megerősíti, hogy a fenti utasításokat elolvasta és megértette. A ROYAL CANIN® HEPATIC száraz állateledel komplett diétás kutyaeledel, ami krónikus májelégtelenség esetén támogatja a májfunkciókat, illetve csökkenti a májban a rézszintet. Magas minőségű fehérje. Mérsékelt fehérjetartalom. Magas esszenciális zsírsavtartalom és könnyen emészthető szénhidrátok. Alacsony réztartalom. JAVALLATOK: Az alkalmazás illetve az alkalmazás idejének meghosszabbítása előtt javasolt állatorvos véleményét kikérni. A HEPATIC száraz eledelt először legfeljebb 6 hónapig alkalmazza. Teljes értékű diétás állateledel felnőtt kutyák számára ADAPTÁLT FEHÉRJETARTALOM Könnyen emészthető, adaptált növényi fehérjetartalom, amely támogatja a májfunkciókat krónikus májelégtelenség esetén. ALACSONY RÉZTARTALOM Alacsony réztartalom a májsejtekben történő rézfelhalmozódás minimalizálásáért. MAGAS ENERGIATARTALOM A magas energiatartalom csökkenti a szükséges táplálék mennyiségét és a belek terhelését. ÖSSZETÉTEL: rizs*, kukorica*, szójafehérje kivonat, állati zsiradékok, cukorrépapép, baromfimáj-hidrolizátum, ásványi sók, szójaolaj, növényi rostok, halolaj, frukto-oligoszacharidok, bársonyvirág kivonat (lutein forrás). Fehérjeforrások: szójafehérje kivonat, baromfimáj-hidrolizátum. *könnyen emészthető szénhidrátok. ADALÉKANYAGOK (kilogrammonként): Tápértékkel rendelkező adalékanyagok: A vitamin: 18500 NE, D3 vitamin: 1200 NE, Vas (3b103): 122 mg, Jód (3b201, 3b202): 5,9 mg, Mangán (3b502, 3b504): 56 mg, Cink (3b603, 3b605, 3b606): 153 mg, Szelén (3b801, 3b811, 3b812): 0,4 mg – Tartósítószerek – Antioxidánsok. ANALITIKAI ÖSSZETEVŐK: Nyersfehérje: 16,0 % – Zsírtartalom: 16,0 % – Nyershamu: 4,7 % – Nyersrost: 1,9 % – Esszenciális zsírsavak: 3,86 % – EPA/DHA: 0,2 % – Nátrium: 0,2 % – Összes réz: 3 mg/kg. Testsúly Sovány Normál Túlsúly 2 kg 54 g 47 g 41 g 4 kg 90 g 80 g 69 g 6 kg 123 g 108 g 93 g 8 kg 152 g 134 g 116 g 10 kg 180 g 158 g 137 g 15 kg 244 g 214 g 185 g 20 kg 302 g 266 g 230 g 25 kg 358 g 315 g 272 g 30 kg 410 g 361 g 312 g 35 kg 460 g 405 g 350 g 40 kg 509 g 448 g 387 g 45 kg 556 g 489 g 422 g 50 kg 601 g 529 g 457 g 55 kg 646 g 568 g 491 g 60 kg 686 g 607 g 524 g 70 kg 774 g 681 g 588 g 80 kg 855 g 753 g 650 g Tovább olvasok"}
{"breadcrumb": "Főoldal/Kutya/Eledelek/Gyógyhatású eledelek/Royal Canin Veterinary Hepatic májbetegségek esetén száraz kutyaeledel 12kg", "product_name": "Royal Canin Veterinary Hepatic májbetegségek esetén száraz kutyaeledel 12kgRoyal Canin Veterinary Hepatic májbetegségek esetén száraz kutyaeledel 12kg", "brand": "Royal CaninVeterinary Health Nutrition10,1 – 12kgFelnőttszárnyasmájdiéta", "regular_price": "43699", "selling_price": "", "price_per_unit": "1 kg=3642 Ft", "product_url": "https://webshop.fressnapf.hu/termekek/royal-canin-veterinary-hepatic-majbetegsegek-eseten-szaraz-kutyaeledel-12kg/", "product_description": "Fontos megjegyzés Az állatorvosi diétás eledel csak állatorvossal való konzultációt követően adható. Az állatorvosi diétás eledel alkalmazásakor legalább 6 havonta ellenőrzés céljából állatorvoshoz kell fordulni. Ha a háziállat állapota az etetés során romlana, azonnal állatorvoshoz kell fordulni. A kiválasztott diétás eledel kiválasztásával és a kosárba helyezésével Ön megerősíti, hogy a fenti utasításokat elolvasta és megértette. A ROYAL CANIN® HEPATIC száraz állateledel komplett diétás kutyaeledel, ami krónikus májelégtelenség esetén támogatja a májfunkciókat, illetve csökkenti a májban a rézszintet. Magas minőségű fehérje. Mérsékelt fehérjetartalom. Magas esszenciális zsírsavtartalom és könnyen emészthető szénhidrátok. Alacsony réztartalom. JAVALLATOK: Az alkalmazás illetve az alkalmazás idejének meghosszabbítása előtt javasolt állatorvos véleményét kikérni. A HEPATIC száraz eledelt először legfeljebb 6 hónapig alkalmazza. Teljes értékű diétás állateledel felnőtt kutyák számára ADAPTÁLT FEHÉRJETARTALOM Könnyen emészthető, adaptált növényi fehérjetartalom, amely támogatja a májfunkciókat krónikus májelégtelenség esetén. ALACSONY RÉZTARTALOM Alacsony réztartalom a májsejtekben történő rézfelhalmozódás minimalizálásáért. MAGAS ENERGIATARTALOM A magas energiatartalom csökkenti a szükséges táplálék mennyiségét és a belek terhelését. ÖSSZETÉTEL: rizs*, kukorica*, szójafehérje kivonat, állati zsiradékok, cukorrépapép, baromfimáj-hidrolizátum, ásványi sók, szójaolaj, növényi rostok, halolaj, frukto-oligoszacharidok, bársonyvirág kivonat (lutein forrás). Fehérjeforrások: szójafehérje kivonat, baromfimáj-hidrolizátum. *könnyen emészthető szénhidrátok. ADALÉKANYAGOK (kilogrammonként): Tápértékkel rendelkező adalékanyagok: A vitamin: 18500 NE, D3 vitamin: 1200 NE, Vas (3b103): 122 mg, Jód (3b201, 3b202): 5,9 mg, Mangán (3b502, 3b504): 56 mg, Cink (3b603, 3b605, 3b606): 153 mg, Szelén (3b801, 3b811, 3b812): 0,4 mg – Tartósítószerek – Antioxidánsok. ANALITIKAI ÖSSZETEVŐK: Nyersfehérje: 16,0 % – Zsírtartalom: 16,0 % – Nyershamu: 4,7 % – Nyersrost: 1,9 % – Esszenciális zsírsavak: 3,86 % – EPA/DHA: 0,2 % – Nátrium: 0,2 % – Összes réz: 3 mg/kg. Testsúly Sovány Normál Túlsúly 2 kg 54 g 47 g 41 g 4 kg 90 g 80 g 69 g 6 kg 123 g 108 g 93 g 8 kg 152 g 134 g 116 g 10 kg 180 g 158 g 137 g 15 kg 244 g 214 g 185 g 20 kg 302 g 266 g 230 g 25 kg 358 g 315 g 272 g 30 kg 410 g 361 g 312 g 35 kg 460 g 405 g 350 g 40 kg 509 g 448 g 387 g 45 kg 556 g 489 g 422 g 50 kg 601 g 529 g 457 g 55 kg 646 g 568 g 491 g 60 kg 686 g 607 g 524 g 70 kg 774 g 681 g 588 g 80 kg 855 g 753 g 650 g Tovább olvasok"}
{"breadcrumb": "Főoldal/Kutya/Eledelek/Gyógyhatású eledelek/Royal Canin Veterinary Hepatic májbetegségek esetén száraz kutyaeledel 7kg", "product_name": "Royal Canin Veterinary Hepatic májbetegségek esetén száraz kutyaeledel 7kgRoyal Canin Veterinary Hepatic májbetegségek esetén száraz kutyaeledel 7kg", "brand": "Royal CaninVeterinary Health Nutrition4,1kg – 10kgFelnőttszárnyasmájdiéta", "regular_price": "20599", "selling_price": "", "price_per_unit": "1 kg=3433 Ft", "product_url": "https://webshop.fressnapf.hu/termekek/royal-canin-veterinary-hepatic-majbetegsegek-eseten-szaraz-kutyaeledel-7kg/", "product_description": "Fontos megjegyzés Az állatorvosi diétás eledel csak állatorvossal való konzultációt követően adható. Az állatorvosi diétás eledel alkalmazásakor legalább 6 havonta ellenőrzés céljából állatorvoshoz kell fordulni. Ha a háziállat állapota az etetés során romlana, azonnal állatorvoshoz kell fordulni. A kiválasztott diétás eledel kiválasztásával és a kosárba helyezésével Ön megerősíti, hogy a fenti utasításokat elolvasta és megértette. A ROYAL CANIN® HEPATIC száraz állateledel komplett diétás kutyaeledel, ami krónikus májelégtelenség esetén támogatja a májfunkciókat, illetve csökkenti a májban a rézszintet. Magas minőségű fehérje. Mérsékelt fehérjetartalom. Magas esszenciális zsírsavtartalom és könnyen emészthető szénhidrátok. Alacsony réztartalom. JAVALLATOK: Az alkalmazás illetve az alkalmazás idejének meghosszabbítása előtt javasolt állatorvos véleményét kikérni. A HEPATIC száraz eledelt először legfeljebb 6 hónapig alkalmazza. Teljes értékű diétás állateledel felnőtt kutyák számára ADAPTÁLT FEHÉRJETARTALOM Könnyen emészthető, adaptált növényi fehérjetartalom, amely támogatja a májfunkciókat krónikus májelégtelenség esetén. ALACSONY RÉZTARTALOM Alacsony réztartalom a májsejtekben történő rézfelhalmozódás minimalizálásáért. MAGAS ENERGIATARTALOM A magas energiatartalom csökkenti a szükséges táplálék mennyiségét és a belek terhelését. ÖSSZETÉTEL: rizs*, kukorica*, szójafehérje kivonat, állati zsiradékok, cukorrépapép, baromfimáj-hidrolizátum, ásványi sók, szójaolaj, növényi rostok, halolaj, frukto-oligoszacharidok, bársonyvirág kivonat (lutein forrás). Fehérjeforrások: szójafehérje kivonat, baromfimáj-hidrolizátum. *könnyen emészthető szénhidrátok. ADALÉKANYAGOK (kilogrammonként): Tápértékkel rendelkező adalékanyagok: A vitamin: 18500 NE, D3 vitamin: 1200 NE, Vas (3b103): 122 mg, Jód (3b201, 3b202): 5,9 mg, Mangán (3b502, 3b504): 56 mg, Cink (3b603, 3b605, 3b606): 153 mg, Szelén (3b801, 3b811, 3b812): 0,4 mg – Tartósítószerek – Antioxidánsok. ANALITIKAI ÖSSZETEVŐK: Nyersfehérje: 16,0 % – Zsírtartalom: 16,0 % – Nyershamu: 4,7 % – Nyersrost: 1,9 % – Esszenciális zsírsavak: 3,86 % – EPA/DHA: 0,2 % – Nátrium: 0,2 % – Összes réz: 3 mg/kg. Testsúly Sovány Normál Túlsúly 2 kg 54 g 47 g 41 g 4 kg 90 g 80 g 69 g 6 kg 123 g 108 g 93 g 8 kg 152 g 134 g 116 g 10 kg 180 g 158 g 137 g 15 kg 244 g 214 g 185 g 20 kg 302 g 266 g 230 g 25 kg 358 g 315 g 272 g 30 kg 410 g 361 g 312 g 35 kg 460 g 405 g 350 g 40 kg 509 g 448 g 387 g 45 kg 556 g 489 g 422 g 50 kg 601 g 529 g 457 g 55 kg 646 g 568 g 491 g 60 kg 686 g 607 g 524 g 70 kg 774 g 681 g 588 g 80 kg 855 g 753 g 650 g Tovább olvasok"}
{"breadcrumb": "Főoldal/Kutya/Eledelek/Gyógyhatású eledelek/Royal Canin Veterinary Hypoallerg mc hipoallergén alacsony kalória száraz kutyaeledel 2kg", "product_name": "Royal Canin Veterinary Hypoallerg mc hipoallergén alacsony kalória száraz kutyaeledel 2kgRoyal Canin Veterinary Hypoallerg mc hipoallergén alacsony kalória száraz kutyaeledel 2kg", "brand": "Royal CaninVeterinary Health Nutrition1,1kg – 4kgFelnőttszárnyashipoallergén", "regular_price": "7 194", "selling_price": "5 394", "price_per_unit": "1 kg=5266 Ft", "product_url": "https://webshop.fressnapf.hu/termekek/royal-canin-veterinary-hypoallerg-mc-hipoallergen-alacsony-kaloria-szaraz-kutyaeledel-2kg/", "product_description": "Fontos megjegyzés Az állatorvosi diétás eledel csak állatorvossal való konzultációt követően adható. Az állatorvosi diétás eledel alkalmazásakor legalább 6 havonta ellenőrzés céljából állatorvoshoz kell fordulni. Ha a háziállat állapota az etetés során romlana, azonnal állatorvoshoz kell fordulni. A kiválasztott diétás eledel kiválasztásával és a kosárba helyezésével Ön megerősíti, hogy a fenti utasításokat elolvasta és megértette. A ROYAL CANIN® HYPOALLERGENIC MODERATE CALORIE száraz állateledel kutyák számára készült teljes értékű diétás eledel, amely összetétele folytán csökkenti bizonyos tápösszetevőkkel és tápanyagokkal szemben kialakult intoleranciát. Válogatott fehérje- és szénhidrátforrások. JAVALLATOK: Az alkalmazás előtt javasolt állatorvos véleményét kikérni. A HYPOALLERGENIC MODERATE CALORIE száraz eledel etetése 3-8 héten keresztül javasolt. Ha az intolerancia jelei megszűnnek, korlátozás nélküli ideig alkalmazható tovább. Teljes értékű diétás állateledel felnőtt kutyáknak HIDROLIZÁLT FEHÉRJE Alacsony molekulatömegű hidrolizált fehérjetartalma révén a táp segít a tápanyag-intolerancia kockázatának csökkentésében. MÉRSÉKELT KALÓRIATARTALOM Mérsékelt kalóriatartalom az ideális testsúly fenntartásáért. BŐR VÉDŐFAL Összetételének köszönhetően a bőr optimális egészsége érdekében támogatja a bőr természetes védőgát funkcióját. MÉRSÉKELT FOSZFORTARTALOM A csökkentett foszforbevitel segít támogatni a veseműködés egészségét idősebb korban. ÖSSZETÉTEL: rizs, hidrolizált szójafehérje kivonat, állati zsiradékok, baromfimáj-hidrolizátum, ásványi sók, cukorrépapép, szójaolaj, halolaj, frukto-oligoszacharidok, borágó olaj, bársonyvirág kivonat (lutein forrás). Fehérjeforrások: hidrolizált szójafehérje kivonat, baromfimáj-hidrolizátum. Szénhidrátforrás: rizs. ADALÉKANYAGOK (kilogrammonként): Tápértékkel rendelkező adalékanyagok: A vitamin: 27000 NE, D3 vitamin: 800 NE, E1 (Vas): 41 mg, E2 (Jód): 3,7 mg, E4 (Réz): 15 mg, E5 (Mangán): 54 mg, E6 (Cink): 153 mg, E8 (Szelén): 0,26 mg – Technológiai adalékanyagok: Üledékes eredetű klinoptilolit: 10 g – Tartósítószerek – Antioxidánsok. ANALITIKAI ÖSSZETEVŐK: Nyersfehérje: 23,0 % – Zsírtartalom: 12,0 % – Nyershamu: 6,7 % – Nyersrost: 1,1 % – Kilogrammonként: Esszenciális zsírsavak (Linolsav): 31,0 g – Foszfor: 6,0 g. A kutya testsúlya Normál Mérőpoharak Túlsúlyos Mérőpoharak 2 kg 43 g 4/8 36 g 3/8 4 kg 72 g 7/8 61 g 6/8 6 kg 98 g 1+1/8 82 g 7/8 8 kg 121 g 1+3/8 102 g 1+1/8 10 kg 143 g 1+5/8 121 g 1+3/8 15 kg 194 g 2+2/8 163 g 1+7/8 20 kg 241 g 2+6/8 203 g 2+3/8 25 kg 285 g 3+2/8 240 g 2+6/8 30 kg 326 g 3+6/8 275 g 3+1/8 35 kg 366 g 4+1/8 308 g 3+4/8 40 kg 405 g 4+5/8 341 g 3+7/8 45 kg 442 g 5 372 g 4+2/8 50 kg 479 g 5+4/8 403 g 4+5/8 55 kg 514 g 5+7/8 433 g 5 60 kg 549 g 6+2/8 462 g 5+2/8 70 kg 616 g 7 519 g 5+7/8 80 kg 681 g 7+6/8 573 g 6+4/8 Tovább olvasok"}
{"breadcrumb": "Főoldal/Kutya/Eledelek/Gyógyhatású eledelek/Royal Canin Veterinary Hypoallerg mc hipoallergén alacsony kalória száraz kutyaeledel 7kg", "product_name": "Royal Canin Veterinary Hypoallerg mc hipoallergén alacsony kalória száraz kutyaeledel 7kgRoyal Canin Veterinary Hypoallerg mc hipoallergén alacsony kalória száraz kutyaeledel 7kg", "brand": "Royal CaninVeterinary Health Nutrition4,1kg – 10kgFelnőttszárnyashipoallergén", "regular_price": "27999", "selling_price": "", "price_per_unit": "1 kg=4000 Ft", "product_url": "https://webshop.fressnapf.hu/termekek/royal-canin-veterinary-hypoallerg-mc-hipoallergen-alacsony-kaloria-szaraz-kutyaeledel-7kg/", "product_description": "Fontos megjegyzés Az állatorvosi diétás eledel csak állatorvossal való konzultációt követően adható. Az állatorvosi diétás eledel alkalmazásakor legalább 6 havonta ellenőrzés céljából állatorvoshoz kell fordulni. Ha a háziállat állapota az etetés során romlana, azonnal állatorvoshoz kell fordulni. A kiválasztott diétás eledel kiválasztásával és a kosárba helyezésével Ön megerősíti, hogy a fenti utasításokat elolvasta és megértette. A ROYAL CANIN® HYPOALLERGENIC MODERATE CALORIE száraz állateledel kutyák számára készült teljes értékű diétás eledel, amely összetétele folytán csökkenti bizonyos tápösszetevőkkel és tápanyagokkal szemben kialakult intoleranciát. Válogatott fehérje- és szénhidrátforrások. JAVALLATOK: Az alkalmazás előtt javasolt állatorvos véleményét kikérni. A HYPOALLERGENIC MODERATE CALORIE száraz eledel etetése 3-8 héten keresztül javasolt. Ha az intolerancia jelei megszűnnek, korlátozás nélküli ideig alkalmazható tovább. Teljes értékű diétás állateledel felnőtt kutyáknak HIDROLIZÁLT FEHÉRJE Alacsony molekulatömegű hidrolizált fehérjetartalma révén a táp segít a tápanyag-intolerancia kockázatának csökkentésében. MÉRSÉKELT KALÓRIATARTALOM Mérsékelt kalóriatartalom az ideális testsúly fenntartásáért. BŐR VÉDŐFAL Összetételének köszönhetően a bőr optimális egészsége érdekében támogatja a bőr természetes védőgát funkcióját. MÉRSÉKELT FOSZFORTARTALOM A csökkentett foszforbevitel segít támogatni a veseműködés egészségét idősebb korban. ÖSSZETÉTEL: rizs, hidrolizált szójafehérje kivonat, állati zsiradékok, baromfimáj-hidrolizátum, ásványi sók, cukorrépapép, szójaolaj, halolaj, frukto-oligoszacharidok, borágó olaj, bársonyvirág kivonat (lutein forrás). Fehérjeforrások: hidrolizált szójafehérje kivonat, baromfimáj-hidrolizátum. Szénhidrátforrás: rizs. ADALÉKANYAGOK (kilogrammonként): Tápértékkel rendelkező adalékanyagok: A vitamin: 27000 NE, D3 vitamin: 800 NE, E1 (Vas): 41 mg, E2 (Jód): 3,7 mg, E4 (Réz): 15 mg, E5 (Mangán): 54 mg, E6 (Cink): 153 mg, E8 (Szelén): 0,26 mg – Technológiai adalékanyagok: Üledékes eredetű klinoptilolit: 10 g – Tartósítószerek – Antioxidánsok. ANALITIKAI ÖSSZETEVŐK: Nyersfehérje: 23,0 % – Zsírtartalom: 12,0 % – Nyershamu: 6,7 % – Nyersrost: 1,1 % – Kilogrammonként: Esszenciális zsírsavak (Linolsav): 31,0 g – Foszfor: 6,0 g. A kutya testsúlya Normál Mérőpoharak Túlsúlyos Mérőpoharak 2 kg 43 g 4/8 36 g 3/8 4 kg 72 g 7/8 61 g 6/8 6 kg 98 g 1+1/8 82 g 7/8 8 kg 121 g 1+3/8 102 g 1+1/8 10 kg 143 g 1+5/8 121 g 1+3/8 15 kg 194 g 2+2/8 163 g 1+7/8 20 kg 241 g 2+6/8 203 g 2+3/8 25 kg 285 g 3+2/8 240 g 2+6/8 30 kg 326 g 3+6/8 275 g 3+1/8 35 kg 366 g 4+1/8 308 g 3+4/8 40 kg 405 g 4+5/8 341 g 3+7/8 45 kg 442 g 5 372 g 4+2/8 50 kg 479 g 5+4/8 403 g 4+5/8 55 kg 514 g 5+7/8 433 g 5 60 kg 549 g 6+2/8 462 g 5+2/8 70 kg 616 g 7 519 g 5+7/8 80 kg 681 g 7+6/8 573 g 6+4/8 Tovább olvasok"}
{"breadcrumb": "Főoldal/Kutya/Eledelek/Gyógyhatású eledelek/Royal Canin Veterinary Hypoallergenic hipoallergén kutya konzerv 12x400g", "product_name": "Royal Canin Veterinary Hypoallergenic hipoallergén kutya konzerv 12x400gRoyal Canin Veterinary Hypoallergenic hipoallergén kutya konzerv 12x400g", "brand": "Royal CaninVeterinary Health Nutrition201g – 400gFelnőtthús és állati származékokpástétomhipoallergénkonzerv", "regular_price": "26388", "selling_price": "", "price_per_unit": "2 199 Ft", "product_url": "https://webshop.fressnapf.hu/termekek/royal-canin-veterinary-hypoallergenic-hipoallergen-kutya-konzerv-400g/", "product_description": "Fontos megjegyzés Az állatorvosi diétás eledel csak állatorvossal való konzultációt követően adható. Az állatorvosi diétás eledel alkalmazásakor legalább 6 havonta ellenőrzés céljából állatorvoshoz kell fordulni. Ha a háziállat állapota az etetés során romlana, azonnal állatorvoshoz kell fordulni. A kiválasztott diétás eledel kiválasztásával és a kosárba helyezésével Ön megerősíti, hogy a fenti utasításokat elolvasta és megértette. A ROYAL CANIN® HYPOALLERGENIC loaf pépes állagú kutyák számára készült teljes értékű diétás eledel, amely összetétele folytán csökkenti a tápösszetevőkkel és tápanyagokkal szemben kialakult érzékenységet. Válogatott fehérje- és szénhidrát-források. JAVALLATOK: Felhasználás előtt és a felhasználási időszak meghosszabbítása előtt állatorvos véleményének kikérése javasolt. A HYPOALLERGENIC nedves eledel alkalmazása 3-8 héten keresztül javasolt. Ha az intolerancia jelei megszűnnek, kezdetben legfeljebb egy évig alkalmazható. Teljes értékű diétás állateledel felnőtt kutyáknak BŐR VÉDŐFAL Összetételének köszönhetően a bőr optimális egészsége érdekében támogatja a bőr természetes védőgát funkcióját. HIDROLIZÁLT FEHÉRJE Alacsony molekulatömegű hidrolizált fehérjetartalma révén a táp hipoallergén. ÖSSZETÉTEL: növényi eredetű származékok, növényi fehérjekivonatok, olajok és zsírok, hús és állati származékok, ásványi anyagok. Válogatott fehérjeforrások: hidrolizált szójafehérje koncentrátum hidrolizált baromfi-származékok. Szénhidrátforrás: borsó keményítő. ADALÉKANYAGOK (kilogrammonként): Tápértékkel rendelkező adalékanyagok: A vitamin: 3000 NE, D3 vitamin: 320 NE, E1 (Vas): 11 mg, E2 (Jód): 1 mg, E4 (Réz): 3,8 mg, E5 (Mangán): 15 mg, E6 (Cink): 36 mg – Technológiai adalékanyagok: Üledékes eredetű klinoptilolit: 2,5 g. ANALITIKAI ÖSSZETEVŐK: Nyersfehérje: 6,4 % – Zsírtartalom: 3,5 % – Nyershamu: 2 % – Nyersrost: 1,5 % – Nedvesség: 74 % – EPA és DHA 0,12 % – Esszenciális zsírsav (linolsav): 1,4 %. A kutya testsúlya Sovány – Normál – Túlsúlyos – – Gramm Mérőpoharak Gramm Mérőpoharak Gramm Mérőpoharak 2 kg 54 g 5/8 48 g 1/2 41 g 3/8 2.5 kg 64 g 5/8 56 g 5/8 49 g 4/8 3 kg 73 g 6/8 64 g 5/8 56 g 5/8 3.5 kg 82 g 7/8 72 g 6/8 62 g 5/8 4 kg 91 g 1 80 g 7/8 69 g 6/8 5 kg 107 g 1+1/8 94 g 1 82 g 7/8 6 kg 123 g 1+2/8 108 g 1+1/8 94 g 1 7 kg 138 g 1+4/8 122 g 1+2/8 105 g 1+1/8 8 kg 153 g 1+5/8 134 g 1+3/8 116 g 1+2/8 9 kg 167 g 1+6/8 147 g 1+4/8 127 g 1+3/8 10 kg 181 g 1+7/8 159 g 1+5/8 137 g 1+3/8 Tovább olvasok"}
{"breadcrumb": "Főoldal/Kutya/Eledelek/Gyógyhatású eledelek/Royal Canin Veterinary Hypoallergenic hipoallergén száraz kutyaeledel 14kg", "product_name": "Royal Canin Veterinary Hypoallergenic hipoallergén száraz kutyaeledel 14kgRoyal Canin Veterinary Hypoallergenic hipoallergén száraz kutyaeledel 14kg", "brand": "Royal CaninVeterinary Health Nutrition12,1kg – 15kgFelnőttszárnyashipoallergén", "regular_price": "42699", "selling_price": "", "price_per_unit": "1 kg=3050 Ft", "product_url": "https://webshop.fressnapf.hu/termekek/royal-canin-veterinary-hypoallergenic-hipoallergen-szaraz-kutyaeledel-14kg/", "product_description": "Fontos megjegyzés Az állatorvosi diétás eledel csak állatorvossal való konzultációt követően adható. Az állatorvosi diétás eledel alkalmazásakor legalább 6 havonta ellenőrzés céljából állatorvoshoz kell fordulni. Ha a háziállat állapota az etetés során romlana, azonnal állatorvoshoz kell fordulni. A kiválasztott diétás eledel kiválasztásával és a kosárba helyezésével Ön megerősíti, hogy a fenti utasításokat elolvasta és megértette. A HYPOALLERGENIC kutyák számára készült teljes értékű diétás állateledel, amely összetétele folytán csökkenti a tápösszetevőkkel és tápanyagokkal szemben kialakult érzékenységet. Válogatott fehérje- és szénhidrát-források. JAVALLATOK: Felhasználás előtt állatorvos véleményének kikérése javasolt. A HYPOALLERGENIC eledel alkalmazása 3-8 héten keresztül javasolt. Ha az érzékenység jelei megszűnnek, korlátozás nélküli ideig alkalmazható tovább. Teljes értékű diétás állateledel felnőtt kutyáknak HIDROLIZÁLT FEHÉRJE Alacsony molekulatömegű hidrolizált fehérjetartalma révén a táp segít a tápanyag-intolerancia kockázatának csökkentésében. BŐR VÉDŐFAL Összetételének köszönhetően a bőr optimális egészsége érdekében támogatja a bőr természetes védőgát funkcióját EPA és DHA A zsírsavak hozzájárulnak az emésztőrendszer és a bőr egészségének megőrzéséhez. EGÉSZSÉGES EMÉSZTÉS Az emésztőrendszer kiegyensúlyozott működését támogató tápanyagok. ÖSSZETÉTEL: rizs, hidrolizált szójafehérje kivonat, állati zsiradékok, ásványi sók, növényi rostok, hidrolizált állati fehérjék (ízanyagok), szójaolaj, halolaj, baromfimáj-hidrolizátum, frukto-oligoszacharidok, borágó olaj, bársonyvirág kivonat (lutein forrás). ADALÉKANYAGOK (kilogrammonként): Tápértékkel rendelkező adalékanyagok: A vitamin: 29000 NE, D3 vitamin: 800 NE, E1 (Vas): 40 mg, E2 (Jód): 3,6 mg, E4 (Réz): 15 mg, E5 (Mangán): 53 mg, E6 (Cink): 190 mg, E8 (Szelén): 0,1 mg – Technológiai adalékanyagok: Üledékes eredetű klinoptilolit: 10 g – Tartósítószerek – Antioxidánsok. ANALITIKAI ÖSSZETEVŐK: Nyersfehérje: 21 % – Zsírtartalom: 19 % – Nyershamu: 7,7 % – Nyersrost: 1,3 % – Esszenciális zsírsav: 3,31 %. A kutya testsúlya Sovány – Normál – Túlsúlyos – – Gramm Mérőpoharak Gramm Mérőpoharak Gramm Mérőpoharak 2 kg 52 g 5/8 45 g 4/8 39 g 4/8 4 kg 87 g 1 76 g 7/8 66 g 6/8 6 kg 117 g 1+3/8 103 g 1+2/8 89 g 1 8 kg 146 g 1+6/8 128 g 1+4/8 111 g 1+2/8 10 kg 172 g 2 152 g 1+6/8 131 g 1+4/8 15 kg 234 g 2+6/8 206 g 2+3/8 178 g 2 20 kg 290 g 3+3/8 255 g 3 220 g 2+4/8 25 kg 343 g 4 302 g 3+4/8 260 g 3 30 kg 393 g 4+4/8 346 g 4 299 g 3+4/8 35 kg 441 g 5+1/8 388 g 4+4/8 335 g 3+7/8 40 kg 487 g 5+5/8 429 g 5 370 g 4+2/8 45 kg 532 g 6+1/8 469 g 5+3/8 405 g 4+6/8 50 kg 576 g 6+5/8 507 g 5+7/8 438 g 5+1/8 55 kg 619 g 7+1/8 545 g 6+2/8 470 g 5+4/8 60 kg 661 g 7+5/8 581 g 6+6/8 502 g 5+6/8 70 kg 742 g 8+5/8 653 g 7+4/8 564 g 6+4/8 80 kg 820 g 9+4/8 721 g 8+3/8 623 g 7+2/8 Tovább olvasok"}
{"breadcrumb": "Főoldal/Kutya/Eledelek/Gyógyhatású eledelek/Royal Canin Veterinary Hypoallergenic hipoallergén száraz kutyaeledel 2kg", "product_name": "Royal Canin Veterinary Hypoallergenic hipoallergén száraz kutyaeledel 2kgRoyal Canin Veterinary Hypoallergenic hipoallergén száraz kutyaeledel 2kg", "brand": "Royal CaninVeterinary Health Nutrition1,1kg – 4kgFelnőttszárnyashipoallergén+P2:P63", "regular_price": "9399", "selling_price": "", "price_per_unit": "1 kg=4700 Ft", "product_url": "https://webshop.fressnapf.hu/termekek/royal-canin-veterinary-hypoallergenic-hipoallergen-szaraz-kutyaeledel-2kg/", "product_description": "Fontos megjegyzés Az állatorvosi diétás eledel csak állatorvossal való konzultációt követően adható. Az állatorvosi diétás eledel alkalmazásakor legalább 6 havonta ellenőrzés céljából állatorvoshoz kell fordulni. Ha a háziállat állapota az etetés során romlana, azonnal állatorvoshoz kell fordulni. A kiválasztott diétás eledel kiválasztásával és a kosárba helyezésével Ön megerősíti, hogy a fenti utasításokat elolvasta és megértette. A HYPOALLERGENIC kutyák számára készült teljes értékű diétás állateledel, amely összetétele folytán csökkenti a tápösszetevőkkel és tápanyagokkal szemben kialakult érzékenységet. Válogatott fehérje- és szénhidrát-források. JAVALLATOK: Felhasználás előtt állatorvos véleményének kikérése javasolt. A HYPOALLERGENIC eledel alkalmazása 3-8 héten keresztül javasolt. Ha az érzékenység jelei megszűnnek, korlátozás nélküli ideig alkalmazható tovább. Teljes értékű diétás állateledel felnőtt kutyáknak HIDROLIZÁLT FEHÉRJE Alacsony molekulatömegű hidrolizált fehérjetartalma révén a táp segít a tápanyag-intolerancia kockázatának csökkentésében. BŐR VÉDŐFAL Összetételének köszönhetően a bőr optimális egészsége érdekében támogatja a bőr természetes védőgát funkcióját EPA és DHA A zsírsavak hozzájárulnak az emésztőrendszer és a bőr egészségének megőrzéséhez. EGÉSZSÉGES EMÉSZTÉS Az emésztőrendszer kiegyensúlyozott működését támogató tápanyagok. ÖSSZETÉTEL: rizs, hidrolizált szójafehérje kivonat, állati zsiradékok, ásványi sók, növényi rostok, hidrolizált állati fehérjék (ízanyagok), szójaolaj, halolaj, baromfimáj-hidrolizátum, frukto-oligoszacharidok, borágó olaj, bársonyvirág kivonat (lutein forrás). ADALÉKANYAGOK (kilogrammonként): Tápértékkel rendelkező adalékanyagok: A vitamin: 29000 NE, D3 vitamin: 800 NE, E1 (Vas): 40 mg, E2 (Jód): 3,6 mg, E4 (Réz): 15 mg, E5 (Mangán): 53 mg, E6 (Cink): 190 mg, E8 (Szelén): 0,1 mg – Technológiai adalékanyagok: Üledékes eredetű klinoptilolit: 10 g – Tartósítószerek – Antioxidánsok. ANALITIKAI ÖSSZETEVŐK: Nyersfehérje: 21 % – Zsírtartalom: 19 % – Nyershamu: 7,7 % – Nyersrost: 1,3 % – Esszenciális zsírsav: 3,31 %. A kutya testsúlya Sovány – Normál – Túlsúlyos – – Gramm Mérőpoharak Gramm Mérőpoharak Gramm Mérőpoharak 2 kg 52 g 5/8 45 g 4/8 39 g 4/8 4 kg 87 g 1 76 g 7/8 66 g 6/8 6 kg 117 g 1+3/8 103 g 1+2/8 89 g 1 8 kg 146 g 1+6/8 128 g 1+4/8 111 g 1+2/8 10 kg 172 g 2 152 g 1+6/8 131 g 1+4/8 15 kg 234 g 2+6/8 206 g 2+3/8 178 g 2 20 kg 290 g 3+3/8 255 g 3 220 g 2+4/8 25 kg 343 g 4 302 g 3+4/8 260 g 3 30 kg 393 g 4+4/8 346 g 4 299 g 3+4/8 35 kg 441 g 5+1/8 388 g 4+4/8 335 g 3+7/8 40 kg 487 g 5+5/8 429 g 5 370 g 4+2/8 45 kg 532 g 6+1/8 469 g 5+3/8 405 g 4+6/8 50 kg 576 g 6+5/8 507 g 5+7/8 438 g 5+1/8 55 kg 619 g 7+1/8 545 g 6+2/8 470 g 5+4/8 60 kg 661 g 7+5/8 581 g 6+6/8 502 g 5+6/8 70 kg 742 g 8+5/8 653 g 7+4/8 564 g 6+4/8 80 kg 820 g 9+4/8 721 g 8+3/8 623 g 7+2/8 Tovább olvasok"}
{"breadcrumb": "Főoldal/Kutya/Eledelek/Gyógyhatású eledelek/Royal Canin Veterinary Hypoallergenic hipoallergén száraz kutyaeledel 7kg", "product_name": "Royal Canin Veterinary Hypoallergenic hipoallergén száraz kutyaeledel 7kgRoyal Canin Veterinary Hypoallergenic hipoallergén száraz kutyaeledel 7kg", "brand": "Royal CaninVeterinary Health Nutrition4,1kg – 10kgFelnőttszárnyashipoallergén", "regular_price": "25499", "selling_price": "", "price_per_unit": "1 kg=3643 Ft", "product_url": "https://webshop.fressnapf.hu/termekek/royal-canin-veterinary-hypoallergenic-hipoallergen-szaraz-kutyaeledel-7kg/", "product_description": "Fontos megjegyzés Az állatorvosi diétás eledel csak állatorvossal való konzultációt követően adható. Az állatorvosi diétás eledel alkalmazásakor legalább 6 havonta ellenőrzés céljából állatorvoshoz kell fordulni. Ha a háziállat állapota az etetés során romlana, azonnal állatorvoshoz kell fordulni. A kiválasztott diétás eledel kiválasztásával és a kosárba helyezésével Ön megerősíti, hogy a fenti utasításokat elolvasta és megértette. A HYPOALLERGENIC kutyák számára készült teljes értékű diétás állateledel, amely összetétele folytán csökkenti a tápösszetevőkkel és tápanyagokkal szemben kialakult érzékenységet. Válogatott fehérje- és szénhidrát-források. JAVALLATOK: Felhasználás előtt állatorvos véleményének kikérése javasolt. A HYPOALLERGENIC eledel alkalmazása 3-8 héten keresztül javasolt. Ha az érzékenység jelei megszűnnek, korlátozás nélküli ideig alkalmazható tovább. Teljes értékű diétás állateledel felnőtt kutyáknak HIDROLIZÁLT FEHÉRJE Alacsony molekulatömegű hidrolizált fehérjetartalma révén a táp segít a tápanyag-intolerancia kockázatának csökkentésében. BŐR VÉDŐFAL Összetételének köszönhetően a bőr optimális egészsége érdekében támogatja a bőr természetes védőgát funkcióját EPA és DHA A zsírsavak hozzájárulnak az emésztőrendszer és a bőr egészségének megőrzéséhez. EGÉSZSÉGES EMÉSZTÉS Az emésztőrendszer kiegyensúlyozott működését támogató tápanyagok. ÖSSZETÉTEL: rizs, hidrolizált szójafehérje kivonat, állati zsiradékok, ásványi sók, növényi rostok, hidrolizált állati fehérjék (ízanyagok), szójaolaj, halolaj, baromfimáj-hidrolizátum, frukto-oligoszacharidok, borágó olaj, bársonyvirág kivonat (lutein forrás). ADALÉKANYAGOK (kilogrammonként): Tápértékkel rendelkező adalékanyagok: A vitamin: 29000 NE, D3 vitamin: 800 NE, E1 (Vas): 40 mg, E2 (Jód): 3,6 mg, E4 (Réz): 15 mg, E5 (Mangán): 53 mg, E6 (Cink): 190 mg, E8 (Szelén): 0,1 mg – Technológiai adalékanyagok: Üledékes eredetű klinoptilolit: 10 g – Tartósítószerek – Antioxidánsok. ANALITIKAI ÖSSZETEVŐK: Nyersfehérje: 21 % – Zsírtartalom: 19 % – Nyershamu: 7,7 % – Nyersrost: 1,3 % – Esszenciális zsírsav: 3,31 %. A kutya testsúlya Sovány – Normál – Túlsúlyos – – Gramm Mérőpoharak Gramm Mérőpoharak Gramm Mérőpoharak 2 kg 52 g 5/8 45 g 4/8 39 g 4/8 4 kg 87 g 1 76 g 7/8 66 g 6/8 6 kg 117 g 1+3/8 103 g 1+2/8 89 g 1 8 kg 146 g 1+6/8 128 g 1+4/8 111 g 1+2/8 10 kg 172 g 2 152 g 1+6/8 131 g 1+4/8 15 kg 234 g 2+6/8 206 g 2+3/8 178 g 2 20 kg 290 g 3+3/8 255 g 3 220 g 2+4/8 25 kg 343 g 4 302 g 3+4/8 260 g 3 30 kg 393 g 4+4/8 346 g 4 299 g 3+4/8 35 kg 441 g 5+1/8 388 g 4+4/8 335 g 3+7/8 40 kg 487 g 5+5/8 429 g 5 370 g 4+2/8 45 kg 532 g 6+1/8 469 g 5+3/8 405 g 4+6/8 50 kg 576 g 6+5/8 507 g 5+7/8 438 g 5+1/8 55 kg 619 g 7+1/8 545 g 6+2/8 470 g 5+4/8 60 kg 661 g 7+5/8 581 g 6+6/8 502 g 5+6/8 70 kg 742 g 8+5/8 653 g 7+4/8 564 g 6+4/8 80 kg 820 g 9+4/8 721 g 8+3/8 623 g 7+2/8 Tovább olvasok"}
{"breadcrumb": "Főoldal/Kutya/Eledelek/Gyógyhatású eledelek/Royal Canin Veterinary Hypoallergenic small hipoallergén kistestű száraz kutyaeledel 1kg", "product_name": "Royal Canin Veterinary Hypoallergenic small hipoallergén kistestű száraz kutyaeledel 1kgRoyal Canin Veterinary Hypoallergenic small hipoallergén kistestű száraz kutyaeledel 1kg", "brand": "Royal CaninVeterinary Health Nutrition801g – 1kgFelnőttszárnyashipoallergénkistestű 10kg-ig", "regular_price": "5699", "selling_price": "", "price_per_unit": "1 kg=5699 Ft", "product_url": "https://webshop.fressnapf.hu/termekek/royal-canin-veterinary-hypoallergenic-small-hipoallergen-kistestu-szaraz-kutyaeledel-1kg/", "product_description": "Fontos megjegyzés Az állatorvosi diétás eledel csak állatorvossal való konzultációt követően adható. Az állatorvosi diétás eledel alkalmazásakor legalább 6 havonta ellenőrzés céljából állatorvoshoz kell fordulni. Ha a háziállat állapota az etetés során romlana, azonnal állatorvoshoz kell fordulni. A kiválasztott diétás eledel kiválasztásával és a kosárba helyezésével Ön megerősíti, hogy a fenti utasításokat elolvasta és megértette. A ROYAL CANIN® HYPOALLERGENIC SMALL DOG száraz állateledel a kistestű fajtákba tartozó (<10 kg), felnőtt kutyák számára készült teljes értékű diétás takarmány, amely összetétele folytán csökkenti valamely összetevővel vagy táplálóanyaggal szemben kialakult érzékenységet. Válogatott fehérje- és szénhidrátforrások. JAVALLATOK: Felhasználás előtt és a felhasználási időszak meghosszabbítása előtt állatorvos véleményének kikérése javasolt. A HYPOALLERGENIC SMALL DOG száraz eledel etetése 3-8 héten keresztül javasolt. Ha az intolerancia jelei megszűnnek, kezdetben legfeljebb egy évig alkalmazható. Összetételének köszönhetően a bőr optimális egészsége érdekében támogatja a bőr természetes védőgát funkcióját. HIDROLIZÁLT FEHÉRJE Alacsony molekulatömegű hidrolizált fehérjetartalma révén a táp segít a tápanyag-intolerancia kockázatának csökkentésében. ALACSONY RELATÍV SZUPERSZATURÁCIÓ Segít csökkenteni a kristályok kialakulásához szükséges ionok koncentrációját. BŐR VÉDŐFAL Összetételének köszönhetően a bőr optimális egészsége érdekében támogatja a bőr természetes védőgát funkcióját. EGÉSZSÉGES FOGAK Specifikus tápanyagokat tartalmaz, amelyek hozzájárulnak a szájhigiénia fenntartásához. ÖSSZETÉTEL: rizs, hidrolizált szójafehérje kivonat, állati zsiradékok, ásványi sók, baromfimáj-hidrolizátum, szójaolaj, cukorrépapép, halolaj, frukto-oligoszacharidok, borágó olaj, bársonyvirág kivonat (lutein forrás). Fehérjeforrások: hidrolizált szójafehérje kivonat, baromfimáj-hidrolizátum. Szénhidrátforrás: rizs. ADALÉKANYAGOK (kilogrammonként): Tápértékkel rendelkező adalékanyagok: A vitamin: 27000 NE, D3 vitamin: 800 NE, E1 (Vas): 41 mg, E2 (Jód): 3,7 mg, E4 (Réz): 15 mg, E5 (Mangán): 54 mg, E6 (Cink): 153 mg, E8 (Szelén): 0,26 mg – Technológiai adalékanyagok: Üledékes eredetű klinoptilolit: 10 g – Tartósítószerek – Antioxidánsok. ANALITIKAI ÖSSZETEVŐK: Nyersfehérje: 24,0 % – Zsírtartalom: 16,0 % – Nyershamu: 8,4 % – Nyersrost: 0,7 % – Kilogrammonként: Esszenciális zsírsavak (Linolsav): 37,3 g – Kalcium: 8,0 g – Magnézium: 0,7 g – Foszfor: 6,0 g. A kutya testsúlya Sovány – Normál – Túlsúlyos – – Gramm Mérőpoharak Gramm Mérőpoharak Gramm Mérőpoharak 2 kg 54 g 5/8 48 g 1/2 41 g 3/8 2.5 kg 64 g 5/8 56 g 5/8 49 g 4/8 3 kg 73 g 6/8 64 g 5/8 56 g 5/8 3.5 kg 82 g 7/8 72 g 6/8 62 g 5/8 4 kg 91 g 1 80 g 7/8 69 g 6/8 5 kg 107 g 1+1/8 94 g 1 82 g 7/8 6 kg 123 g 1+2/8 108 g 1+1/8 94 g 1 7 kg 138 g 1+4/8 122 g 1+2/8 105 g 1+1/8 8 kg 153 g 1+5/8 134 g 1+3/8 116 g 1+2/8 9 kg 167 g 1+6/8 147 g 1+4/8 127 g 1+3/8 10 kg 181 g 1+7/8 159 g 1+5/8 137 g 1+3/8 Tovább olvasok"}
{"breadcrumb": "Főoldal/Kutya/Eledelek/Gyógyhatású eledelek/Royal Canin Veterinary Hypoallergenic small hipoallergén kistestű száraz kutyaeledel 3,5kg", "product_name": "Royal Canin Veterinary Hypoallergenic small hipoallergén kistestű száraz kutyaeledel 3,5kgRoyal Canin Veterinary Hypoallergenic small hipoallergén kistestű száraz kutyaeledel 3,5kg", "brand": "Royal CaninVeterinary Health Nutrition1,1kg – 4kgFelnőttszárnyashipoallergénkistestű 10kg-ig", "regular_price": "15299", "selling_price": "", "price_per_unit": "1 kg=4371 Ft", "product_url": "https://webshop.fressnapf.hu/termekek/royal-canin-veterinary-hypoallergenic-small-hipoallergen-kistestu-szaraz-kutyaeledel-35kg/", "product_description": "Fontos megjegyzés Az állatorvosi diétás eledel csak állatorvossal való konzultációt követően adható. Az állatorvosi diétás eledel alkalmazásakor legalább 6 havonta ellenőrzés céljából állatorvoshoz kell fordulni. Ha a háziállat állapota az etetés során romlana, azonnal állatorvoshoz kell fordulni. A kiválasztott diétás eledel kiválasztásával és a kosárba helyezésével Ön megerősíti, hogy a fenti utasításokat elolvasta és megértette. A ROYAL CANIN® HYPOALLERGENIC SMALL DOG száraz állateledel a kistestű fajtákba tartozó (<10 kg), felnőtt kutyák számára készült teljes értékű diétás takarmány, amely összetétele folytán csökkenti valamely összetevővel vagy táplálóanyaggal szemben kialakult érzékenységet. Válogatott fehérje- és szénhidrátforrások. JAVALLATOK: Felhasználás előtt és a felhasználási időszak meghosszabbítása előtt állatorvos véleményének kikérése javasolt. A HYPOALLERGENIC SMALL DOG száraz eledel etetése 3-8 héten keresztül javasolt. Ha az intolerancia jelei megszűnnek, kezdetben legfeljebb egy évig alkalmazható. Összetételének köszönhetően a bőr optimális egészsége érdekében támogatja a bőr természetes védőgát funkcióját. HIDROLIZÁLT FEHÉRJE Alacsony molekulatömegű hidrolizált fehérjetartalma révén a táp segít a tápanyag-intolerancia kockázatának csökkentésében. ALACSONY RELATÍV SZUPERSZATURÁCIÓ Segít csökkenteni a kristályok kialakulásához szükséges ionok koncentrációját. BŐR VÉDŐFAL Összetételének köszönhetően a bőr optimális egészsége érdekében támogatja a bőr természetes védőgát funkcióját. EGÉSZSÉGES FOGAK Specifikus tápanyagokat tartalmaz, amelyek hozzájárulnak a szájhigiénia fenntartásához. ÖSSZETÉTEL: rizs, hidrolizált szójafehérje kivonat, állati zsiradékok, ásványi sók, baromfimáj-hidrolizátum, szójaolaj, cukorrépapép, halolaj, frukto-oligoszacharidok, borágó olaj, bársonyvirág kivonat (lutein forrás). Fehérjeforrások: hidrolizált szójafehérje kivonat, baromfimáj-hidrolizátum. Szénhidrátforrás: rizs. ADALÉKANYAGOK (kilogrammonként): Tápértékkel rendelkező adalékanyagok: A vitamin: 27000 NE, D3 vitamin: 800 NE, E1 (Vas): 41 mg, E2 (Jód): 3,7 mg, E4 (Réz): 15 mg, E5 (Mangán): 54 mg, E6 (Cink): 153 mg, E8 (Szelén): 0,26 mg – Technológiai adalékanyagok: Üledékes eredetű klinoptilolit: 10 g – Tartósítószerek – Antioxidánsok. ANALITIKAI ÖSSZETEVŐK: Nyersfehérje: 24,0 % – Zsírtartalom: 16,0 % – Nyershamu: 8,4 % – Nyersrost: 0,7 % – Kilogrammonként: Esszenciális zsírsavak (Linolsav): 37,3 g – Kalcium: 8,0 g – Magnézium: 0,7 g – Foszfor: 6,0 g. A kutya testsúlya Sovány – Normál – Túlsúlyos – – Gramm Mérőpoharak Gramm Mérőpoharak Gramm Mérőpoharak 2 kg 54 g 5/8 48 g 1/2 41 g 3/8 2.5 kg 64 g 5/8 56 g 5/8 49 g 4/8 3 kg 73 g 6/8 64 g 5/8 56 g 5/8 3.5 kg 82 g 7/8 72 g 6/8 62 g 5/8 4 kg 91 g 1 80 g 7/8 69 g 6/8 5 kg 107 g 1+1/8 94 g 1 82 g 7/8 6 kg 123 g 1+2/8 108 g 1+1/8 94 g 1 7 kg 138 g 1+4/8 122 g 1+2/8 105 g 1+1/8 8 kg 153 g 1+5/8 134 g 1+3/8 116 g 1+2/8 9 kg 167 g 1+6/8 147 g 1+4/8 127 g 1+3/8 10 kg 181 g 1+7/8 159 g 1+5/8 137 g 1+3/8 Tovább olvasok"}
{"breadcrumb": "Főoldal/Kutya/Eledelek/Gyógyhatású eledelek/Royal Canin Veterinary Mature consult large nagytestű idős kor száraz kutyaeledel 14kg", "product_name": "Royal Canin Veterinary Mature consult large nagytestű idős kor száraz kutyaeledel 14kgRoyal Canin Veterinary Mature consult large nagytestű idős kor száraz kutyaeledel 14kg", "brand": "Royal CaninVeterinary Health NutritionIdős12,1kg – 15kgvegyesidőskori egészséges táplálásnagytestű 26kg-tól", "regular_price": "33999", "selling_price": "", "price_per_unit": "1 kg=2429 Ft", "product_url": "https://webshop.fressnapf.hu/termekek/royal-canin-veterinary-mature-consult-large-nagytestu-idos-kor-szaraz-kutyaeledel-14kg/", "product_description": "A ROYAL CANIN® MATURE CONSULT LARGE DOG száraz állateledel komplett diétás kutyaeledel, a bőrfunkció erősítéséhez dermatózis és fokozott szőrhullás esetén, a magas linolsav-tartalom (LA), valamint az eikozapentaénsav (EPA) és a dokozahexaénsav (DHA) összege által. JAVALLATOK: Felhasználás előtt állatorvos véleményének kikérése javasolt. A MATURE CONSULT LARGE DOG száraz eledelt először legfeljebb 2 hónapig alkalmazza. Teljes értékű diétás állateledel kutyák számára – Idősödő, nagytestű kutyáknak (25 kg felett) – 5 éves kortól VITALITÁS ÉS AZ AGY EGÉSZSÉGÉNEK MEGŐRZÉSE Az életkor hatással lehet a kutyák életfunkcióira, beleértve a vese, a szív és az agy működését. Ez a formula olyan válogatott tápanyagokat tartalmaz, melyek segítenek támogatni a vitalitást. IZOMTÖMEG TÁMOGATÁSA Egy különleges, kiegyensúlyozott formula, mely segít megőrizni az idő múlásával az izomtömeget. A CSONTOK ÉS AZ ÍZÜLETEK EGÉSZSÉGÉNEK TÁMOGATÁSA Segít fenntartani a csontok és az ízületek egészségét. ÖSSZETÉTEL: rizs, kukorica, dehidratált sertésfehérje, búza, növényi rostok, állati zsiradékok, kukoricaglutén, dehidratált baromfifehérje, hidrolizált állati fehérjék, búzaglutén*, cukorrépapép, ásványi sók, halolaj, szójaolaj, szárított paradicsompép (likopin forrás) (0,99 %), psyllium (útifű) maghéj és mag, frukto-oligoszacharidok, borágó olaj, erjesztéssel előállított glükozamin, bársonyvirág kivonat (lutein forrás), porc hidrolizátum (kondroitin forrás). ADALÉKANYAGOK (kilogrammonként): Tápértékkel rendelkező adalékanyagok: A vitamin: 29500 NE, D3 vitamin: 795 NE, Vas (3b103): 43 mg, Jód (3b201, 3b202): 4,3 mg, Réz (3b405, 3b406): 13 mg, Mangán (3b502, 3b504): 55 mg, Cink (3b603, 3b605, 3b606): 145 mg, Szelén (3b801, 3b811, 3b812): 0,09 mg – Technológiai adalékanyagok: Üledékes eredetű klinoptilolit: 5 g, Pentanátrium-trifoszfát: 3,5 g, Lecitin: 1600 mg – Érzékszervi adalékanyagok: Tea kivonat (polifenol forrás): 150 mg – Tartósítószerek – Antioxidánsok. ANALITIKAI ÖSSZETEVŐK: Nyersfehérje: 25,0 % – Zsírtartalom: 15,0 % – Nyershamu: 5,5 % – Nyersrost: 7,2 % – Foszfor: 0,55 % – EPA/DHA: 0,45 % – Esszenciális zsírsav (linolsav): 2,47 % – L-triptofán: 0,3 % – Kilogrammonként: L-karnitin: 800,0 mg, Béta-karotin: 4,5 mg. Tovább olvasok"}
{"breadcrumb": "Főoldal/Kutya/Eledelek/Gyógyhatású eledelek/Royal Canin Veterinary Mature consult medium közepestestű idős kor száraz kutyaeledel 10kg", "product_name": "Royal Canin Veterinary Mature consult medium közepestestű idős kor száraz kutyaeledel 10kgRoyal Canin Veterinary Mature consult medium közepestestű idős kor száraz kutyaeledel 10kg", "brand": "Royal CaninVeterinary Health Nutrition4,1kg – 10kgIdősszárnyasidőskori egészséges táplálásközepes testű 11-25kg", "regular_price": "26999", "selling_price": "", "price_per_unit": "1 kg=2700 Ft", "product_url": "https://webshop.fressnapf.hu/termekek/royal-canin-veterinary-mature-consult-medium-kozepestestu-idos-kor-szaraz-kutyaeledel-10kg/", "product_description": "Fontos megjegyzés Az állatorvosi diétás eledel csak állatorvossal való konzultációt követően adható. Az állatorvosi diétás eledel alkalmazásakor legalább 6 havonta ellenőrzés céljából állatorvoshoz kell fordulni. Ha a háziállat állapota az etetés során romlana, azonnal állatorvoshoz kell fordulni. A kiválasztott diétás eledel kiválasztásával és a kosárba helyezésével Ön megerősíti, hogy a fenti utasításokat elolvasta és megértette. A ROYAL CANIN® MATURE CONSULT száraz táp komplett diétás kutyaeledel, a bőrfunkció erősítéséhez dermatózis és fokozott szőrhullás esetén, a magas linolsav-tartalom (LA), valamint az eikozapentaénsav (EPA) és a dokozahexaénsav (DHA) összege által. JAVALLATOK: Felhasználás előtt állatorvos véleményének kikérése javasolt. A MATURE CONSULT száraz tápot először legfeljebb 2 hónapig alkalmazza. Teljes értékű diétás állateledel kutyák számára – Idősödő, közepes testű kutyáknak (11-25 kg) – 7 éves kortól VITALITÁS ÉS AZ AGY EGÉSZSÉGÉNEK MEGŐRZÉSE Az életkor hatással lehet a kutyák életfunkcióira, beleértve a vese, a szív és az agy működését. Ez a formula olyan válogatott tápanyagokat tartalmaz, melyek segítenek támogatni a vitalitást. IZOMTÖMEG TÁMOGATÁSA Egy különleges, kiegyensúlyozott formula, mely segít megőrizni az idő múlásával az izomtömeget BŐR ÉS SZŐRZET Olyan tápanyagokat tartalmaz, melyek támogatják a szőr növekedését és a szőrzet fényét. ÖSSZETÉTEL: kukorica, dehidratált baromfifehérje, búzaliszt, búza, növényi rostok, kukoricaliszt, állati zsiradékok, dehidratált sertésfehérje*, kukoricaglutén, hidrolizált állati fehérjék, cukorrépapép, ásványi sók, halolaj, szójaolaj, szárított paradicsompép (likopin forrás) (0,84 %), frukto-oligoszacharidok, borágó olaj, bársonyvirág kivonat (lutein forrás). ADALÉKANYAGOK (kilogrammonként): Tápértékkel rendelkező adalékanyagok: A vitamin: 29500 NE, D3 vitamin: 795 NE, Vas (3b103): 39 mg, Jód (3b201, 3b202): 3,9 mg, Réz (3b405, 3b406): 12 mg, Mangán (3b502, 3b504): 50 mg, Cink (3b603, 3b605, 3b606): 137 mg, Szelén (3b801, 3b811, 3b812): 0,08 mg – Technológiai adalékanyagok: Üledékes eredetű klinoptilolit: 5 g, Pentanátrium-trifoszfát: 3,5 g, Lecitin: 1,6 g – Érzékszervi adalékanyagok: Tea kivonat (polifenol forrás): 150 mg – Tartósítószerek – Antioxidánsok. ANALITIKAI ÖSSZETEVŐK: Nyersfehérje: 23,0 % – Zsírtartalom: 14,0 % – Nyershamu: 5,7 % – Nyersrost: 7,2 % – Foszfor: 0,56 % – EPA/DHA: 0,45 % – Esszenciális zsírsav (linolsav): 2,52 % – L-triptofán: 0,32 % – Kilogrammonként: L-karnitin: 800,0 mg, Béta-karotin: 4,3 mg. Tovább olvasok"}
{"breadcrumb": "Főoldal/Kutya/Eledelek/Gyógyhatású eledelek/Royal Canin Veterinary Mature consult small kistestű idős kor száraz kutyaeledel 1,5kg", "product_name": "Royal Canin Veterinary Mature consult small kistestű idős kor száraz kutyaeledel 1,5kgRoyal Canin Veterinary Mature consult small kistestű idős kor száraz kutyaeledel 1,5kg", "brand": "Royal CaninVeterinary Health Nutrition1,1kg – 4kgIdősszárnyasidőskori egészséges tápláláskistestű 10kg-ig", "regular_price": "5199", "selling_price": "", "price_per_unit": "1 kg=3466 Ft", "product_url": "https://webshop.fressnapf.hu/termekek/royal-canin-veterinary-mature-consult-small-kistestu-idos-kor-szaraz-kutyaeledel-15kg/", "product_description": "Fontos megjegyzés Az állatorvosi diétás eledel csak állatorvossal való konzultációt követően adható. Az állatorvosi diétás eledel alkalmazásakor legalább 6 havonta ellenőrzés céljából állatorvoshoz kell fordulni. Ha a háziállat állapota az etetés során romlana, azonnal állatorvoshoz kell fordulni. A kiválasztott diétás eledel kiválasztásával és a kosárba helyezésével Ön megerősíti, hogy a fenti utasításokat elolvasta és megértette. A ROYAL CANIN® MATURE CONSULT SMALL DOG száraz állateledel komplett diétás kutyaeledel, a bőrfunkció erősítéséhez dermatózis és fokozott szőrhullás esetén, a magas linolsav-tartalom (LA), valamint az eikozapentaénsav (EPA) és a dokozahexaénsav (DHA) összege által. JAVALLATOK: Felhasználás előtt állatorvos véleményének kikérése javasolt. A MATURE CONSULT SMALL DOG száraz eledelt először legfeljebb 2 hónapig alkalmazza. Teljes értékű diétás állateledel kutyák számára – Idősödő, kistestű kutyáknak (10 kg-ig) – 8 éves kortól VITALITÁS ÉS AZ AGY EGÉSZSÉGÉNEK MEGŐRZÉSE Az életkor hatással lehet a kutyák életfunkcióira, beleértve a vese, a szív és az agy működését. Ez a formula olyan válogatott tápanyagokat tartalmaz, melyek segítenek támogatni a vitalitást IZOMTÖMEG TÁMOGATÁSA Egy különleges, kiegyensúlyozott formula, mely segít megőrizni az idő múlásával az izomtömeget. EGÉSZSÉGES FOGAK A tápszemcsék mechanikus hatása és egy kalciumkötő anyag együttesen segítik a fogkőképződés késleltetését. ÖSSZETÉTEL: kukorica, dehidratált baromfifehérje, búzaliszt, búza, növényi rostok, állati zsiradékok, dehidratált sertésfehérje, kukoricaglutén, hidrolizált állati fehérjék, búzaglutén*, ásványi sók, cikória pép, halolaj, szójaolaj, szárított paradicsompép (likopin forrás) (0,84 %), frukto-oligoszacharidok, borágó olaj, bársonyvirág kivonat (lutein forrás). ADALÉKANYAGOK (kilogrammonként): Tápértékkel rendelkező adalékanyagok: A vitamin: 29500 NE, D3 vitamin: 800 NE, Vas (3b103): 39 mg, Jód (3b201, 3b202): 3,9 mg, Réz (3b405, 3b406): 12 mg, Mangán (3b502, 3b504): 50 mg, Cink (3b603, 3b605, 3b606): 137 mg, Szelén (3b801, 3b811, 3b812): 0,08 mg – Technológiai adalékanyagok: Üledékes eredetű klinoptilolit: 5 g, Pentanátrium-trifoszfát: 3,5 g, Lecitin: 2,6 g – Érzékszervi adalékanyagok: Tea kivonat (polifenol forrás): 150 mg – Tartósítószerek – Antioxidánsok. ANALITIKAI ÖSSZETEVŐK: Nyersfehérje: 25,0 % – Zsírtartalom: 14,0 % – Nyershamu: 6,2 % – Nyersrost: 7,0 % – Kalcium: 0,87 % – Foszfor: 0,55 % – Nátrium: 0,3 % – EPA/DHA: 0,45 % – L-triptofán: 0,35 % – Esszenciális zsírsav (linolsav): 2,57 % – Kilogrammonként: L-karnitin: 820,0 mg, Béta-karotin: 4,3 mg. Tovább olvasok"}
{"breadcrumb": "Főoldal/Kutya/Eledelek/Gyógyhatású eledelek/Royal Canin Veterinary Mature consult small kistestű idős kor száraz kutyaeledel 3,5kg", "product_name": "Royal Canin Veterinary Mature consult small kistestű idős kor száraz kutyaeledel 3,5kgRoyal Canin Veterinary Mature consult small kistestű idős kor száraz kutyaeledel 3,5kg", "brand": "Royal CaninVeterinary Health Nutrition1,1kg – 4kgIdősszárnyasidőskori egészséges tápláláskistestű 10kg-ig", "regular_price": "11699", "selling_price": "", "price_per_unit": "1 kg=3343 Ft", "product_url": "https://webshop.fressnapf.hu/termekek/royal-canin-veterinary-mature-consult-small-kistestu-idos-kor-szaraz-kutyaeledel-35kg/", "product_description": "Fontos megjegyzés Az állatorvosi diétás eledel csak állatorvossal való konzultációt követően adható. Az állatorvosi diétás eledel alkalmazásakor legalább 6 havonta ellenőrzés céljából állatorvoshoz kell fordulni. Ha a háziállat állapota az etetés során romlana, azonnal állatorvoshoz kell fordulni. A kiválasztott diétás eledel kiválasztásával és a kosárba helyezésével Ön megerősíti, hogy a fenti utasításokat elolvasta és megértette. A ROYAL CANIN® MATURE CONSULT SMALL DOG száraz állateledel komplett diétás kutyaeledel, a bőrfunkció erősítéséhez dermatózis és fokozott szőrhullás esetén, a magas linolsav-tartalom (LA), valamint az eikozapentaénsav (EPA) és a dokozahexaénsav (DHA) összege által. JAVALLATOK: Felhasználás előtt állatorvos véleményének kikérése javasolt. A MATURE CONSULT SMALL DOG száraz eledelt először legfeljebb 2 hónapig alkalmazza. Teljes értékű diétás állateledel kutyák számára – Idősödő, kistestű kutyáknak (10 kg-ig) – 8 éves kortól VITALITÁS ÉS AZ AGY EGÉSZSÉGÉNEK MEGŐRZÉSE Az életkor hatással lehet a kutyák életfunkcióira, beleértve a vese, a szív és az agy működését. Ez a formula olyan válogatott tápanyagokat tartalmaz, melyek segítenek támogatni a vitalitást IZOMTÖMEG TÁMOGATÁSA Egy különleges, kiegyensúlyozott formula, mely segít megőrizni az idő múlásával az izomtömeget. EGÉSZSÉGES FOGAK A tápszemcsék mechanikus hatása és egy kalciumkötő anyag együttesen segítik a fogkőképződés késleltetését. ÖSSZETÉTEL: kukorica, dehidratált baromfifehérje, búzaliszt, búza, növényi rostok, állati zsiradékok, dehidratált sertésfehérje, kukoricaglutén, hidrolizált állati fehérjék, búzaglutén*, ásványi sók, cikória pép, halolaj, szójaolaj, szárított paradicsompép (likopin forrás) (0,84 %), frukto-oligoszacharidok, borágó olaj, bársonyvirág kivonat (lutein forrás). ADALÉKANYAGOK (kilogrammonként): Tápértékkel rendelkező adalékanyagok: A vitamin: 29500 NE, D3 vitamin: 800 NE, Vas (3b103): 39 mg, Jód (3b201, 3b202): 3,9 mg, Réz (3b405, 3b406): 12 mg, Mangán (3b502, 3b504): 50 mg, Cink (3b603, 3b605, 3b606): 137 mg, Szelén (3b801, 3b811, 3b812): 0,08 mg – Technológiai adalékanyagok: Üledékes eredetű klinoptilolit: 5 g, Pentanátrium-trifoszfát: 3,5 g, Lecitin: 2,6 g – Érzékszervi adalékanyagok: Tea kivonat (polifenol forrás): 150 mg – Tartósítószerek – Antioxidánsok. ANALITIKAI ÖSSZETEVŐK: Nyersfehérje: 25,0 % – Zsírtartalom: 14,0 % – Nyershamu: 6,2 % – Nyersrost: 7,0 % – Kalcium: 0,87 % – Foszfor: 0,55 % – Nátrium: 0,3 % – EPA/DHA: 0,45 % – L-triptofán: 0,35 % – Esszenciális zsírsav (linolsav): 2,57 % – Kilogrammonként: L-karnitin: 820,0 mg, Béta-karotin: 4,3 mg. Tovább olvasok"}
{"breadcrumb": "Főoldal/Kutya/Eledelek/Gyógyhatású eledelek/Royal Canin Veterinary Medium Sensitive száraz kutyaeledel 14kg", "product_name": "Royal Canin Veterinary Medium Sensitive száraz kutyaeledel 14kgRoyal Canin Veterinary Medium Sensitive száraz kutyaeledel 14kg", "brand": "Royal CaninVeterinary Health Nutrition12,1kg – 15kgFelnőttszárnyasérzékeny emésztésű", "regular_price": "47999", "selling_price": "", "price_per_unit": "1 KG=3429 Ft", "product_url": "https://webshop.fressnapf.hu/termekek/royal-canin-veterinary-medium-sensitive-szaraz-kutyaeledel-14kg/", "product_description": "A ROYAL CANIN® SENSITIVITY CONTROL száraz állateledel kutyák számára készült teljes értékű diétás eledel, amely összetétele folytán csökkenti bizonyos tápösszetevőkkel és tápanyagokkal szemben kialakult intoleranciát. Válogatott fehérje- és szénhidrátforrások. JAVALLATOK: Felhasználás előtt állatorvos véleményének kikérése javasolt. A SENSITIVITY CONTROL száraz állateledel etetése 3-8 héten keresztül javasolt. Ha az intolerancia jelei megszűnnek, korlátozás nélküli ideig alkalmazható tovább. Teljes értékű diétás állateledel felnőtt kutyáknak VÁLOGATOTT FEHÉRJE A korlátozott számú fehérjeforrás segít csökkenteni a tápanyag-intolerancia kockázatát. BŐR VÉDŐFAL Összetételének köszönhetően a bőr optimális egészsége érdekében támogatja a bőr természetes védőgát funkcióját. EPA és DHA A zsírsavak hozzájárulnak az emésztőrendszer és a bőr egészségének megőrzéséhez. BIZTONSÁGOS EMÉSZTÉS Az emésztőrendszer kiegyensúlyozott működését támogató tápanyagok. ÖSSZETÉTEL: tápióka, dehidratált kacsafehérje, növényi rostok, hidrolizált baromfifehérje, állati zsiradékok, cukorrépapép, halolaj, ásványi sók, szójaolaj, psyllium (útifű) maghéj és mag, frukto-oligoszacharidok, bársonyvirág kivonat (lutein forrás). Fehérjeforrások: dehidratált kacsafehérje, hidrolizált baromfifehérje. Szénhidrátforrás: tápióka. ADALÉKANYAGOK (kilogrammonként): Tápértékkel rendelkező adalékanyagok: A vitamin: 26500 NE, D3 vitamin: 800 NE, E1 (Vas): 40 mg, E2 (Jód): 3,6 mg, E4 (Réz): 15 mg, E5 (Mangán): 53 mg, E6 (Cink): 150 mg, E8 (Szelén): 0,25 mg – Tartósítószerek – Antioxidánsok. ANALITIKAI ÖSSZETEVŐK: Nyersfehérje: 21,0 % – Zsírtartalom: 9,0 % – Nyershamu: 8,0 % – Nyersrost: 4,5 % – Kilogrammonként: Esszenciális zsírsavak (Linolsav): 17,6 g – EPA & DHA: 3,5 g – Omega-3 zsírsavak: 7,5 g Tovább olvasok"}
{"breadcrumb": "Főoldal/Kutya/Eledelek/Gyógyhatású eledelek/Royal Canin Veterinary Mobility support mozgásszervi probléma száraz kutyaeledel 12kg", "product_name": "Royal Canin Veterinary Mobility support mozgásszervi probléma száraz kutyaeledel 12kgRoyal Canin Veterinary Mobility support mozgásszervi probléma száraz kutyaeledel 12kg", "brand": "Royal CaninVeterinary Health Nutrition10,1 – 12kgFelnőttszárnyasízület védelem", "regular_price": "42899", "selling_price": "", "price_per_unit": "1 kg=3575 Ft", "product_url": "https://webshop.fressnapf.hu/termekek/royal-canin-veterinary-mobility-support-mozgasszervi-problema-szaraz-kutyaeledel-12kg/", "product_description": "Fontos megjegyzés Az állatorvosi diétás eledel csak állatorvossal való konzultációt követően adható. Az állatorvosi diétás eledel alkalmazásakor legalább 6 havonta ellenőrzés céljából állatorvoshoz kell fordulni. Ha a háziállat állapota az etetés során romlana, azonnal állatorvoshoz kell fordulni. A kiválasztott diétás eledel kiválasztásával és a kosárba helyezésével Ön megerősíti, hogy a fenti utasításokat elolvasta és megértette. ÍZÜLETI KOMPLEX : Új-zélandi zöldkagyló kivonat az ízületek egészségesen tartásának elősegítésére. OMEGA 3 : A táp omega-3 zsírsavakat tartalmaz az ízületek egészségesen tartásának elősegítésére. MÉRSÉKELT KALÓRIATARTALOM : A túlsúlyos kutyák ízületei fokozott igénybevételnek vannak kitéve. E mérsékelt kalóriatartalmú táp az ideális testsúly fenntartásával is támogatja az ízületek egészségét. Teljes értékű állateledel felnőtt kutyák számára. ÖSSZETÉTEL: rizs, kukoricaliszt, dehidratált baromfifehérje, kukorica, kukoricaglutén, hidrolizált állati fehérjék, állati zsiradékok, cukorrépapép, növényi rostok, halolaj, ásványi sók, búzaglutén*, szójaolaj, új-zélandi zöldajakos kagyló kivonat (GLM) (0,30 %), erjesztéssel előállított glükozamin (0,10 %), bársonyvirág por, porc hidrolizátum (kondroitin forrás) (0,001 %). AADALÉKANYAGOK (kilogrammonként): Tápértékkel rendelkező adalékanyagok: A vitamin: 22000 NE, D3 vitamin: 1025 NE, Vas (3b103): 41 mg, Jód (3b201, 3b202): 4,1 mg, Réz (3b405, 3b406): 13 mg, Mangán (3b502, 3b504): 53 mg, Cink (3b603, 3b605, 3b606): 138 mg, Szelén (3b801, 3b811, 3b812): 0,09 mg – Technológiai adalékanyagok: Üledékes eredetű klinoptilolit: 5 g – Tartósítószerek – Antioxidánsok. ANALITIKAI ÖSSZETEVŐK: Nyersfehérje: 25,0 % – Zsírtartalom: 11,9 % – Nyershamu: 5,6 % – Nyersrost: 3,0 % – Omega-3 zsírsavak: 0,93 %. Metabolizálható energia: 3641 kcal/kg. *L.I.P.: kitűnően emészthető, válogatott fehérje. Tovább olvasok"}
{"breadcrumb": "Főoldal/Kutya/Eledelek/Gyógyhatású eledelek/Royal Canin Veterinary Mobility support mozgásszervi probléma száraz kutyaeledel 2kg", "product_name": "Royal Canin Veterinary Mobility support mozgásszervi probléma száraz kutyaeledel 2kgRoyal Canin Veterinary Mobility support mozgásszervi probléma száraz kutyaeledel 2kg", "brand": "Royal CaninVeterinary Health Nutrition1,1kg – 4kgFelnőttszárnyasízület védelem", "regular_price": "8699", "selling_price": "", "price_per_unit": "1 kg=4350 Ft", "product_url": "https://webshop.fressnapf.hu/termekek/royal-canin-veterinary-mobility-support-mozgasszervi-problema-szaraz-kutyaeledel-2kg/", "product_description": "Fontos megjegyzés Az állatorvosi diétás eledel csak állatorvossal való konzultációt követően adható. Az állatorvosi diétás eledel alkalmazásakor legalább 6 havonta ellenőrzés céljából állatorvoshoz kell fordulni. Ha a háziállat állapota az etetés során romlana, azonnal állatorvoshoz kell fordulni. A kiválasztott diétás eledel kiválasztásával és a kosárba helyezésével Ön megerősíti, hogy a fenti utasításokat elolvasta és megértette. ÍZÜLETI KOMPLEX : Új-zélandi zöldkagyló kivonat az ízületek egészségesen tartásának elősegítésére. OMEGA 3 : A táp omega-3 zsírsavakat tartalmaz az ízületek egészségesen tartásának elősegítésére. MÉRSÉKELT KALÓRIATARTALOM : A túlsúlyos kutyák ízületei fokozott igénybevételnek vannak kitéve. E mérsékelt kalóriatartalmú táp az ideális testsúly fenntartásával is támogatja az ízületek egészségét. Teljes értékű állateledel felnőtt kutyák számára. ÖSSZETÉTEL: rizs, kukoricaliszt, dehidratált baromfifehérje, kukorica, kukoricaglutén, hidrolizált állati fehérjék, állati zsiradékok, cukorrépapép, növényi rostok, halolaj, ásványi sók, búzaglutén*, szójaolaj, új-zélandi zöldajakos kagyló kivonat (GLM) (0,30 %), erjesztéssel előállított glükozamin (0,10 %), bársonyvirág por, porc hidrolizátum (kondroitin forrás) (0,001 %). AADALÉKANYAGOK (kilogrammonként): Tápértékkel rendelkező adalékanyagok: A vitamin: 22000 NE, D3 vitamin: 1025 NE, Vas (3b103): 41 mg, Jód (3b201, 3b202): 4,1 mg, Réz (3b405, 3b406): 13 mg, Mangán (3b502, 3b504): 53 mg, Cink (3b603, 3b605, 3b606): 138 mg, Szelén (3b801, 3b811, 3b812): 0,09 mg – Technológiai adalékanyagok: Üledékes eredetű klinoptilolit: 5 g – Tartósítószerek – Antioxidánsok. ANALITIKAI ÖSSZETEVŐK: Nyersfehérje: 25,0 % – Zsírtartalom: 11,9 % – Nyershamu: 5,6 % – Nyersrost: 3,0 % – Omega-3 zsírsavak: 0,93 %. Metabolizálható energia: 3641 kcal/kg. *L.I.P.: kitűnően emészthető, válogatott fehérje. Tovább olvasok"}
{"breadcrumb": "Főoldal/Kutya/Eledelek/Gyógyhatású eledelek/Royal Canin Veterinary Neutered large nagytestű ivartalanított száraz kutyaeledel 12kg", "product_name": "Royal Canin Veterinary Neutered large nagytestű ivartalanított száraz kutyaeledel 12kgRoyal Canin Veterinary Neutered large nagytestű ivartalanított száraz kutyaeledel 12kg", "brand": "Royal CaninVeterinary Health Nutrition10,1 – 12kgFelnőttvegyesivartalanítottnagytestű 26kg-tól", "regular_price": "7 194", "selling_price": "5 394", "price_per_unit": "1 kg=2483 Ft", "product_url": "https://webshop.fressnapf.hu/termekek/royal-canin-veterinary-neutered-large-nagytestu-ivartalanitott-szaraz-kutyaeledel-12kg/", "product_description": "Fontos megjegyzés Az állatorvosi diétás eledel csak állatorvossal való konzultációt követően adható. Az állatorvosi diétás eledel alkalmazásakor legalább 6 havonta ellenőrzés céljából állatorvoshoz kell fordulni. Ha a háziállat állapota az etetés során romlana, azonnal állatorvoshoz kell fordulni. A kiválasztott diétás eledel kiválasztásával és a kosárba helyezésével Ön megerősíti, hogy a fenti utasításokat elolvasta és megértette. A ROYAL CANIN® NEUTERED ADULT LARGE DOG száraz állateledel komplett diétás kutyaeledel, a bőrfunkció erősítéséhez dermatózis és fokozott szőrhullás esetén, a magas linolsav-tartalom (LA), valamint az eikozapentaénsav (EPA) és a dokozahexaénsav (DHA) összege által. JAVALLATOK: Felhasználás előtt állatorvos véleményének kikérése javasolt. A NEUTERED ADULT LARGE DOG száraz eledelt először legfeljebb 2 hónapig alkalmazza. Teljes értékű diétás állateledel kutyák számára – Ivartalanított, nagytestű (25 kg felett) vagy súlygyarapodásra hajlamos felnőtt kutyáknak – 15 hónapos kortól IDEÁLIS TESTTÖMEG Az adaptált formula és kalóriaszint elősegítik a kutyák ideális testsúlyának fenntartását. A rostkeveréket tartalmazó termék a teltségérzet elősegítésére lett kifejlesztve. EGÉSZSÉGES EMÉSZTÉS Könnyen emészthető formula, prebiotikumokkal az egészséges emésztés elősegítéséért. A CSONTOK ÉS AZ ÍZÜLETEK EGÉSZSÉGÉNEK TÁMOGATÁSA Segít fenntartani a csontok és az ízületek egészségét. ÖSSZETÉTEL: dehidratált baromfifehérje, kukorica, árpa, búzaliszt, növényi rostok, búzaglutén*, dehidratált sertésfehérje, hidrolizált állati fehérjék, állati zsiradékok, cukorrépapép, ásványi sók, halolaj, szójaolaj, psyllium (útifű) maghéj és mag (0,50 %), frukto-oligoszacharidok (0,49 %), erjesztéssel előállított glükozamin, bársonyvirág kivonat (lutein forrás), porc hidrolizátum (kondroitin forrás). ADALÉKANYAGOK (kilogrammonként): Tápértékkel rendelkező adalékanyagok: A vitamin: 21500 NE, D3 vitamin: 1000 NE, Vas (3b103): 35 mg, Jód (3b201, 3b202): 3,5 mg, Réz (3b405, 3b406): 11 mg, Mangán (3b502, 3b504): 45 mg, Cink (3b603, 3b605, 3b606): 128 mg, Szelén (3b801, 3b811, 3b812): 0,05 mg – Technológiai adalékanyagok: Üledékes eredetű klinoptilolit: 10 g – Tartósítószerek – Antioxidánsok. ANALITIKAI ÖSSZETEVŐK: Nyersfehérje: 28,0 % – Zsírtartalom: 11,0 % – Nyershamu: 6,0 % – Nyersrost: 7,2 % – Omega-3 zsírsavak: 0,58 % – EPA/DHA: 0,3 % – Esszenciális zsírsav (linolsav): 2,2 %. A kutya súlya Normál (g/nap) Túlsúly (g/nap) 25 kg 322 g 271 g 30 kg 369 g 311 g 35 kg 415 g 349 g 40 kg 458 g 386 g 45 kg 501 g 422 g 50 kg 542 g 456 g 55 kg 582 g 490 g 60 kg 621 g 523 g 65 kg 660 g 555 g 70 kg 697 g 587 g 75 kg 734 g 618 g 80 kg 771 g 649 g 85 kg 807 g 679 g 90 kg 842 g 709 g 95 kg 877 g 738 g 100 kg 911 g 767 g Tovább olvasok"}
{"breadcrumb": "Főoldal/Kutya/Eledelek/Gyógyhatású eledelek/Royal Canin Veterinary Neutered medium ivartalanított száraz kutyaeledel 9kg", "product_name": "Royal Canin Veterinary Neutered medium ivartalanított száraz kutyaeledel 9kgRoyal Canin Veterinary Neutered medium ivartalanított száraz kutyaeledel 9kg", "brand": "Royal CaninVeterinary Health NutritionFelnőtt4,1kg – 10kgvegyesivartalanítottközepes testű 11-25kg", "regular_price": "7 194", "selling_price": "5 394", "price_per_unit": "1 kg=2811 Ft", "product_url": "https://webshop.fressnapf.hu/termekek/royal-canin-veterinary-neutered-medium-ivartalanitott-szaraz-kutyaeledel-9kg/", "product_description": "A ROYAL CANIN® NEUTERED ADULT száraz állateledel komplett diétás kutyaeledel, a bőrfunkció erősítéséhez dermatózis és fokozott szőrhullás esetén, a magas linolsav-tartalom (LA), valamint az eikozapentaénsav (EPA) és a dokozahexaénsav (DHA) összege által. JAVALLATOK: Felhasználás előtt állatorvos véleményének kikérése javasolt. A NEUTERED ADULT száraz eledelt először legfeljebb 2 hónapig alkalmazza. Teljes értékű diétás állateledelkutyák számára – Ivartalanított, közepes testű (11-25 kg) vagy súlygyarapodásra hajlamos felnőtt kutyáknak – 12 hónapos kortól IDEÁLIS TESTTÖMEG Az adaptált formula és kalóriaszint elősegítik a kutyák ideális testsúlyának fenntartását. A rostkeveréket tartalmazó termék a teltségérzet elősegítésére lett kifejlesztve. BŐR ÉS SZŐRZET Olyan tápanyagokat tartalmaz, melyek támogatják a szőr növekedését és a szőrzet fényét. EGÉSZSÉGES EMÉSZTÉS Könnyen emészthető formula, prebiotikumokkal az egészséges emésztés elősegítéséért. ÖSSZETÉTEL: kukorica, árpa, dehidratált sertésfehérje, dehidratált baromfifehérje, búzaliszt, növényi rostok, hidrolizált állati fehérjék, állati zsiradékok, cukorrépapép, búzaglutén*, szójaolaj, halolaj, ásványi sók, psyllium (útifű) maghéj és mag (0,50 %), frukto-oligoszacharidok (0,49 %), borágó olaj, bársonyvirág kivonat (lutein forrás). ADALÉKANYAGOK (kilogrammonként): Tápértékkel rendelkező adalékanyagok: A vitamin: 21500 NE, D3 vitamin: 1000 NE, Vas (3b103): 39 mg, Jód (3b201, 3b202): 3,9 mg, Réz (3b405, 3b406): 12 mg, Mangán (3b502, 3b504): 51 mg, Cink (3b603, 3b605, 3b606): 133 mg, Szelén (3b801, 3b811, 3b812): 0,06 mg – Technológiai adalékanyagok: Üledékes eredetű klinoptilolit: 10 g – Tartósítószerek – Antioxidánsok. ANALITIKAI ÖSSZETEVŐK: Nyersfehérje: 28,0 % – Zsírtartalom: 11,0 % – Nyershamu: 5,5 % – Nyersrost: 7,2 % – Omega-6 zsírsavak: 2,3 % – Omega-3 zsírsavak: 0,58 % – EPA/DHA: 0,30 % – Esszenciális zsírsav (linolsav): 2,22 %. *L.I.P.: kitűnően emészthető, válogatott fehérje. Tovább olvasok"}
{"breadcrumb": "Főoldal/Kutya/Eledelek/Gyógyhatású eledelek/Royal Canin Veterinary Neutered small kistestű ivartalanított száraz kutyaeledel 1,5kg", "product_name": "Royal Canin Veterinary Neutered small kistestű ivartalanított száraz kutyaeledel 1,5kgRoyal Canin Veterinary Neutered small kistestű ivartalanított száraz kutyaeledel 1,5kg", "brand": "Royal CaninVeterinary Health Nutrition1,1kg – 4kgFelnőttvegyesivartalanítottkistestű 10kg-ig", "regular_price": "5699", "selling_price": "", "price_per_unit": "1 kg=3799 Ft", "product_url": "https://webshop.fressnapf.hu/termekek/royal-canin-veterinary-neutered-small-kistestu-ivartalanitott-szaraz-kutyaeledel-15kg/", "product_description": "Fontos megjegyzés Az állatorvosi diétás eledel csak állatorvossal való konzultációt követően adható. Az állatorvosi diétás eledel alkalmazásakor legalább 6 havonta ellenőrzés céljából állatorvoshoz kell fordulni. Ha a háziállat állapota az etetés során romlana, azonnal állatorvoshoz kell fordulni. A kiválasztott diétás eledel kiválasztásával és a kosárba helyezésével Ön megerősíti, hogy a fenti utasításokat elolvasta és megértette. A ROYAL CANIN® NEUTERED ADULT SMALL DOG száraz táp komplett diétás kutyaeledel, a bőrfunkció erősítéséhez dermatózis és fokozott szőrhullás esetén, a magas linolsav-tartalom (LA), valamint az eikozapentaénsav (EPA) és a dokozahexaénsav (DHA) összege által. JAVALLATOK: Felhasználás előtt állatorvos véleményének kikérése javasolt. A NEUTERED ADULT SMALL DOG száraz tápot először legfeljebb 2 hónapig alkalmazza. Teljes értékű állateledel 10 kg alatti testtömegű, felnőtt ivartalanított kutyáknak, hízásra való hajlam, fog- és szájüregi problémák esetén IDEÁLIS TESTTÖMEG Az adaptált formula és kalóriaszint elősegítik a kutyák ideális testsúlyának fenntartását. A rostkeveréket tartalmazó termék a teltségérzet elősegítésére lett kifejlesztve. EGÉSZSÉGES EMÉSZTÉS Könnyen emészthető formula, prebiotikumokkal az egészséges emésztés elősegítéséért. EGÉSZSÉGES FOGAK A tápszemcsék mechanikus hatása és egy kalciumkötő anyag együttesen segítik a fogkőképződés késleltetését. S/O® INDEX E termék az oxalát és a struvit húgykövek képződéséhez kedvezőtlen környezetet teremt a vizeletben. ÖSSZETÉTEL: árpa, kukorica, dehidratált sertésfehérje, dehidratált baromfifehérje, búzaliszt, növényi rostok, búzaglutén*, hidrolizált állati fehérjék, állati zsiradékok, ásványi sók, cikóriapép, halolaj, szójaolaj, psyllium (útifű) maghéj és mag (0,5 %), frukto-oligoszacharidok (0,49 %), bársonyvirág kivonat (lutein forrás). ADALÉKANYAGOK (kilogrammonként): Tápértékkel rendelkező adalékanyagok: A vitamin: 29500 NE, D3 vitamin: 800 NE, Vas (3b103): 37 mg, Jód (3b201, 3b202): 3,7 mg, Réz (3b405, 3b406): 11 mg, Mangán (3b502, 3b504): 48 mg, Cink (3b603, 3b605, 3b606): 132 mg, Szelén (3b801, 3b811, 3b812): 0,08 mg – Technológiai adalékanyagok: Üledékes eredetű klinoptilolit: 5 g, Pentanátrium-trifoszfát: 3,5 g – Tartósítószerek – Antioxidánsok. ANALITIKAI ÖSSZETEVŐK: Nyersfehérje: 30,0 % – Zsírtartalom: 11,0 % – Nyershamu: 7,3 % – Nyersrost: 6,6 % – Kalcium: 0,78 % – EPA/DHA: 0,3 % – Esszenciális zsírsav (linolsav): 2,04 %. *L.I.P.: kitűnően emészthető, válogatott fehérje. A KÖVETKEZŐKNEK AJÁNLOTT: • Kistestű fajtákba tartozó (<10 kg-os) felnőtt kutyák számára ivartalanítás után1 • Hízásra hajlamos vagy érzékeny ízületekkel rendelkező kutyák számára NEM AJÁNLOTT A KÖVETKEZŐK ESETÉN: • Növekedés, vemhesség/szoptatás. A tápszemcsék mechanikus hatása és egy kalciumkötő anyag együttesen segítik a fogkőképződés késleltetését. Tovább olvasok"}
{"breadcrumb": "Főoldal/Kutya/Eledelek/Gyógyhatású eledelek/Royal Canin Veterinary Neutered small kistestű ivartalanított száraz kutyaeledel 3,5kg", "product_name": "Royal Canin Veterinary Neutered small kistestű ivartalanított száraz kutyaeledel 3,5kgRoyal Canin Veterinary Neutered small kistestű ivartalanított száraz kutyaeledel 3,5kg", "brand": "Royal CaninVeterinary Health Nutrition1,1kg – 4kgFelnőttvegyesivartalanítottkistestű 10kg-ig", "regular_price": "11999", "selling_price": "", "price_per_unit": "1 kg=3428 Ft", "product_url": "https://webshop.fressnapf.hu/termekek/royal-canin-veterinary-neutered-small-kistestu-ivartalanitott-szaraz-kutyaeledel-35kg/", "product_description": "Fontos megjegyzés Az állatorvosi diétás eledel csak állatorvossal való konzultációt követően adható. Az állatorvosi diétás eledel alkalmazásakor legalább 6 havonta ellenőrzés céljából állatorvoshoz kell fordulni. Ha a háziállat állapota az etetés során romlana, azonnal állatorvoshoz kell fordulni. A kiválasztott diétás eledel kiválasztásával és a kosárba helyezésével Ön megerősíti, hogy a fenti utasításokat elolvasta és megértette. A ROYAL CANIN® NEUTERED ADULT SMALL DOG száraz táp komplett diétás kutyaeledel, a bőrfunkció erősítéséhez dermatózis és fokozott szőrhullás esetén, a magas linolsav-tartalom (LA), valamint az eikozapentaénsav (EPA) és a dokozahexaénsav (DHA) összege által. JAVALLATOK: Felhasználás előtt állatorvos véleményének kikérése javasolt. A NEUTERED ADULT SMALL DOG száraz tápot először legfeljebb 2 hónapig alkalmazza. Teljes értékű állateledel 10 kg alatti testtömegű, felnőtt ivartalanított kutyáknak, hízásra való hajlam, fog- és szájüregi problémák esetén IDEÁLIS TESTTÖMEG Az adaptált formula és kalóriaszint elősegítik a kutyák ideális testsúlyának fenntartását. A rostkeveréket tartalmazó termék a teltségérzet elősegítésére lett kifejlesztve. EGÉSZSÉGES EMÉSZTÉS Könnyen emészthető formula, prebiotikumokkal az egészséges emésztés elősegítéséért. EGÉSZSÉGES FOGAK A tápszemcsék mechanikus hatása és egy kalciumkötő anyag együttesen segítik a fogkőképződés késleltetését. S/O® INDEX E termék az oxalát és a struvit húgykövek képződéséhez kedvezőtlen környezetet teremt a vizeletben. ÖSSZETÉTEL: árpa, kukorica, dehidratált sertésfehérje, dehidratált baromfifehérje, búzaliszt, növényi rostok, búzaglutén*, hidrolizált állati fehérjék, állati zsiradékok, ásványi sók, cikóriapép, halolaj, szójaolaj, psyllium (útifű) maghéj és mag (0,5 %), frukto-oligoszacharidok (0,49 %), bársonyvirág kivonat (lutein forrás). ADALÉKANYAGOK (kilogrammonként): Tápértékkel rendelkező adalékanyagok: A vitamin: 29500 NE, D3 vitamin: 800 NE, Vas (3b103): 37 mg, Jód (3b201, 3b202): 3,7 mg, Réz (3b405, 3b406): 11 mg, Mangán (3b502, 3b504): 48 mg, Cink (3b603, 3b605, 3b606): 132 mg, Szelén (3b801, 3b811, 3b812): 0,08 mg – Technológiai adalékanyagok: Üledékes eredetű klinoptilolit: 5 g, Pentanátrium-trifoszfát: 3,5 g – Tartósítószerek – Antioxidánsok. ANALITIKAI ÖSSZETEVŐK: Nyersfehérje: 30,0 % – Zsírtartalom: 11,0 % – Nyershamu: 7,3 % – Nyersrost: 6,6 % – Kalcium: 0,78 % – EPA/DHA: 0,3 % – Esszenciális zsírsav (linolsav): 2,04 %. *L.I.P.: kitűnően emészthető, válogatott fehérje. A KÖVETKEZŐKNEK AJÁNLOTT: • Kistestű fajtákba tartozó (<10 kg-os) felnőtt kutyák számára ivartalanítás után1 • Hízásra hajlamos vagy érzékeny ízületekkel rendelkező kutyák számára NEM AJÁNLOTT A KÖVETKEZŐK ESETÉN: • Növekedés, vemhesség/szoptatás. A tápszemcsék mechanikus hatása és egy kalciumkötő anyag együttesen segítik a fogkőképződés késleltetését. Tovább olvasok"}
{"breadcrumb": "Főoldal/Kutya/Eledelek/Gyógyhatású eledelek/Royal Canin Veterinary Neutered small kistestű ivartalanított száraz kutyaeledel 8kg", "product_name": "Royal Canin Veterinary Neutered small kistestű ivartalanított száraz kutyaeledel 8kgRoyal Canin Veterinary Neutered small kistestű ivartalanított száraz kutyaeledel 8kg", "brand": "Royal CaninVeterinary Health Nutrition4,1kg – 10kgFelnőttvegyesivartalanítottkistestű 10kg-ig", "regular_price": "27899", "selling_price": "", "price_per_unit": "1 kg=3487 Ft", "product_url": "https://webshop.fressnapf.hu/termekek/royal-canin-veterinary-neutered-small-kistestu-ivartalanitott-szaraz-kutyaeledel-8kg/", "product_description": "Fontos megjegyzés Az állatorvosi diétás eledel csak állatorvossal való konzultációt követően adható. Az állatorvosi diétás eledel alkalmazásakor legalább 6 havonta ellenőrzés céljából állatorvoshoz kell fordulni. Ha a háziállat állapota az etetés során romlana, azonnal állatorvoshoz kell fordulni. A kiválasztott diétás eledel kiválasztásával és a kosárba helyezésével Ön megerősíti, hogy a fenti utasításokat elolvasta és megértette. A ROYAL CANIN® NEUTERED ADULT SMALL DOG száraz táp komplett diétás kutyaeledel, a bőrfunkció erősítéséhez dermatózis és fokozott szőrhullás esetén, a magas linolsav-tartalom (LA), valamint az eikozapentaénsav (EPA) és a dokozahexaénsav (DHA) összege által. JAVALLATOK: Felhasználás előtt állatorvos véleményének kikérése javasolt. A NEUTERED ADULT SMALL DOG száraz tápot először legfeljebb 2 hónapig alkalmazza. Teljes értékű állateledel 10 kg alatti testtömegű, felnőtt ivartalanított kutyáknak, hízásra való hajlam, fog- és szájüregi problémák esetén IDEÁLIS TESTTÖMEG Az adaptált formula és kalóriaszint elősegítik a kutyák ideális testsúlyának fenntartását. A rostkeveréket tartalmazó termék a teltségérzet elősegítésére lett kifejlesztve. EGÉSZSÉGES EMÉSZTÉS Könnyen emészthető formula, prebiotikumokkal az egészséges emésztés elősegítéséért. EGÉSZSÉGES FOGAK A tápszemcsék mechanikus hatása és egy kalciumkötő anyag együttesen segítik a fogkőképződés késleltetését. S/O® INDEX\tE termék az oxalát és a struvit húgykövek képződéséhez kedvezőtlen környezetet teremt a vizeletben. ÖSSZETÉTEL: árpa, kukorica, dehidratált sertésfehérje, dehidratált baromfifehérje, búzaliszt, növényi rostok, búzaglutén*, hidrolizált állati fehérjék, állati zsiradékok, ásványi sók, cikóriapép, halolaj, szójaolaj, psyllium (útifű) maghéj és mag (0,5 %), frukto-oligoszacharidok (0,49 %), bársonyvirág kivonat (lutein forrás). ADALÉKANYAGOK (kilogrammonként): Tápértékkel rendelkező adalékanyagok: A vitamin: 29500 NE, D3 vitamin: 800 NE, Vas (3b103): 37 mg, Jód (3b201, 3b202): 3,7 mg, Réz (3b405, 3b406): 11 mg, Mangán (3b502, 3b504): 48 mg, Cink (3b603, 3b605, 3b606): 132 mg, Szelén (3b801, 3b811, 3b812): 0,08 mg – Technológiai adalékanyagok: Üledékes eredetű klinoptilolit: 5 g, Pentanátrium-trifoszfát: 3,5 g – Tartósítószerek – Antioxidánsok. ANALITIKAI ÖSSZETEVŐK: Nyersfehérje: 30,0 % – Zsírtartalom: 11,0 % – Nyershamu: 7,3 % – Nyersrost: 6,6 % – Kalcium: 0,78 % – EPA/DHA: 0,3 % – Esszenciális zsírsav (linolsav): 2,04 %. *L.I.P.: kitűnően emészthető, válogatott fehérje. A KÖVETKEZŐKNEK AJÁNLOTT: • Kistestű fajtákba tartozó (<10 kg-os) felnőtt kutyák számára ivartalanítás után1 • Hízásra hajlamos vagy érzékeny ízületekkel rendelkező kutyák számára NEM AJÁNLOTT A KÖVETKEZŐK ESETÉN: • Növekedés, vemhesség/szoptatás. A tápszemcsék mechanikus hatása és egy kalciumkötő anyag együttesen segítik a fogkőképződés késleltetését. Tovább olvasok"}
{"breadcrumb": "Főoldal/Kutya/Eledelek/Gyógyhatású eledelek/Royal Canin Veterinary Pill assist m/l dog tablettabeadás megkönnyítése kutyaeledel 224g", "product_name": "Royal Canin Veterinary Pill assist m/l dog tablettabeadás megkönnyítése kutyaeledel 224gRoyal Canin Veterinary Pill assist m/l dog tablettabeadás megkönnyítése kutyaeledel 224g", "brand": "Royal CaninVeterinary Health Nutrition201g – 400gFelnőttszárnyastablettabeadás", "regular_price": "4349", "selling_price": "", "price_per_unit": "1 kg=19415 Ft", "product_url": "https://webshop.fressnapf.hu/termekek/royal-canin-veterinary-pill-assist-m-l-dog-tablettabeadas-megkonnyitese-kutyaeledel-224g/", "product_description": "Fontos megjegyzés Az állatorvosi diétás eledel csak állatorvossal való konzultációt követően adható. Az állatorvosi diétás eledel alkalmazásakor legalább 6 havonta ellenőrzés céljából állatorvoshoz kell fordulni. Ha a háziállat állapota az etetés során romlana, azonnal állatorvoshoz kell fordulni. A kiválasztott diétás eledel kiválasztásával és a kosárba helyezésével Ön megerősíti, hogy a fenti utasításokat elolvasta és megértette. Royal Canin Pill Assist — Terméket tabletták/kapszulák szájon át történő beadásának megkönnyítésére tervezték. Mérsékelt, mindössze 3kcal kalóriatartalmú tabletta remek alternatívát kínál a beadandó gyógyszerek elrejtésére az emberi ételekkel szemben. Kellemes íze és illata pedig elfedi a gyógyszer esetlegesen kellemetlen, zavaró illatát. Segítségével a gyógyszerek beadása kevesebb stresszel jár az állat számára. Használata rendkívül egyszerű: Helyezze be a beadni kívánt gyógyszert a Pill Assist falatkába, majd nyomja össze és már adhatja is kedvencének. Adagolás: Maximum 6db/nap (10kg alatti kutya esetében) Nagyobb mennyiség szükségessége esetén konzultáljon állatorvosával. Összetétel: Glicerin, búza takarmányliszt, csirkefehérje (szárított), pálmaolaj, búzaglutén takarmány, glükózszirup, csirkefehérje (hidrolizált), frukto-oligoszacharidok. Analitikai összetevők: nyers fehérje (min. 19%), nyers zsír (min. 10.5%), nyersrost (max. 3.1%), nedvesség (max. 30%), E-vitamin 270NE/kg, Aszkorbinsav 124mg/kg Tovább olvasok"}
{"breadcrumb": "Főoldal/Kutya/Eledelek/Gyógyhatású eledelek/Royal Canin Veterinary Recovery lábadozást támogató konzerv kutyáknak és macskáknak 12x195g", "product_name": "Royal Canin Veterinary Recovery lábadozást támogató konzerv kutyáknak és macskáknak 12x195gRoyal Canin Veterinary Recovery lábadozást támogató konzerv kutyáknak és macskáknak 12x195g", "brand": "Royal CaninVeterinary Health Nutrition101g – 200gFelnőtthús és állati származékokpástétomfelépülést segítőkonzerv", "regular_price": "16788", "selling_price": "", "price_per_unit": "1 399 Ft", "product_url": "https://webshop.fressnapf.hu/termekek/royal-canin-veterinary-recovery-labadozast-tamogato-konzerv-kutyaknak-es-macskaknak-195g/", "product_description": "Fontos megjegyzés Az állatorvosi diétás eledel csak állatorvossal való konzultációt követően adható. Az állatorvosi diétás eledel alkalmazásakor legalább 6 havonta ellenőrzés céljából állatorvoshoz kell fordulni. Ha a háziállat állapota az etetés során romlana, azonnal állatorvoshoz kell fordulni. A kiválasztott diétás eledel kiválasztásával és a kosárba helyezésével Ön megerősíti, hogy a fenti utasításokat elolvasta és megértette. A ROYAL CANIN® RECOVERY ultrasoft mousse nedves állateledel habkrém állagú, kutyák és macskák számára készült komplett diétás eledel, mely elősegíti a táplálékkal történő felépülést a lábadozás ideje alatt, illetve macskák májlipidosisa esetén. A magas energiatartalmú eledel magas koncentrációban tartalmaz esszeciális tápanyagokat és könnyen emészthető összetevőket. JAVALLATOK: Alkalmazza a Recovery ultrasoft mousset amíg a felépülés be nem fejeződik. Alkalmazása állatorvosi felügyelet mellett. Teljes értékű diétás állateledel macskák és kutyák részére MAGAS ENERGIATARTALOM Magas energiasűrűség, mely csökkentett etetési adaggal is biztosítja a napi energiaszükségleteket. KÖNNYEN ETETHETŐ TÁPSZONDÁN ÁT Speciális textúra a fecskendővel vagy tápszondán keresztül történő asszisztált tápláláshoz. MAGAS FEHÉRJETARTALOM A magas fehérjeszint segít a kórházi ápolás és lábadozás alatt megőrizni az izomtömeget. ÖSSZETÉTEL: hús és állati származékok, olajok és zsírok, gabonafélék, növényi eredetű származékok, tej és tejszármazékok, ásványi anyagok, különféle cukrok, élesztők. Könnyen emészthető összetevők: baromfi és sertés származékok, kazeinát, kukoricakeményítő keverék. ADALÉKANYAGOK (kilogrammonként): Tápértékkel rendelkező adalékanyagok: A vitamin: 1500 NE, D3 vitamin: 190 NE, Vas (3b103): 12 mg, Jód (3b202): 0,6 mg, Réz (3b405, 3b406): 2,5 mg, Mangán (3b502, 3b503, 3b504): 10,1 mg, Cink (3b603, 3b605, 3b606): 37 mg. ANALITIKAI ÖSSZETEVŐK: Nyersfehérje: 12,7 % – Zsírtartalom: 6,4 % – Nyershamu: 2,3 % – Nyersrost: 1,7 % – Nedvesség: 73 % – Zsírsavak: omega-3: 0,68 %, omega-6: 1,5 % – Metabolizálható energia: 1183 kcal/kg. Testsúly Lábadozás, kennelnyugalom Megnövekedett energiaszükséglet, lábadozás vége 2 kg 93 g 120 g 2,5 kg 110 g 141 g 3 kg 126 g 161 g 3,5 kg 141 g 179 g 4 kg 156 g 197 g 4,5 kg 171 g 214 g 5 kg 185 g 231 g 5,5 kg 199 g 247 g 6 kg 212 g 263 g 6,5 kg 225 g 278 g 7 kg 238 g 293 g 7,5 kg 251 g 308 g 8 kg 263 g 323 g 8,5 kg 275 g 337 g 9 kg 287 g 351 g 9,5 kg 299 g 365 g 10 kg 311 g 378 g Tovább olvasok"}
{"breadcrumb": "Főoldal/Kutya/Eledelek/Gyógyhatású eledelek/Royal Canin Veterinary Renal select vesebetegség ckd száraz kutyaeledel 2kg", "product_name": "Royal Canin Veterinary Renal select vesebetegség ckd száraz kutyaeledel 2kgRoyal Canin Veterinary Renal select vesebetegség ckd száraz kutyaeledel 2kg", "brand": "Royal CaninVeterinary Health Nutrition1,1kg – 4kgFelnőttszárnyasvesekímélő", "regular_price": "8699", "selling_price": "", "price_per_unit": "1 kg=4350 Ft", "product_url": "https://webshop.fressnapf.hu/termekek/royal-canin-veterinary-renal-select-vesebetegseg-ckd-szaraz-kutyaeledel-2kg/", "product_description": "Fontos megjegyzés Az állatorvosi diétás eledel csak állatorvossal való konzultációt követően adható. Az állatorvosi diétás eledel alkalmazásakor legalább 6 havonta ellenőrzés céljából állatorvoshoz kell fordulni. Ha a háziállat állapota az etetés során romlana, azonnal állatorvoshoz kell fordulni. A kiválasztott diétás eledel kiválasztásával és a kosárba helyezésével Ön megerősíti, hogy a fenti utasításokat elolvasta és megértette. A ROYAL CANIN® RENAL SELECT száraz állateledel komplett diétás kutyaeledel, amely krónikus veseelégtelenség esetén támogatja a veseműködést, korlátozott mennyiségű foszfor- és csökkentett, de kiváló minőségű fehérjetartalmának köszönhetően. JAVALLATOK: Az alkalmazás illetve az alkalmazás idejének meghosszabbítása előtt javasolt állatorvos véleményét kikérni. A RENAL SELECT száraz eledelt krónikus veseelégtelenség esetén kezdetben 6 hónapig alkalmazza. Teljes értékű diétás állateledel felnőtt kutyák számára TÁMOGATJA A VESEMŰKÖDÉST A veseműködés támogatására ajánlott, alacsony foszfortartalmú és mérsékelt, de magas minőségű fehérjét tartalmaz, ezzel javítva a kutya életminőségét ADAPTÁLT ENERGIATARTALOM Az adaptált energiatartalom csökkenti a szükséges táplálék mennyiségét és segít ellensúlyozni a csökkent étvágyat. AROMÁS VÁLASZTÉK A speciális aromaprofil a különleges tápszemcse formával együtt segít stimulálni a kutya étvágyát, különösen táplálék averzió esetén. ÖSSZETÉTEL: rizs, kukoricaliszt, állati zsiradékok, kukorica, dehidratált baromfifehérje, hidrolizált állati fehérjék, cukorrépapép, búzaglutén*, halolaj, ásványi sók, növényi rostok, szójaolaj, psyllium (útifű) maghéj és mag, frukto-oligoszacharidok, palmitin- és sztearinsavak citromsavval észterezett mono- és digliceridjei, bársonyvirág kivonat (lutein forrás). Fehérjeforrások: dehidratált baromfifehérje, hidrolizált állati fehérjék, búzaglutén*. ADALÉKANYAGOK (kilogrammonként): Tápértékkel rendelkező adalékanyagok: A vitamin: 15500 NE, D3 vitamin: 1000 NE, Vas (3b103): 46 mg, Jód (3b201, 3b202): 4,6 mg, Réz (3b405, 3b406): 14 mg, Mangán (3b502, 3b504): 60 mg, Cink (3b603, 3b605, 3b606): 152 mg, Szelén (3b801, 3b811, 3b812): 0,06 mg – Technológiai adalékanyagok: Üledékes eredetű klinoptilolit: 5 g – Tartósítószerek – Antioxidánsok. ANALITIKAI ÖSSZETEVŐK: Nyersfehérje: 12,5 % – Zsírtartalom: 18,0 % – Nyershamu: 4,4 % – Nyersrost: 2,4 % – Kalcium: 0,6 % – Foszfor: 0,3 % – Kálium: 0,6 % – Nátrium: 0,35 % – Esszenciális zsírsav (linolsav): 3,87 % – EPA/DHA: 0,47 %. A kutya súlya Sovány Normál Túlsúlyos g / nap g / nap g / nap 2 kg 53 g 47 g 40 g 4 kg 89 g 78 g 68 g 6 kg 121 g 106 g 92 g 8 kg 150 g 132 g 114 g 10 kg 177 g 156 g 135 g 15 kg 240 g 212 g 183 g 20 kg 298 g 262 g 227 g 25 kg 353 g 310 g 268 g 30 kg 404 g 356 g 307 g 35 kg 454 g 399 g 345 g 40 kg 502 g 441 g 381 g 45 kg 548 g 482 g 416 g 50 kg 593 g 522 g 451 g 55 kg 637 g 560 g 484 g 60 kg 680 g 598 g 517 g 65 kg 722 g 635 g 549 g 70 kg 763 g 672 g 580 g 75 kg 804 g 707 g 611 g 80 kg 844 g 742 g 641 g Tovább olvasok"}
{"breadcrumb": "Főoldal/Kutya/Eledelek/Gyógyhatású eledelek/Royal Canin Veterinary Renal small vesebetegség ckd kistestű száraz kutyaeledel 1,5kg", "product_name": "Royal Canin Veterinary Renal small vesebetegség ckd kistestű száraz kutyaeledel 1,5kgRoyal Canin Veterinary Renal small vesebetegség ckd kistestű száraz kutyaeledel 1,5kg", "brand": "Royal CaninVeterinary Health Nutrition1,1kg – 4kgFelnőtthús és állati származékokvesekímélőkistestű 10kg-ig", "regular_price": "6499", "selling_price": "", "price_per_unit": "1 kg=4333 Ft", "product_url": "https://webshop.fressnapf.hu/termekek/royal-canin-veterinary-renal-small-vesebetegseg-ckd-kistestu-szaraz-kutyaeledel-15kg/", "product_description": "Fontos megjegyzés Az állatorvosi diétás eledel csak állatorvossal való konzultációt követően adható. Az állatorvosi diétás eledel alkalmazásakor legalább 6 havonta ellenőrzés céljából állatorvoshoz kell fordulni. Ha a háziállat állapota az etetés során romlana, azonnal állatorvoshoz kell fordulni. A kiválasztott diétás eledel kiválasztásával és a kosárba helyezésével Ön megerősíti, hogy a fenti utasításokat elolvasta és megértette. A ROYAL CANIN® RENAL SMALL DOG száraz állateledel komplett diétás kutyaeledel, amely krónikus veseelégtelenség esetén támogatja a veseműködést, korlátozott mennyiségű foszfor- és csökkentett, de kiváló minőségű fehérjetartalmának köszönhetően. JAVALLATOK: Az alkalmazás illetve az alkalmazás idejének meghosszabbítása előtt javasolt állatorvos véleményét kikérni. A RENAL SMALL DOG száraz eledelt krónikus veseelégtelenség esetén kezdetben 6 hónapig alkalmazza. Teljes értékű diétás állateledel felnőtt kutyák számára TÁMOGATJA A VESEMŰKÖDÉST : A veseműködés támogatására ajánlott, alacsony foszfortartalmú és mérsékelt, de magas minőségű fehérjét tartalmaz, ezzel javítva a kutya életminőségét. ADAPTÁLT ENERGIATARTALOM : Az adaptált energiatartalom csökkenti a szükséges táplálék mennyiségét és segít ellensúlyozni a csökkent étvágyat. AROMÁS VÁLASZTÉK : A speciális aromaprofil a különleges tápszemcse mérettel együtt segít stimulálni a kistestű kutya étvágyát, különösen táplálék averzió esetén. ÖSSZETÉTEL: rizs, kukoricaliszt, állati zsiradékok, kukoricaglutén, kukorica, hidrolizált állati fehérjék, cukorrépapép, búzaglutén*, ásványi sók, halolaj, növényi rostok, szójaolaj, psyllium (útifű) maghéj és mag, frukto-oligoszacharidok, palmitin- és sztearinsavak citromsavval észterezett mono- és digliceridjei, bársonyvirág kivonat (lutein forrás). Fehérjeforrások: kukoricaglutén, hidrolizált állati fehérjék, búzaglutén*. ADALÉKANYAGOK (kilogrammonként): Tápértékkel rendelkező adalékanyagok: A vitamin: 15500 NE, D3 vitamin: 1000 NE, Vas (3b103): 40 mg, Jód (3b201, 3b202): 4 mg, Réz (3b405, 3b406): 12 mg, Mangán (3b502, 3b504): 52 mg, Cink (3b603, 3b605, 3b606): 156 mg, Szelén (3b801, 3b811, 3b812): 0,05 mg – Technológiai adalékanyagok: Üledékes eredetű klinoptilolit: 5 g – Tartósítószerek – Antioxidánsok. ANALITIKAI ÖSSZETEVŐK: Nyersfehérje: 14,0 % – Zsírtartalom: 18,0 % – Nyershamu: 4,0 % – Nyersrost: 2,4 % – Kalcium: 0,4 % – Foszfor: 0,2 % – Kálium: 0,6 % – Nátrium: 0,35 % – Esszenciális zsírsav (linolsav): 4 % – EPA/DHA: 0,55 %. *L.I.P.: kitűnően emészthető, válogatott fehérje. A kutya súlya Sovány Normál Túlsúlyos gramm/nap gramm/nap gramm/nap 2 kg 53 g 46 g 40 g 2,5 kg 62 g 55 g 47 g 3 kg 72 g 63 g 54 g 3,5 kg 80 g 71 g 61 g 4 kg 89 g 78 g 67 g 4,5 kg 97 g 85 g 74 g 5 kg 105 g 92 g 80 g 5,5 kg 113 g 99 g 86 g 6 kg 120 g 106 g 91 g 6,5 kg 128 g 112 g 97 g 7 kg 135 g 119 g 103 g 7,5 kg 142 g 125 g 108 g 8 kg 149 g 131 g 113 g 8,5 kg 156 g 137 g 119 g 9 kg 163 g 143 g 124 g 9,5 kg 170 g 149 g 129 g 10 kg 176 g 155 g 134 g Tovább olvasok"}
{"breadcrumb": "Főoldal/Kutya/Eledelek/Gyógyhatású eledelek/Royal Canin Veterinary Renal small vesebetegség ckd kistestű száraz kutyaeledel 3,5kg", "product_name": "Royal Canin Veterinary Renal small vesebetegség ckd kistestű száraz kutyaeledel 3,5kgRoyal Canin Veterinary Renal small vesebetegség ckd kistestű száraz kutyaeledel 3,5kg", "brand": "Royal CaninVeterinary Health Nutrition1,1kg – 4kgFelnőtthús és állati származékokvesekímélőkistestű 10kg-ig", "regular_price": "14599", "selling_price": "", "price_per_unit": "1 kg=4171 Ft", "product_url": "https://webshop.fressnapf.hu/termekek/royal-canin-veterinary-renal-small-vesebetegseg-ckd-kistestu-szaraz-kutyaeledel-35kg/", "product_description": "Fontos megjegyzés Az állatorvosi diétás eledel csak állatorvossal való konzultációt követően adható. Az állatorvosi diétás eledel alkalmazásakor legalább 6 havonta ellenőrzés céljából állatorvoshoz kell fordulni. Ha a háziállat állapota az etetés során romlana, azonnal állatorvoshoz kell fordulni. A kiválasztott diétás eledel kiválasztásával és a kosárba helyezésével Ön megerősíti, hogy a fenti utasításokat elolvasta és megértette. A ROYAL CANIN® RENAL SMALL DOG száraz állateledel komplett diétás kutyaeledel, amely krónikus veseelégtelenség esetén támogatja a veseműködést, korlátozott mennyiségű foszfor- és csökkentett, de kiváló minőségű fehérjetartalmának köszönhetően. JAVALLATOK: Az alkalmazás illetve az alkalmazás idejének meghosszabbítása előtt javasolt állatorvos véleményét kikérni. A RENAL SMALL DOG száraz eledelt krónikus veseelégtelenség esetén kezdetben 6 hónapig alkalmazza. Teljes értékű diétás állateledel felnőtt kutyák számára TÁMOGATJA A VESEMŰKÖDÉST : A veseműködés támogatására ajánlott, alacsony foszfortartalmú és mérsékelt, de magas minőségű fehérjét tartalmaz, ezzel javítva a kutya életminőségét. ADAPTÁLT ENERGIATARTALOM : Az adaptált energiatartalom csökkenti a szükséges táplálék mennyiségét és segít ellensúlyozni a csökkent étvágyat. AROMÁS VÁLASZTÉK : A speciális aromaprofil a különleges tápszemcse mérettel együtt segít stimulálni a kistestű kutya étvágyát, különösen táplálék averzió esetén. ÖSSZETÉTEL: rizs, kukoricaliszt, állati zsiradékok, kukoricaglutén, kukorica, hidrolizált állati fehérjék, cukorrépapép, búzaglutén*, ásványi sók, halolaj, növényi rostok, szójaolaj, psyllium (útifű) maghéj és mag, frukto-oligoszacharidok, palmitin- és sztearinsavak citromsavval észterezett mono- és digliceridjei, bársonyvirág kivonat (lutein forrás). Fehérjeforrások: kukoricaglutén, hidrolizált állati fehérjék, búzaglutén*. ADALÉKANYAGOK (kilogrammonként): Tápértékkel rendelkező adalékanyagok: A vitamin: 15500 NE, D3 vitamin: 1000 NE, Vas (3b103): 40 mg, Jód (3b201, 3b202): 4 mg, Réz (3b405, 3b406): 12 mg, Mangán (3b502, 3b504): 52 mg, Cink (3b603, 3b605, 3b606): 156 mg, Szelén (3b801, 3b811, 3b812): 0,05 mg – Technológiai adalékanyagok: Üledékes eredetű klinoptilolit: 5 g – Tartósítószerek – Antioxidánsok. ANALITIKAI ÖSSZETEVŐK: Nyersfehérje: 14,0 % – Zsírtartalom: 18,0 % – Nyershamu: 4,0 % – Nyersrost: 2,4 % – Kalcium: 0,4 % – Foszfor: 0,2 % – Kálium: 0,6 % – Nátrium: 0,35 % – Esszenciális zsírsav (linolsav): 4 % – EPA/DHA: 0,55 %. *L.I.P.: kitűnően emészthető, válogatott fehérje. A kutya súlya Sovány Normál Túlsúlyos gramm/nap gramm/nap gramm/nap 2 kg 53 g 46 g 40 g 2,5 kg 62 g 55 g 47 g 3 kg 72 g 63 g 54 g 3,5 kg 80 g 71 g 61 g 4 kg 89 g 78 g 67 g 4,5 kg 97 g 85 g 74 g 5 kg 105 g 92 g 80 g 5,5 kg 113 g 99 g 86 g 6 kg 120 g 106 g 91 g 6,5 kg 128 g 112 g 97 g 7 kg 135 g 119 g 103 g 7,5 kg 142 g 125 g 108 g 8 kg 149 g 131 g 113 g 8,5 kg 156 g 137 g 119 g 9 kg 163 g 143 g 124 g 9,5 kg 170 g 149 g 129 g 10 kg 176 g 155 g 134 g Tovább olvasok"}
{"breadcrumb": "Főoldal/Kutya/Eledelek/Gyógyhatású eledelek/Royal Canin Veterinary Renal vesebetegség ckd alutasak kutyaeledel 12x100g", "product_name": "Royal Canin Veterinary Renal vesebetegség ckd alutasak kutyaeledel 12x100gRoyal Canin Veterinary Renal vesebetegség ckd alutasak kutyaeledel 12x100g", "brand": "Royal CaninVeterinary Health Nutrition0g – 100gFelnőttvegyesszószbanvesekímélőtasak", "regular_price": "5508", "selling_price": "", "price_per_unit": "459 Ft", "product_url": "https://webshop.fressnapf.hu/termekek/royal-canin-veterinary-renal-vesebetegseg-ckd-alutasak-kutyaeledel-12x100g/", "product_description": "Fontos megjegyzés Az állatorvosi diétás eledel csak állatorvossal való konzultációt követően adható. Az állatorvosi diétás eledel alkalmazásakor legalább 6 havonta ellenőrzés céljából állatorvoshoz kell fordulni. Ha a háziállat állapota az etetés során romlana, azonnal állatorvoshoz kell fordulni. A kiválasztott diétás eledel kiválasztásával és a kosárba helyezésével Ön megerősíti, hogy a fenti utasításokat elolvasta és megértette. A ROYAL CANIN® RENAL vékony szeletek pecsenyelében komplett diétás kutyaeledel, amely krónikus veseelégtelenség esetén támogatja a veseműködést, korlátozott mennyiségű foszfor- és csökkentett, de kiváló minőségű fehérjetartalmának köszönhetően. JAVALLATOK: Az alkalmazás illetve az alkalmazás idejének meghosszabbítása előtt javasolt állatorvos véleményét kikérni. A RENAL állateledel alkalmazása krónikus veseelégtelenség esetén kezdetben 6 hónapig ajánlott. Teljes értékű diétás állateledel felnőtt kutyák számára TÁMOGATJA A VESEMŰKÖDÉST A veseműködés támogatására ajánlott, alacsony foszfortartalmú és mérsékelt, de magas minőségű fehérjét tartalmaz, ezzel javítva a kutya életminőségét. KÖNNYEN KEVERHETŐ Kevert etetés esetén a pecsenyelében lévő vékony szeletek állaga megkönnyíti a ROYAL CANIN® RENAL száraz, diétás kutyatáppal való elegyítést. AROMÁS VÁLASZTÉK A speciális aromaprofil a különleges állaggal együtt segít stimulálni a kutya étvágyát, különösen táplálék averzió esetén. ÖSSZETÉTEL: hús és állati származékok, gabonafélék, olajok és zsírok, növényi eredetű származékok, ásványi anyagok, különféle cukrok. Fehérjeforrások: csirke, marha, sertés. ADALÉKANYAGOK (kilogrammonként): Tápértékkel rendelkező adalékanyagok: D3 vitamin: 250 NE, Vas (3b103): 10 mg, Jód (3b202): 0,3 mg, Réz (3b405, 3b406): 2,6 mg, Mangán (3b502, 3b503, 3b504): 3 mg, Cink (3b603, 3b605, 3b606): 30 mg – Technológiai adalékanyagok: Üledékes eredetű klinoptilolit: 0,4 g. ANALITIKAI ÖSSZETEVŐK: Nyersfehérje: 3,7 % – Nyersolajok és -zsírok: 6,0 % – Nyershamu: 1,2 % – Nyersrost: 0,6 % – Nedvesség: 80,0 % – Kalcium: 0,15 % – Foszfor: 0,08 % – Kálium: 0,17 % – Nátrium: 0,09 % – Esszenciális zsírsav (linolsav): 1,6 %. Kutya súlya Sovány Normál Túlsúlyos (g) (g) (g) 2 212 186 161 4 356 314 271 6 483 425 367 8 599 527 456 10 709 624 539 15 960 845 730 20 1192 1049 906 25 1409 1240 1071 30 1615 1421 1228 35 1813 1596 1378 40 2004 1764 1523 45 2189 1927 1664 50 2369 2085 1801 55 2545 2240 1934 60 2717 2391 2065 70 3049 2684 2318 80 3371 2966 2562 Tovább olvasok"}
{"breadcrumb": "Főoldal/Kutya/Eledelek/Gyógyhatású eledelek/Royal Canin Veterinary Renal vesebetegség ckd kutya konzerv 12x410g", "product_name": "Royal Canin Veterinary Renal vesebetegség ckd kutya konzerv 12x410gRoyal Canin Veterinary Renal vesebetegség ckd kutya konzerv 12x410g", "brand": "Royal CaninVeterinary Health Nutrition401g – 600gFelnőttvegyespástétomvesekímélőkonzerv", "regular_price": "24588", "selling_price": "", "price_per_unit": "2 049 Ft", "product_url": "https://webshop.fressnapf.hu/termekek/royal-canin-veterinary-renal-vesebetegseg-ckd-kutya-konzerv-410g/", "product_description": "Fontos megjegyzés Az állatorvosi diétás eledel csak állatorvossal való konzultációt követően adható. Az állatorvosi diétás eledel alkalmazásakor legalább 6 havonta ellenőrzés céljából állatorvoshoz kell fordulni. Ha a háziállat állapota az etetés során romlana, azonnal állatorvoshoz kell fordulni. A kiválasztott diétás eledel kiválasztásával és a kosárba helyezésével Ön megerősíti, hogy a fenti utasításokat elolvasta és megértette. A ROYAL CANIN® RENAL pépes állagú komplett diétás kutyaeledel, amely krónikus veseelégtelenség esetén támogatja a veseműködést, korlátozott mennyiségű foszfor- és csökkentett, de kiváló minőségű fehérjetartalmának köszönhetően. JAVALLATOK: Az alkalmazás illetve az alkalmazás idejének meghosszabbítása előtt javasolt állatorvos véleményét kikérni. A RENAL eledel alkalmazása krónikus veseelégtelenség esetén kezdetben 6 hónapig ajánlott. Teljes értékű diétás állateledel felnőtt kutyák számára TÁMOGATJA A VESEMŰKÖDÉST A veseműködés támogatására ajánlott, alacsony foszfortartalmú és mérsékelt, de magas minőségű fehérjét tartalmaz, ezzel javítva a kutya életminőségét. ADAPTÁLT ENERGIATARTALOM Az adaptált energiatartalom csökkenti a szükséges táplálék mennyiségét és segít ellensúlyozni a csökkent étvágyat. AROMÁS VÁLASZTÉK A speciális aromaprofil a különleges állaggal együtt segít stimulálni a kutya étvágyát, különösen táplálék averzió esetén. ÖSSZETÉTEL: hús és állati származékok, gabonafélék, olajok és zsírok, növényi eredetű származékok, ásványi anyagok, különféle cukrok. Fehérjeforrások: csirke, sertés. ADALÉKANYAGOK (kilogrammonként): Tápértékkel rendelkező adalékanyagok: D3 vitamin: 430 NE, Vas (3b103): 13 mg, Jód (3b202): 0,5 mg, Réz (3b405, 3b406): 4,1 mg, Mangán (3b502, 3b503, 3b504): 3,9 mg, Cink (3b603, 3b605, 3b606): 39 mg – Technológiai adalékanyagok: Üledékes eredetű klinoptilolit: 0,4 g. ANALITIKAI ÖSSZETEVŐK: Nyersfehérje: 5,4 % – Zsírtartalom: 9,0 % – Nyershamu: 1,7 % – Nyersrost: 1,0 % – Nedvesség: 66,0 % – Kalcium: 0,17 % – Foszfor: 0,11 % – Kálium: 0,28 % – Nátrium: 0,17 % – Esszenciális zsírsav (linolsav): 2,9 %. Testsúly Sovány Normál Túlsúly 2 kg 1/4 1/4 1/4 3 kg 1/2 1/4 1/4 4 kg 1/2 1/2 1/2 5 kg 1/2 1/2 1/2 6 kg 3/4 1/2 1/2 7 kg 3/4 3/4 1/2 8 kg 3/4 3/4 3/4 9 kg 1 3/4 3/4 10 kg 1 1 3/4 15 kg 1 1/2 1 1/4 1 20 kg 1 3/4 1 1/2 1 1/2 25 kg 2 1 3/4 1 1/2 30 kg 2 1/4 2 1 3/4 35 kg 2 1/2 2 1/4 2 40 kg 3 2 1/2 2 1/4 Tovább olvasok"}
{"breadcrumb": "Főoldal/Kutya/Eledelek/Gyógyhatású eledelek/Royal Canin Veterinary Renal vesebetegség ckd száraz kutyaeledel 14kg", "product_name": "Royal Canin Veterinary Renal vesebetegség ckd száraz kutyaeledel 14kgRoyal Canin Veterinary Renal vesebetegség ckd száraz kutyaeledel 14kg", "brand": "Royal CaninVeterinary Health Nutrition12,1kg – 15kgFelnőtthús és állati származékokvesekímélő", "regular_price": "39999", "selling_price": "", "price_per_unit": "1 kg=2857 Ft", "product_url": "https://webshop.fressnapf.hu/termekek/royal-canin-veterinary-renal-vesebetegseg-ckd-szaraz-kutyaeledel-14kg/", "product_description": "Fontos megjegyzés Az állatorvosi diétás eledel csak állatorvossal való konzultációt követően adható. Az állatorvosi diétás eledel alkalmazásakor legalább 6 havonta ellenőrzés céljából állatorvoshoz kell fordulni. Ha a háziállat állapota az etetés során romlana, azonnal állatorvoshoz kell fordulni. A kiválasztott diétás eledel kiválasztásával és a kosárba helyezésével Ön megerősíti, hogy a fenti utasításokat elolvasta és megértette. A ROYAL CANIN® RENAL száraz eledel komplett diétás kutyaeledel, amely krónikus veseelégtelenség esetén támogatja a veseműködést, korlátozott mennyiségű foszfor- és csökkentett, de kiváló minőségű fehérjetartalmának köszönhetően. JAVALLATOK: Az alkalmazás illetve az alkalmazás idejének meghosszabbítása előtt javasolt állatorvos véleményét kikérni. A RENAL száraz eledelt krónikus veseelégtelenség esetén kezdetben 6 hónapig alkalmazza. Az adaptált energiatartalom csökkenti a szükséges táplálék mennyiségét és segít ellensúlyozni a csökkent étvágyat. TÁMOGATJA A VESEMŰKÖDÉST A veseműködés támogatására ajánlott, alacsony foszfortartalmú és mérsékelt, de magas minőségű fehérjét tartalmaz, ezzel javítva a kutya életminőségét. ADAPTÁLT ENERGIATARTALOM Az adaptált energiatartalom csökkenti a szükséges táplálék mennyiségét és segít ellensúlyozni a csökkent étvágyat. AROMÁS VÁLASZTÉK A speciális aromaprofil a különleges tápszemcse formával együtt segít stimulálni a kutya étvágyát, különösen táplálék averzió esetén. ÖSSZETÉTEL: rizs, kukoricaliszt, állati zsiradékok, kukoricaglutén, kukorica, hidrolizált állati fehérjék, cukorrépapép, búzaglutén*, ásványi sók, halolaj, növényi rostok, szójaolaj, psyllium (útifű) maghéj és mag, frukto-oligoszacharidok, palmitin- és sztearinsavak citromsavval észterezett mono- és digliceridjei, bársonyvirág kivonat (lutein forrás). Fehérjeforrások: kukoricaglutén, hidrolizált állati fehérjék, búzaglutén*. ADALÉKANYAGOK (kilogrammonként): Tápértékkel rendelkező adalékanyagok: A vitamin: 15500 NE, D3 vitamin: 1000 NE, Vas (3b103): 40 mg, Jód (3b201, 3b202): 4 mg, Réz (3b405, 3b406): 12 mg, Mangán (3b502, 3b504): 52 mg, Cink (3b603, 3b605, 3b606): 156 mg, Szelén (3b801, 3b811, 3b812): 0,05 mg – Technológiai adalékanyagok: Üledékes eredetű klinoptilolit: 5 g – Tartósítószerek – Antioxidánsok. ANALITIKAI ÖSSZETEVŐK: Nyersfehérje: 14,0 % – Zsírtartalom: 18,0 % – Nyershamu: 4,0 % – Nyersrost: 2,4 % – Kalcium: 0,4 % – Foszfor: 0,2 % – Kálium: 0,6 % – Nátrium: 0,35 % – Esszenciális zsírsav (linolsav): 4 % – EPA/DHA: 0,47 %. Testsúly Sovány Normál Túlsúly 2 kg 53 g 46 g 40 g 4 kg 89 g 78 g 67 g 6 kg 120 g 106 g 91 g 8 kg 149 g 131 g 113 g 10 kg 176 g 155 g 134 g 15 kg 239 g 210 g 182 g 20 kg 297 g 261 g 226 g 25 kg 351 g 309 g 267 g 30 kg 402 g 354 g 306 g 35 kg 451 g 397 g 343 g 40 kg 499 g 439 g 379 g 45 kg 545 g 480 g 414 g 50 kg 590 g 519 g 448 g 55 kg 634 g 558 g 482 g 60 kg 676 g 595 g 514 g 65 kg 718 g 632 g 546 g 70 kg 759 g 668 g 577 g 80 kg 839 g 739 g 638 g Tovább olvasok"}
{"breadcrumb": "Főoldal/Kutya/Eledelek/Gyógyhatású eledelek/Royal Canin Veterinary Renal vesebetegség ckd száraz kutyaeledel 2kg", "product_name": "Royal Canin Veterinary Renal vesebetegség ckd száraz kutyaeledel 2kgRoyal Canin Veterinary Renal vesebetegség ckd száraz kutyaeledel 2kg", "brand": "Royal CaninVeterinary Health Nutrition1,1kg – 4kgFelnőtthús és állati származékokvesekímélő", "regular_price": "8049", "selling_price": "", "price_per_unit": "1 kg=4025 Ft", "product_url": "https://webshop.fressnapf.hu/termekek/royal-canin-veterinary-renal-vesebetegseg-ckd-szaraz-kutyaeledel-2kg/", "product_description": "Fontos megjegyzés Az állatorvosi diétás eledel csak állatorvossal való konzultációt követően adható. Az állatorvosi diétás eledel alkalmazásakor legalább 6 havonta ellenőrzés céljából állatorvoshoz kell fordulni. Ha a háziállat állapota az etetés során romlana, azonnal állatorvoshoz kell fordulni. A kiválasztott diétás eledel kiválasztásával és a kosárba helyezésével Ön megerősíti, hogy a fenti utasításokat elolvasta és megértette. A ROYAL CANIN® RENAL száraz eledel komplett diétás kutyaeledel, amely krónikus veseelégtelenség esetén támogatja a veseműködést, korlátozott mennyiségű foszfor- és csökkentett, de kiváló minőségű fehérjetartalmának köszönhetően. JAVALLATOK: Az alkalmazás illetve az alkalmazás idejének meghosszabbítása előtt javasolt állatorvos véleményét kikérni. A RENAL száraz eledelt krónikus veseelégtelenség esetén kezdetben 6 hónapig alkalmazza. Az adaptált energiatartalom csökkenti a szükséges táplálék mennyiségét és segít ellensúlyozni a csökkent étvágyat. TÁMOGATJA A VESEMŰKÖDÉST A veseműködés támogatására ajánlott, alacsony foszfortartalmú és mérsékelt, de magas minőségű fehérjét tartalmaz, ezzel javítva a kutya életminőségét. ADAPTÁLT ENERGIATARTALOM Az adaptált energiatartalom csökkenti a szükséges táplálék mennyiségét és segít ellensúlyozni a csökkent étvágyat. AROMÁS VÁLASZTÉK A speciális aromaprofil a különleges tápszemcse formával együtt segít stimulálni a kutya étvágyát, különösen táplálék averzió esetén. ÖSSZETÉTEL: rizs, kukoricaliszt, állati zsiradékok, kukoricaglutén, kukorica, hidrolizált állati fehérjék, cukorrépapép, búzaglutén*, ásványi sók, halolaj, növényi rostok, szójaolaj, psyllium (útifű) maghéj és mag, frukto-oligoszacharidok, palmitin- és sztearinsavak citromsavval észterezett mono- és digliceridjei, bársonyvirág kivonat (lutein forrás). Fehérjeforrások: kukoricaglutén, hidrolizált állati fehérjék, búzaglutén*. ADALÉKANYAGOK (kilogrammonként): Tápértékkel rendelkező adalékanyagok: A vitamin: 15500 NE, D3 vitamin: 1000 NE, Vas (3b103): 40 mg, Jód (3b201, 3b202): 4 mg, Réz (3b405, 3b406): 12 mg, Mangán (3b502, 3b504): 52 mg, Cink (3b603, 3b605, 3b606): 156 mg, Szelén (3b801, 3b811, 3b812): 0,05 mg – Technológiai adalékanyagok: Üledékes eredetű klinoptilolit: 5 g – Tartósítószerek – Antioxidánsok. ANALITIKAI ÖSSZETEVŐK: Nyersfehérje: 14,0 % – Zsírtartalom: 18,0 % – Nyershamu: 4,0 % – Nyersrost: 2,4 % – Kalcium: 0,4 % – Foszfor: 0,2 % – Kálium: 0,6 % – Nátrium: 0,35 % – Esszenciális zsírsav (linolsav): 4 % – EPA/DHA: 0,47 %. Testsúly Sovány Normál Túlsúly 2 kg 53 g 46 g 40 g 4 kg 89 g 78 g 67 g 6 kg 120 g 106 g 91 g 8 kg 149 g 131 g 113 g 10 kg 176 g 155 g 134 g 15 kg 239 g 210 g 182 g 20 kg 297 g 261 g 226 g 25 kg 351 g 309 g 267 g 30 kg 402 g 354 g 306 g 35 kg 451 g 397 g 343 g 40 kg 499 g 439 g 379 g 45 kg 545 g 480 g 414 g 50 kg 590 g 519 g 448 g 55 kg 634 g 558 g 482 g 60 kg 676 g 595 g 514 g 65 kg 718 g 632 g 546 g 70 kg 759 g 668 g 577 g 80 kg 839 g 739 g 638 g Tovább olvasok"}
{"breadcrumb": "Főoldal/Kutya/Eledelek/Gyógyhatású eledelek/Royal Canin Veterinary Renal vesebetegség ckd száraz kutyaeledel 7kg", "product_name": "Royal Canin Veterinary Renal vesebetegség ckd száraz kutyaeledel 7kgRoyal Canin Veterinary Renal vesebetegség ckd száraz kutyaeledel 7kg", "brand": "Royal CaninVeterinary Health Nutrition4,1kg – 10kgFelnőtthús és állati származékokvesekímélő", "regular_price": "22399", "selling_price": "", "price_per_unit": "1 kg=3200 Ft", "product_url": "https://webshop.fressnapf.hu/termekek/royal-canin-veterinary-renal-vesebetegseg-ckd-szaraz-kutyaeledel-7kg/", "product_description": "Fontos megjegyzés Az állatorvosi diétás eledel csak állatorvossal való konzultációt követően adható. Az állatorvosi diétás eledel alkalmazásakor legalább 6 havonta ellenőrzés céljából állatorvoshoz kell fordulni. Ha a háziállat állapota az etetés során romlana, azonnal állatorvoshoz kell fordulni. A kiválasztott diétás eledel kiválasztásával és a kosárba helyezésével Ön megerősíti, hogy a fenti utasításokat elolvasta és megértette. A ROYAL CANIN® RENAL száraz eledel komplett diétás kutyaeledel, amely krónikus veseelégtelenség esetén támogatja a veseműködést, korlátozott mennyiségű foszfor- és csökkentett, de kiváló minőségű fehérjetartalmának köszönhetően. JAVALLATOK: Az alkalmazás illetve az alkalmazás idejének meghosszabbítása előtt javasolt állatorvos véleményét kikérni. A RENAL száraz eledelt krónikus veseelégtelenség esetén kezdetben 6 hónapig alkalmazza. Az adaptált energiatartalom csökkenti a szükséges táplálék mennyiségét és segít ellensúlyozni a csökkent étvágyat. TÁMOGATJA A VESEMŰKÖDÉST A veseműködés támogatására ajánlott, alacsony foszfortartalmú és mérsékelt, de magas minőségű fehérjét tartalmaz, ezzel javítva a kutya életminőségét. ADAPTÁLT ENERGIATARTALOM Az adaptált energiatartalom csökkenti a szükséges táplálék mennyiségét és segít ellensúlyozni a csökkent étvágyat. AROMÁS VÁLASZTÉK A speciális aromaprofil a különleges tápszemcse formával együtt segít stimulálni a kutya étvágyát, különösen táplálék averzió esetén. ÖSSZETÉTEL: rizs, kukoricaliszt, állati zsiradékok, kukoricaglutén, kukorica, hidrolizált állati fehérjék, cukorrépapép, búzaglutén*, ásványi sók, halolaj, növényi rostok, szójaolaj, psyllium (útifű) maghéj és mag, frukto-oligoszacharidok, palmitin- és sztearinsavak citromsavval észterezett mono- és digliceridjei, bársonyvirág kivonat (lutein forrás). Fehérjeforrások: kukoricaglutén, hidrolizált állati fehérjék, búzaglutén*. ADALÉKANYAGOK (kilogrammonként): Tápértékkel rendelkező adalékanyagok: A vitamin: 15500 NE, D3 vitamin: 1000 NE, Vas (3b103): 40 mg, Jód (3b201, 3b202): 4 mg, Réz (3b405, 3b406): 12 mg, Mangán (3b502, 3b504): 52 mg, Cink (3b603, 3b605, 3b606): 156 mg, Szelén (3b801, 3b811, 3b812): 0,05 mg – Technológiai adalékanyagok: Üledékes eredetű klinoptilolit: 5 g – Tartósítószerek – Antioxidánsok. ANALITIKAI ÖSSZETEVŐK: Nyersfehérje: 14,0 % – Zsírtartalom: 18,0 % – Nyershamu: 4,0 % – Nyersrost: 2,4 % – Kalcium: 0,4 % – Foszfor: 0,2 % – Kálium: 0,6 % – Nátrium: 0,35 % – Esszenciális zsírsav (linolsav): 4 % – EPA/DHA: 0,47 %. Testsúly Sovány Normál Túlsúly 2 kg 53 g 46 g 40 g 4 kg 89 g 78 g 67 g 6 kg 120 g 106 g 91 g 8 kg 149 g 131 g 113 g 10 kg 176 g 155 g 134 g 15 kg 239 g 210 g 182 g 20 kg 297 g 261 g 226 g 25 kg 351 g 309 g 267 g 30 kg 402 g 354 g 306 g 35 kg 451 g 397 g 343 g 40 kg 499 g 439 g 379 g 45 kg 545 g 480 g 414 g 50 kg 590 g 519 g 448 g 55 kg 634 g 558 g 482 g 60 kg 676 g 595 g 514 g 65 kg 718 g 632 g 546 g 70 kg 759 g 668 g 577 g 80 kg 839 g 739 g 638 g Tovább olvasok"}
{"breadcrumb": "Főoldal/Kutya/Eledelek/Gyógyhatású eledelek/Royal Canin Veterinary Satiety wm fogyasztó száraz kutyaeledel 1,5kg", "product_name": "Royal Canin Veterinary Satiety wm fogyasztó száraz kutyaeledel 1,5kgRoyal Canin Veterinary Satiety wm fogyasztó száraz kutyaeledel 1,5kg", "brand": "Royal CaninVeterinary Health Nutrition1,1kg – 4kgFelnőttszárnyassúlycsökkentő diéta", "regular_price": "6799", "selling_price": "", "price_per_unit": "1 kg=4533 Ft", "product_url": "https://webshop.fressnapf.hu/termekek/royal-canin-veterinary-satiety-wm-fogyaszto-szaraz-kutyaeledel-15kg/", "product_description": "Fontos megjegyzés Az állatorvosi diétás eledel csak állatorvossal való konzultációt követően adható. Az állatorvosi diétás eledel alkalmazásakor legalább 6 havonta ellenőrzés céljából állatorvoshoz kell fordulni. Ha a háziállat állapota az etetés során romlana, azonnal állatorvoshoz kell fordulni. A kiválasztott diétás eledel kiválasztásával és a kosárba helyezésével Ön megerősíti, hogy a fenti utasításokat elolvasta és megértette. A ROYAL CANIN® SATIETY WEIGHT MANAGEMENT száraz állateledel a túlzott testtömeg csökkentésére összeállított teljes értékű diétás kutyaeledel. Alacsony energiasűrűség. JAVALLATOK: Felhasználás előtt állatorvos véleményének kikérése javasolt. A SATIETY WEIGHT MANAGEMENT száraz állateledelt alkalmazza a meghatározott testtömeg eléréséig, és azt követően, ha szükséges, a testtömeg fenntartása érdekében. A hatékony testsúlycsökkenés vagy az optimális testsúly megtartása érdekében az ajánlott napi energiabevitel nem léphető túl. Teljes értékű diétás állateledel felnőtt kutyák számára HATÉKONY TESTSÚLYKEZELÉS Elősegíti a biztonságos fogyást és segít elkerülni a visszahízást. A kutyák 97 %-a 3 hónapon belül lefogyott. KOLDULÁS SZABÁLYOZÁSA A magas természetes rosttartalom a táplálékfelvételek között is csillapítja a kutyák éhségérzetét. A kutyák 83 %-ánál segít szabályozni a fogyás alatti koldulást. IZOMTÖMEG FENNTARTÁSA A magas fehérjetartalom segít az egészséges fogyásban, valamint az izomtartalom megőrzésében. ÖSSZETÉTEL: növényi rostok, dehidratált baromfifehérje, búzaglutén*, manióka (tápióka), kukoricaglutén, hidrolizált állati fehérjék, búza, kukorica, állati zsiradékok, cukorrépapép, halolaj, ásványi sók, psyllium (útifű) maghéj és mag, szójaolaj, frukto-oligoszacharidok, glükózamin, bársonyvirág kivonat (lutein forrás), hidrolizált porc (kondroitin forrás). ADALÉKANYAGOK (kilogrammonként): Tápértékkel rendelkező adalékanyagok: A vitamin: 19000 NE, D3 vitamin: 1000 NE, Vas (3b103): 35 mg, Jód (3b201, 3b202): 3,5 mg, Réz (3b405, 3b406): 11 mg, Mangán (3b502, 3b504): 46 mg, Cink (3b603, 3b605, 3b606): 137 mg, Szelén (3b801, 3b811, 3b812): 0,06 mg – Tartósítószerek – Antioxidánsok. ANALITIKAI ÖSSZETEVŐK: Nyersfehérje: 30,0 % – Zsírtartalom: 9,5 % – Nyershamu: 5,8 % – Nyersrost: 17,0 % – Metabolizálható energia: 2668 kcal/kg. Ideális testsúly Diéta kezdetén 4 hét után Testsúly megtartásához 10 kg 148 g 126 g 139 g 12 kg 169 g 145 g 159 g 14 kg 190 g 163 g 179 g 16 kg 210 g 180 g 198 g 18 kg 229 g 197 g 216 g 20 kg 248 g 213 g 234 g 25 kg 293 g 251 g 277 g 30 kg 336 g 288 g 317 g 35 kg 378 g 324 g 356 g 40 kg 417 g 358 g 393 g 45 kg 456 g 391 g 430 g 50 kg 493 g 423 g 465 g 55 kg 530 g 454 g 500 g 60 kg 566 g 485 g 533 g 70 kg 635 g 544 g 599 g 80 kg 702 g 602 g 662 g 90 kg 767 g 657 g 723 g Tovább olvasok"}
{"breadcrumb": "Főoldal/Kutya/Eledelek/Gyógyhatású eledelek/Royal Canin Veterinary Satiety wm fogyasztó száraz kutyaeledel 12kg", "product_name": "Royal Canin Veterinary Satiety wm fogyasztó száraz kutyaeledel 12kgRoyal Canin Veterinary Satiety wm fogyasztó száraz kutyaeledel 12kg", "brand": "Royal CaninVeterinary Health Nutrition10,1 – 12kgFelnőttszárnyassúlycsökkentő diéta", "regular_price": "33699", "selling_price": "", "price_per_unit": "1 kg=2808 Ft", "product_url": "https://webshop.fressnapf.hu/termekek/royal-canin-veterinary-satiety-wm-fogyaszto-szaraz-kutyaeledel-12kg/", "product_description": "Fontos megjegyzés Az állatorvosi diétás eledel csak állatorvossal való konzultációt követően adható. Az állatorvosi diétás eledel alkalmazásakor legalább 6 havonta ellenőrzés céljából állatorvoshoz kell fordulni. Ha a háziállat állapota az etetés során romlana, azonnal állatorvoshoz kell fordulni. A kiválasztott diétás eledel kiválasztásával és a kosárba helyezésével Ön megerősíti, hogy a fenti utasításokat elolvasta és megértette. A ROYAL CANIN® SATIETY WEIGHT MANAGEMENT száraz állateledel a túlzott testtömeg csökkentésére összeállított teljes értékű diétás kutyaeledel. Alacsony energiasűrűség. JAVALLATOK: Felhasználás előtt állatorvos véleményének kikérése javasolt. A SATIETY WEIGHT MANAGEMENT száraz állateledelt alkalmazza a meghatározott testtömeg eléréséig, és azt követően, ha szükséges, a testtömeg fenntartása érdekében. A hatékony testsúlycsökkenés vagy az optimális testsúly megtartása érdekében az ajánlott napi energiabevitel nem léphető túl. Teljes értékű diétás állateledel felnőtt kutyák számára HATÉKONY TESTSÚLYKEZELÉS Elősegíti a biztonságos fogyást és segít elkerülni a visszahízást. A kutyák 97 %-a 3 hónapon belül lefogyott. KOLDULÁS SZABÁLYOZÁSA A magas természetes rosttartalom a táplálékfelvételek között is csillapítja a kutyák éhségérzetét. A kutyák 83 %-ánál segít szabályozni a fogyás alatti koldulást. IZOMTÖMEG FENNTARTÁSA A magas fehérjetartalom segít az egészséges fogyásban, valamint az izomtartalom megőrzésében. ÖSSZETÉTEL: növényi rostok, dehidratált baromfifehérje, búzaglutén*, manióka (tápióka), kukoricaglutén, hidrolizált állati fehérjék, búza, kukorica, állati zsiradékok, cukorrépapép, halolaj, ásványi sók, psyllium (útifű) maghéj és mag, szójaolaj, frukto-oligoszacharidok, glükózamin, bársonyvirág kivonat (lutein forrás), hidrolizált porc (kondroitin forrás). ADALÉKANYAGOK (kilogrammonként): Tápértékkel rendelkező adalékanyagok: A vitamin: 19000 NE, D3 vitamin: 1000 NE, Vas (3b103): 35 mg, Jód (3b201, 3b202): 3,5 mg, Réz (3b405, 3b406): 11 mg, Mangán (3b502, 3b504): 46 mg, Cink (3b603, 3b605, 3b606): 137 mg, Szelén (3b801, 3b811, 3b812): 0,06 mg – Tartósítószerek – Antioxidánsok. ANALITIKAI ÖSSZETEVŐK: Nyersfehérje: 30,0 % – Zsírtartalom: 9,5 % – Nyershamu: 5,8 % – Nyersrost: 17,0 % – Metabolizálható energia: 2668 kcal/kg. Ideális testsúly Diéta kezdetén 4 hét után Testsúly megtartásához 10 kg 148 g 126 g 139 g 12 kg 169 g 145 g 159 g 14 kg 190 g 163 g 179 g 16 kg 210 g 180 g 198 g 18 kg 229 g 197 g 216 g 20 kg 248 g 213 g 234 g 25 kg 293 g 251 g 277 g 30 kg 336 g 288 g 317 g 35 kg 378 g 324 g 356 g 40 kg 417 g 358 g 393 g 45 kg 456 g 391 g 430 g 50 kg 493 g 423 g 465 g 55 kg 530 g 454 g 500 g 60 kg 566 g 485 g 533 g 70 kg 635 g 544 g 599 g 80 kg 702 g 602 g 662 g 90 kg 767 g 657 g 723 g Tovább olvasok"}
{"breadcrumb": "Főoldal/Kutya/Eledelek/Gyógyhatású eledelek/Royal Canin Veterinary Satiety wm fogyasztó száraz kutyaeledel 6kg", "product_name": "Royal Canin Veterinary Satiety wm fogyasztó száraz kutyaeledel 6kgRoyal Canin Veterinary Satiety wm fogyasztó száraz kutyaeledel 6kg", "brand": "Royal CaninVeterinary Health Nutrition4,1kg – 10kgFelnőttszárnyassúlycsökkentő diéta", "regular_price": "19999", "selling_price": "", "price_per_unit": "1 kg=3333 Ft", "product_url": "https://webshop.fressnapf.hu/termekek/royal-canin-veterinary-satiety-wm-fogyaszto-szaraz-kutyaeledel-6kg/", "product_description": "Fontos megjegyzés Az állatorvosi diétás eledel csak állatorvossal való konzultációt követően adható. Az állatorvosi diétás eledel alkalmazásakor legalább 6 havonta ellenőrzés céljából állatorvoshoz kell fordulni. Ha a háziállat állapota az etetés során romlana, azonnal állatorvoshoz kell fordulni. A kiválasztott diétás eledel kiválasztásával és a kosárba helyezésével Ön megerősíti, hogy a fenti utasításokat elolvasta és megértette. A ROYAL CANIN® SATIETY WEIGHT MANAGEMENT száraz állateledel a túlzott testtömeg csökkentésére összeállított teljes értékű diétás kutyaeledel. Alacsony energiasűrűség. JAVALLATOK: Felhasználás előtt állatorvos véleményének kikérése javasolt. A SATIETY WEIGHT MANAGEMENT száraz állateledelt alkalmazza a meghatározott testtömeg eléréséig, és azt követően, ha szükséges, a testtömeg fenntartása érdekében. A hatékony testsúlycsökkenés vagy az optimális testsúly megtartása érdekében az ajánlott napi energiabevitel nem léphető túl. Teljes értékű diétás állateledel felnőtt kutyák számára HATÉKONY TESTSÚLYKEZELÉS Elősegíti a biztonságos fogyást és segít elkerülni a visszahízást. A kutyák 97 %-a 3 hónapon belül lefogyott. KOLDULÁS SZABÁLYOZÁSA A magas természetes rosttartalom a táplálékfelvételek között is csillapítja a kutyák éhségérzetét. A kutyák 83 %-ánál segít szabályozni a fogyás alatti koldulást. IZOMTÖMEG FENNTARTÁSA A magas fehérjetartalom segít az egészséges fogyásban, valamint az izomtartalom megőrzésében. ÖSSZETÉTEL: növényi rostok, dehidratált baromfifehérje, búzaglutén*, manióka (tápióka), kukoricaglutén, hidrolizált állati fehérjék, búza, kukorica, állati zsiradékok, cukorrépapép, halolaj, ásványi sók, psyllium (útifű) maghéj és mag, szójaolaj, frukto-oligoszacharidok, glükózamin, bársonyvirág kivonat (lutein forrás), hidrolizált porc (kondroitin forrás). ADALÉKANYAGOK (kilogrammonként): Tápértékkel rendelkező adalékanyagok: A vitamin: 19000 NE, D3 vitamin: 1000 NE, Vas (3b103): 35 mg, Jód (3b201, 3b202): 3,5 mg, Réz (3b405, 3b406): 11 mg, Mangán (3b502, 3b504): 46 mg, Cink (3b603, 3b605, 3b606): 137 mg, Szelén (3b801, 3b811, 3b812): 0,06 mg – Tartósítószerek – Antioxidánsok. ANALITIKAI ÖSSZETEVŐK: Nyersfehérje: 30,0 % – Zsírtartalom: 9,5 % – Nyershamu: 5,8 % – Nyersrost: 17,0 % – Metabolizálható energia: 2668 kcal/kg. Ideális testsúly Diéta kezdetén 4 hét után Testsúly megtartásához 10 kg 148 g 126 g 139 g 12 kg 169 g 145 g 159 g 14 kg 190 g 163 g 179 g 16 kg 210 g 180 g 198 g 18 kg 229 g 197 g 216 g 20 kg 248 g 213 g 234 g 25 kg 293 g 251 g 277 g 30 kg 336 g 288 g 317 g 35 kg 378 g 324 g 356 g 40 kg 417 g 358 g 393 g 45 kg 456 g 391 g 430 g 50 kg 493 g 423 g 465 g 55 kg 530 g 454 g 500 g 60 kg 566 g 485 g 533 g 70 kg 635 g 544 g 599 g 80 kg 702 g 602 g 662 g 90 kg 767 g 657 g 723 g Tovább olvasok"}
{"breadcrumb": "Főoldal/Kutya/Eledelek/Gyógyhatású eledelek/Royal Canin Veterinary Satiety wm small fogyasztó kistestű száraz kutyaeledel 1,5kg", "product_name": "Royal Canin Veterinary Satiety wm small fogyasztó kistestű száraz kutyaeledel 1,5kgRoyal Canin Veterinary Satiety wm small fogyasztó kistestű száraz kutyaeledel 1,5kg", "brand": "Royal CaninVeterinary Health Nutrition1,1kg – 4kgFelnőttszárnyassúlycsökkentő diétakistestű 10kg-ig", "regular_price": "6649", "selling_price": "", "price_per_unit": "1 kg=4433 Ft", "product_url": "https://webshop.fressnapf.hu/termekek/royal-canin-veterinary-satiety-wm-small-fogyaszto-kistestu-szaraz-kutyaeledel-15kg/", "product_description": "Fontos megjegyzés Az állatorvosi diétás eledel csak állatorvossal való konzultációt követően adható. Az állatorvosi diétás eledel alkalmazásakor legalább 6 havonta ellenőrzés céljából állatorvoshoz kell fordulni. Ha a háziállat állapota az etetés során romlana, azonnal állatorvoshoz kell fordulni. A kiválasztott diétás eledel kiválasztásával és a kosárba helyezésével Ön megerősíti, hogy a fenti utasításokat elolvasta és megértette. A ROYAL CANIN® SATIETY WEIGHT MANAGEMENT SMALL DOG száraz állateledel a túlzott testtömeg csökkentésére összeállított teljes értékű diétás kutyaeledel. Alacsony energiasűrűség. JAVALLATOK: Felhasználás előtt állatorvos véleményének kikérése javasolt. A SATIETY WEIGHT MANAGEMENT SMALL DOG száraz állateledelt alkalmazza a meghatározott testtömeg eléréséig, és azt követően, ha szükséges, a testtömeg fenntartása érdekében. A hatékony testsúlycsökkenés vagy az optimális testsúly megtartása érdekében az ajánlott napi energiabevitel nem léphető túl. Teljes értékű diétás állateledel felnőtt kutyák számára HATÉKONY TESTSÚLYKEZELÉS Elősegíti a biztonságos fogyást és segít elkerülni a visszahízást. A kutyák 97 %-a 3 hónapon belül lefogyott. KOLDULÁS SZABÁLYOZÁSA A magas természetes rosttartalom a táplálékfelvételek között is csillapítja a kutyák éhségérzetét. A kutyák 83 %-ánál segít szabályozni a fogyás alatti koldulást. SPECIÁLIS FORMULA KISTESTŰ KUTYÁKNAK A kistestű kutyák különleges emésztőrendszeri, fogakkal kapcsolatos és húgyúti érzékenységeihez igazított formula. S-O INDEX: Ez a diétás táp a struvit és a kalcium-oxalát kristályok képződéséhez kedvezőtlen húgyúti környezetet teremt. ÖSSZETÉTEL: dehidratált baromfifehérje, növényi rostok, búzaglutén*, manióka (tápióka), hidrolizált állati fehérjék, cikóriapép, búza, kukorica, kukoricaglutén, állati zsiradékok, ásványi sók, psyllium (útifű) maghéj és mag, halolaj, vajsavsó, frukto-oligoszacharidok, bársonyvirág kivonat (lutein forrás), rákféleségekből készült hidrolizátum (glükózamin forrás), hidrolizált porc (kondroitin forrás). ADALÉKANYAGOK (kilogrammonként): Tápértékkel rendelkező adalékanyagok: A vitamin: 19000 NE, D3 vitamin: 1000 NE, Vas (3b103): 34 mg, Jód (3b201, 3b202): 3,4 mg, Réz (3b405, 3b406): 10 mg, Mangán (3b502, 3b504): 44 mg, Cink (3b603, 3b605, 3b606): 136 mg, Szelén (3b801, 3b811, 3b812): 0,05 mg – Tartósítószerek – Antioxidánsok. ANALITIKAI ÖSSZETEVŐK: Nyersfehérje: 30,0 % – Zsírtartalom: 9,5 % – Nyershamu: 6,8 % – Nyersrost: 15,6 % – Kalcium: 0,91 % – Foszfor: 0,75 % – Magnézium: 0,12 % – Metabolizálható energia: 2696 kcal/kg. Ideális testsúly Diéta kezdetén 4 hét után Testsúly megtartásához 2 kg 44 g 37 g 41 g 2,5 kg 52 g 44 g 49 g 3 kg 59 g 51 g 56 g 3,5 kg 66 g 57 g 63 g 4 kg 73 g 63 g 69 g 4,5 kg 80 g 69 g 76 g 5 kg 87 g 74 g 82 g 5,5 kg 93 g 80 g 88 g 6 kg 100 g 85 g 94 g 6,5 kg 106 g 91 g 100 g 7 kg 112 g 96 g 105 g 7,5 kg 118 g 101 g 111 g 8 kg 124 g 106 g 116 g 8,5 kg 129 g 111 g 122 g 9 kg 135 g 116 g 127 g 9,5 kg 140 g 120 g 132 g 10 kg 146 g 125 g 138 g Tovább olvasok"}
{"breadcrumb": "Főoldal/Kutya/Eledelek/Gyógyhatású eledelek/Royal Canin Veterinary Satiety wm small fogyasztó kistestű száraz kutyaeledel 3kg", "product_name": "Royal Canin Veterinary Satiety wm small fogyasztó kistestű száraz kutyaeledel 3kgRoyal Canin Veterinary Satiety wm small fogyasztó kistestű száraz kutyaeledel 3kg", "brand": "Royal CaninVeterinary Health Nutrition1,1kg – 4kgFelnőttszárnyassúlycsökkentő diétakistestű 10kg-ig", "regular_price": "12199", "selling_price": "", "price_per_unit": "1 kg=4066 Ft", "product_url": "https://webshop.fressnapf.hu/termekek/royal-canin-veterinary-satiety-wm-small-fogyaszto-kistestu-szaraz-kutyaeledel-3kg/", "product_description": "Fontos megjegyzés Az állatorvosi diétás eledel csak állatorvossal való konzultációt követően adható. Az állatorvosi diétás eledel alkalmazásakor legalább 6 havonta ellenőrzés céljából állatorvoshoz kell fordulni. Ha a háziállat állapota az etetés során romlana, azonnal állatorvoshoz kell fordulni. A kiválasztott diétás eledel kiválasztásával és a kosárba helyezésével Ön megerősíti, hogy a fenti utasításokat elolvasta és megértette. A ROYAL CANIN® SATIETY WEIGHT MANAGEMENT SMALL DOG száraz állateledel a túlzott testtömeg csökkentésére összeállított teljes értékű diétás kutyaeledel. Alacsony energiasűrűség. JAVALLATOK: Felhasználás előtt állatorvos véleményének kikérése javasolt. A SATIETY WEIGHT MANAGEMENT SMALL DOG száraz állateledelt alkalmazza a meghatározott testtömeg eléréséig, és azt követően, ha szükséges, a testtömeg fenntartása érdekében. A hatékony testsúlycsökkenés vagy az optimális testsúly megtartása érdekében az ajánlott napi energiabevitel nem léphető túl. Teljes értékű diétás állateledel felnőtt kutyák számára HATÉKONY TESTSÚLYKEZELÉS Elősegíti a biztonságos fogyást és segít elkerülni a visszahízást. A kutyák 97 %-a 3 hónapon belül lefogyott. KOLDULÁS SZABÁLYOZÁSA A magas természetes rosttartalom a táplálékfelvételek között is csillapítja a kutyák éhségérzetét. A kutyák 83 %-ánál segít szabályozni a fogyás alatti koldulást. SPECIÁLIS FORMULA KISTESTŰ KUTYÁKNAK A kistestű kutyák különleges emésztőrendszeri, fogakkal kapcsolatos és húgyúti érzékenységeihez igazított formula. S-O INDEX: Ez a diétás táp a struvit és a kalcium-oxalát kristályok képződéséhez kedvezőtlen húgyúti környezetet teremt. ÖSSZETÉTEL: dehidratált baromfifehérje, növényi rostok, búzaglutén*, manióka (tápióka), hidrolizált állati fehérjék, cikóriapép, búza, kukorica, kukoricaglutén, állati zsiradékok, ásványi sók, psyllium (útifű) maghéj és mag, halolaj, vajsavsó, frukto-oligoszacharidok, bársonyvirág kivonat (lutein forrás), rákféleségekből készült hidrolizátum (glükózamin forrás), hidrolizált porc (kondroitin forrás). ADALÉKANYAGOK (kilogrammonként): Tápértékkel rendelkező adalékanyagok: A vitamin: 19000 NE, D3 vitamin: 1000 NE, Vas (3b103): 34 mg, Jód (3b201, 3b202): 3,4 mg, Réz (3b405, 3b406): 10 mg, Mangán (3b502, 3b504): 44 mg, Cink (3b603, 3b605, 3b606): 136 mg, Szelén (3b801, 3b811, 3b812): 0,05 mg – Tartósítószerek – Antioxidánsok. ANALITIKAI ÖSSZETEVŐK: Nyersfehérje: 30,0 % – Zsírtartalom: 9,5 % – Nyershamu: 6,8 % – Nyersrost: 15,6 % – Kalcium: 0,91 % – Foszfor: 0,75 % – Magnézium: 0,12 % – Metabolizálható energia: 2696 kcal/kg. Ideális testsúly Diéta kezdetén 4 hét után Testsúly megtartásához 2 kg 44 g 37 g 41 g 2,5 kg 52 g 44 g 49 g 3 kg 59 g 51 g 56 g 3,5 kg 66 g 57 g 63 g 4 kg 73 g 63 g 69 g 4,5 kg 80 g 69 g 76 g 5 kg 87 g 74 g 82 g 5,5 kg 93 g 80 g 88 g 6 kg 100 g 85 g 94 g 6,5 kg 106 g 91 g 100 g 7 kg 112 g 96 g 105 g 7,5 kg 118 g 101 g 111 g 8 kg 124 g 106 g 116 g 8,5 kg 129 g 111 g 122 g 9 kg 135 g 116 g 127 g 9,5 kg 140 g 120 g 132 g 10 kg 146 g 125 g 138 g Tovább olvasok"}
{"breadcrumb": "Főoldal/Kutya/Eledelek/Gyógyhatású eledelek/Royal Canin Veterinary Sensitivity control válogatott fehérje száraz kutyaeledel 1,5kg", "product_name": "Royal Canin Veterinary Sensitivity control válogatott fehérje száraz kutyaeledel 1,5kgRoyal Canin Veterinary Sensitivity control válogatott fehérje száraz kutyaeledel 1,5kg", "brand": "Royal CaninVeterinary Health Nutrition1,1kg – 4kgFelnőttszárnyaskímélő étrend", "regular_price": "6549", "selling_price": "", "price_per_unit": "1 kg=4366 Ft", "product_url": "https://webshop.fressnapf.hu/termekek/royal-canin-veterinary-sensitivity-control-valogatott-feherje-szaraz-kutyaeledel-15kg/", "product_description": "Fontos megjegyzés Az állatorvosi diétás eledel csak állatorvossal való konzultációt követően adható. Az állatorvosi diétás eledel alkalmazásakor legalább 6 havonta ellenőrzés céljából állatorvoshoz kell fordulni. Ha a háziállat állapota az etetés során romlana, azonnal állatorvoshoz kell fordulni. A kiválasztott diétás eledel kiválasztásával és a kosárba helyezésével Ön megerősíti, hogy a fenti utasításokat elolvasta és megértette. A ROYAL CANIN® SENSITIVITY CONTROL száraz állateledel kutyák számára készült teljes értékű diétás eledel, amely összetétele folytán csökkenti bizonyos tápösszetevőkkel és tápanyagokkal szemben kialakult intoleranciát. Válogatott fehérje- és szénhidrátforrások. JAVALLATOK: Felhasználás előtt állatorvos véleményének kikérése javasolt. A SENSITIVITY CONTROL száraz állateledel etetése 3-8 héten keresztül javasolt. Ha az intolerancia jelei megszűnnek, korlátozás nélküli ideig alkalmazható tovább. Teljes értékű diétás állateledel felnőtt kutyáknak VÁLOGATOTT FEHÉRJE A korlátozott számú fehérjeforrás segít csökkenteni a tápanyag-intolerancia kockázatát. BŐR VÉDŐFAL Összetételének köszönhetően a bőr optimális egészsége érdekében támogatja a bőr természetes védőgát funkcióját. EPA és DHA A zsírsavak hozzájárulnak az emésztőrendszer és a bőr egészségének megőrzéséhez. BIZTONSÁGOS EMÉSZTÉS Az emésztőrendszer kiegyensúlyozott működését támogató tápanyagok. ÖSSZETÉTEL: tápióka, dehidratált kacsafehérje, növényi rostok, hidrolizált baromfifehérje, állati zsiradékok, cukorrépapép, halolaj, ásványi sók, szójaolaj, psyllium (útifű) maghéj és mag, frukto-oligoszacharidok, bársonyvirág kivonat (lutein forrás). Fehérjeforrások: dehidratált kacsafehérje, hidrolizált baromfifehérje. Szénhidrátforrás: tápióka. ADALÉKANYAGOK (kilogrammonként): Tápértékkel rendelkező adalékanyagok: A vitamin: 26500 NE, D3 vitamin: 800 NE, E1 (Vas): 40 mg, E2 (Jód): 3,6 mg, E4 (Réz): 15 mg, E5 (Mangán): 53 mg, E6 (Cink): 150 mg, E8 (Szelén): 0,25 mg – Tartósítószerek – Antioxidánsok. ANALITIKAI ÖSSZETEVŐK: Nyersfehérje: 21,0 % – Zsírtartalom: 9,0 % – Nyershamu: 8,0 % – Nyersrost: 4,5 % – Kilogrammonként: Esszenciális zsírsavak (Linolsav): 17,6 g – EPA & DHA: 3,5 g – Omega-3 zsírsavak: 7,5 g. Testsúly Sovány Normál Túlsúly 2 kg 64 g 56 g 48 g 4 kg 107 g 94 g 81 g 6 kg 145 g 127 g 110 g 8 kg 180 g 158 g 137 g 10 kg 212 g 187 g 161 g 15 kg 288 g 253 g 219 g 20 kg 357 g 314 g 271 g 25 kg 422 g 372 g 321 g 30 kg 484 g 426 g 368 g 35 kg 543 g 478 g 413 g 40 kg 601 g 529 g 456 g 45 kg 656 g 577 g 499 g 50 kg 710 g 625 g 540 g 55 kg 763 g 671 g 580 g 60 kg 814 g 716 g 619 g 70 kg 914 g 804 g 695 g 80 kg 1010 g 889 g 768 g Tovább olvasok"}
{"breadcrumb": "Főoldal/Kutya/Eledelek/Gyógyhatású eledelek/Royal Canin Veterinary Sensitivity control válogatott fehérje száraz kutyaeledel 14kg", "product_name": "Royal Canin Veterinary Sensitivity control válogatott fehérje száraz kutyaeledel 14kgRoyal Canin Veterinary Sensitivity control válogatott fehérje száraz kutyaeledel 14kg", "brand": "Royal CaninVeterinary Health Nutrition12,1kg – 15kgFelnőttszárnyaskímélő étrend", "regular_price": "45999", "selling_price": "", "price_per_unit": "1 kg=3286 Ft", "product_url": "https://webshop.fressnapf.hu/termekek/royal-canin-veterinary-sensitivity-control-valogatott-feherje-szaraz-kutyaeledel-14kg/", "product_description": "Fontos megjegyzés Az állatorvosi diétás eledel csak állatorvossal való konzultációt követően adható. Az állatorvosi diétás eledel alkalmazásakor legalább 6 havonta ellenőrzés céljából állatorvoshoz kell fordulni. Ha a háziállat állapota az etetés során romlana, azonnal állatorvoshoz kell fordulni. A kiválasztott diétás eledel kiválasztásával és a kosárba helyezésével Ön megerősíti, hogy a fenti utasításokat elolvasta és megértette. A ROYAL CANIN® SENSITIVITY CONTROL száraz állateledel kutyák számára készült teljes értékű diétás eledel, amely összetétele folytán csökkenti bizonyos tápösszetevőkkel és tápanyagokkal szemben kialakult intoleranciát. Válogatott fehérje- és szénhidrátforrások. JAVALLATOK: Felhasználás előtt állatorvos véleményének kikérése javasolt. A SENSITIVITY CONTROL száraz állateledel etetése 3-8 héten keresztül javasolt. Ha az intolerancia jelei megszűnnek, korlátozás nélküli ideig alkalmazható tovább. Teljes értékű diétás állateledel felnőtt kutyáknak VÁLOGATOTT FEHÉRJE A korlátozott számú fehérjeforrás segít csökkenteni a tápanyag-intolerancia kockázatát. BŐR VÉDŐFAL Összetételének köszönhetően a bőr optimális egészsége érdekében támogatja a bőr természetes védőgát funkcióját. EPA és DHA A zsírsavak hozzájárulnak az emésztőrendszer és a bőr egészségének megőrzéséhez. BIZTONSÁGOS EMÉSZTÉS Az emésztőrendszer kiegyensúlyozott működését támogató tápanyagok. ÖSSZETÉTEL: tápióka, dehidratált kacsafehérje, növényi rostok, hidrolizált baromfifehérje, állati zsiradékok, cukorrépapép, halolaj, ásványi sók, szójaolaj, psyllium (útifű) maghéj és mag, frukto-oligoszacharidok, bársonyvirág kivonat (lutein forrás). Fehérjeforrások: dehidratált kacsafehérje, hidrolizált baromfifehérje. Szénhidrátforrás: tápióka. ADALÉKANYAGOK (kilogrammonként): Tápértékkel rendelkező adalékanyagok: A vitamin: 26500 NE, D3 vitamin: 800 NE, E1 (Vas): 40 mg, E2 (Jód): 3,6 mg, E4 (Réz): 15 mg, E5 (Mangán): 53 mg, E6 (Cink): 150 mg, E8 (Szelén): 0,25 mg – Tartósítószerek – Antioxidánsok. ANALITIKAI ÖSSZETEVŐK: Nyersfehérje: 21,0 % – Zsírtartalom: 9,0 % – Nyershamu: 8,0 % – Nyersrost: 4,5 % – Kilogrammonként: Esszenciális zsírsavak (Linolsav): 17,6 g – EPA & DHA: 3,5 g – Omega-3 zsírsavak: 7,5 g. Testsúly Sovány Normál Túlsúly 2 kg 64 g 56 g 48 g 4 kg 107 g 94 g 81 g 6 kg 145 g 127 g 110 g 8 kg 180 g 158 g 137 g 10 kg 212 g 187 g 161 g 15 kg 288 g 253 g 219 g 20 kg 357 g 314 g 271 g 25 kg 422 g 372 g 321 g 30 kg 484 g 426 g 368 g 35 kg 543 g 478 g 413 g 40 kg 601 g 529 g 456 g 45 kg 656 g 577 g 499 g 50 kg 710 g 625 g 540 g 55 kg 763 g 671 g 580 g 60 kg 814 g 716 g 619 g 70 kg 914 g 804 g 695 g 80 kg 1010 g 889 g 768 g Tovább olvasok"}
{"breadcrumb": "Főoldal/Kutya/Eledelek/Gyógyhatású eledelek/Royal Canin Veterinary Sensitivity control válogatott fehérje száraz kutyaeledel 7kg", "product_name": "Royal Canin Veterinary Sensitivity control válogatott fehérje száraz kutyaeledel 7kgRoyal Canin Veterinary Sensitivity control válogatott fehérje száraz kutyaeledel 7kg", "brand": "Royal CaninVeterinary Health Nutrition4,1kg – 10kgFelnőttszárnyaskímélő étrend", "regular_price": "26599", "selling_price": "", "price_per_unit": "1 kg=3800 Ft", "product_url": "https://webshop.fressnapf.hu/termekek/royal-canin-veterinary-sensitivity-control-valogatott-feherje-szaraz-kutyaeledel-7kg/", "product_description": "Fontos megjegyzés Az állatorvosi diétás eledel csak állatorvossal való konzultációt követően adható. Az állatorvosi diétás eledel alkalmazásakor legalább 6 havonta ellenőrzés céljából állatorvoshoz kell fordulni. Ha a háziállat állapota az etetés során romlana, azonnal állatorvoshoz kell fordulni. A kiválasztott diétás eledel kiválasztásával és a kosárba helyezésével Ön megerősíti, hogy a fenti utasításokat elolvasta és megértette. A ROYAL CANIN® SENSITIVITY CONTROL száraz állateledel kutyák számára készült teljes értékű diétás eledel, amely összetétele folytán csökkenti bizonyos tápösszetevőkkel és tápanyagokkal szemben kialakult intoleranciát. Válogatott fehérje- és szénhidrátforrások. JAVALLATOK: Felhasználás előtt állatorvos véleményének kikérése javasolt. A SENSITIVITY CONTROL száraz állateledel etetése 3-8 héten keresztül javasolt. Ha az intolerancia jelei megszűnnek, korlátozás nélküli ideig alkalmazható tovább. Teljes értékű diétás állateledel felnőtt kutyáknak VÁLOGATOTT FEHÉRJE A korlátozott számú fehérjeforrás segít csökkenteni a tápanyag-intolerancia kockázatát. BŐR VÉDŐFAL Összetételének köszönhetően a bőr optimális egészsége érdekében támogatja a bőr természetes védőgát funkcióját. EPA és DHA A zsírsavak hozzájárulnak az emésztőrendszer és a bőr egészségének megőrzéséhez. BIZTONSÁGOS EMÉSZTÉS Az emésztőrendszer kiegyensúlyozott működését támogató tápanyagok. ÖSSZETÉTEL: tápióka, dehidratált kacsafehérje, növényi rostok, hidrolizált baromfifehérje, állati zsiradékok, cukorrépapép, halolaj, ásványi sók, szójaolaj, psyllium (útifű) maghéj és mag, frukto-oligoszacharidok, bársonyvirág kivonat (lutein forrás). Fehérjeforrások: dehidratált kacsafehérje, hidrolizált baromfifehérje. Szénhidrátforrás: tápióka. ADALÉKANYAGOK (kilogrammonként): Tápértékkel rendelkező adalékanyagok: A vitamin: 26500 NE, D3 vitamin: 800 NE, E1 (Vas): 40 mg, E2 (Jód): 3,6 mg, E4 (Réz): 15 mg, E5 (Mangán): 53 mg, E6 (Cink): 150 mg, E8 (Szelén): 0,25 mg – Tartósítószerek – Antioxidánsok. ANALITIKAI ÖSSZETEVŐK: Nyersfehérje: 21,0 % – Zsírtartalom: 9,0 % – Nyershamu: 8,0 % – Nyersrost: 4,5 % – Kilogrammonként: Esszenciális zsírsavak (Linolsav): 17,6 g – EPA & DHA: 3,5 g – Omega-3 zsírsavak: 7,5 g. Testsúly Sovány Normál Túlsúly 2 kg 64 g 56 g 48 g 4 kg 107 g 94 g 81 g 6 kg 145 g 127 g 110 g 8 kg 180 g 158 g 137 g 10 kg 212 g 187 g 161 g 15 kg 288 g 253 g 219 g 20 kg 357 g 314 g 271 g 25 kg 422 g 372 g 321 g 30 kg 484 g 426 g 368 g 35 kg 543 g 478 g 413 g 40 kg 601 g 529 g 456 g 45 kg 656 g 577 g 499 g 50 kg 710 g 625 g 540 g 55 kg 763 g 671 g 580 g 60 kg 814 g 716 g 619 g 70 kg 914 g 804 g 695 g 80 kg 1010 g 889 g 768 g Tovább olvasok"}
{"breadcrumb": "Főoldal/Kutya/Eledelek/Gyógyhatású eledelek/Royal Canin Veterinary Skin bőr és szőrtápláló száraz kutyaeledel 11kg", "product_name": "Royal Canin Veterinary Skin bőr és szőrtápláló száraz kutyaeledel 11kgRoyal Canin Veterinary Skin bőr és szőrtápláló száraz kutyaeledel 11kg", "brand": "Royal CaninVeterinary Health Nutrition10,1 – 12kgFelnőtthús és állati származékokbőr&szőr ápoló", "regular_price": "35099", "selling_price": "", "price_per_unit": "1 kg=3191 Ft", "product_url": "https://webshop.fressnapf.hu/termekek/royal-canin-veterinary-skin-bor-es-szortaplalo-szaraz-kutyaeledel-11kg/", "product_description": "Fontos megjegyzés Az állatorvosi diétás eledel csak állatorvossal való konzultációt követően adható. Az állatorvosi diétás eledel alkalmazásakor legalább 6 havonta ellenőrzés céljából állatorvoshoz kell fordulni. Ha a háziállat állapota az etetés során romlana, azonnal állatorvoshoz kell fordulni. A kiválasztott diétás eledel kiválasztásával és a kosárba helyezésével Ön megerősíti, hogy a fenti utasításokat elolvasta és megértette. A ROYAL CANIN® SKIN CARE száraz állateledel kutyák számára készült teljes értékű diétás eledel a bőrfunkció támogatásához dermatózis és fokozott szőrhullás esetén. A táp esszenciális zsírsavakban gazdag. JAVALLATOK: Az alkalmazás előtt javasolt állatorvos véleményét kikérni. A SKIN CARE száraz eledelt legfeljebb 2 hónapig etesse. Teljes értékű diétás állateledel felnőtt kutyáknak BŐRVÉDELEM Segíti a dermatosisban és szőrhullásban szenvedő kutyák megfelelő táplálását. BŐR VÉDŐFAL Összetételének köszönhetően a bőr optimális egészsége érdekében támogatja a bőr természetes védőgát funkcióját. MEGFELELŐ EMÉSZTÉS A kiegyensúlyozott bélflórát és a megfelelő bélpasszázst támogató tápanyagok. ANTIOXIDÁNS KOMPLEX Antioxidánsok szinergista komplexe, amely segít semlegesíteni a káros szabadgyököket. ÖSSZETÉTEL: kukorica, búzaglutén*, rizs, tápióka, állati zsiradékok, kukoricaglutén, hidrolizált állati fehérjék, ásványi sók, cukorrépapép, szójaolaj, halolaj, növényi rostok, lenmag, frukto-oligoszacharidok, palmitin- és sztearinsavak citromsavval észterezett mono- és digliceridjei, borágó olaj, bársonyvirág kivonat (lutein forrás). ADALÉKANYAGOK (kilogrammonként): Tápértékkel rendelkező adalékanyagok: A vitamin: 30000 NE, D3 vitamin: 800 NE, E1 (Vas): 74 mg, E2 (Jód): 5,9 mg, E4 (Réz): 14 mg, E5 (Mangán): 71 mg, E6 (Cink): 152 mg, E8 (Szelén): 0,19 mg – Technológiai adalékanyagok: Üledékes eredetű klinoptilolit: 5 g – Tartósítószerek – Antioxidánsok. ANALITIKAI ÖSSZETEVŐK: Nyersfehérje: 23,0 % – Zsírtartalom: 16,0 % – Nyershamu: 5,5 % – Nyersrost: 2,0 % – Kilogrammonként: Esszenciális zsírsavak (Linolsav): 30,4 g – Omega-3 zsírsavak: 10,9 g – Omega-6 zsírsavak: 32,3 g. A kutya testsúlya (kg) Sovány Normál Túlsúlyos – Gramm Gramm Gramm 2 kg 54 47 41 4 kg 91 80 69 6 kg 123 108 93 8 kg 152 134 116 10 kg 180 159 137 15 kg 244 215 186 20 kg 303 267 230 25 kg 358 315 272 30 kg 411 362 312 35 kg 461 406 351 40 kg 510 449 387 45 kg 557 490 423 50 kg 603 530 458 55 kg 647 570 492 60 kg 691 608 525 65 kg 734 646 558 70 kg 776 683 589 75 kg 817 719 621 80 kg 857 754 652 Tovább olvasok"}
{"breadcrumb": "Főoldal/Kutya/Eledelek/Gyógyhatású eledelek/Royal Canin Veterinary Skin care small bőr és szőrtápláló kistestű száraz kutyaeledel 2kg", "product_name": "Royal Canin Veterinary Skin care small bőr és szőrtápláló kistestű száraz kutyaeledel 2kgRoyal Canin Veterinary Skin care small bőr és szőrtápláló kistestű száraz kutyaeledel 2kg", "brand": "Royal CaninVeterinary Health Nutrition1,1kg – 4kgFelnőtthús és állati származékokbőr&szőr ápoló", "regular_price": "9999", "selling_price": "", "price_per_unit": "1 kg=5000 Ft", "product_url": "https://webshop.fressnapf.hu/termekek/royal-canin-veterinary-skin-care-small-bor-es-szortaplalo-kistestu-szaraz-kutyaeledel-2kg/", "product_description": "Fontos megjegyzés Az állatorvosi diétás eledel csak állatorvossal való konzultációt követően adható. Az állatorvosi diétás eledel alkalmazásakor legalább 6 havonta ellenőrzés céljából állatorvoshoz kell fordulni. Ha a háziállat állapota az etetés során romlana, azonnal állatorvoshoz kell fordulni. A kiválasztott diétás eledel kiválasztásával és a kosárba helyezésével Ön megerősíti, hogy a fenti utasításokat elolvasta és megértette. A ROYAL CANIN® SKIN CARE száraz állateledel kutyák számára készült teljes értékű diétás eledel a bőrfunkció támogatásához dermatózis és fokozott szőrhullás esetén. A táp esszenciális zsírsavakban gazdag. JAVALLATOK: Az alkalmazás előtt javasolt állatorvos véleményét kikérni. A SKIN CARE száraz eledelt legfeljebb 2 hónapig etesse. Teljes értékű diétás állateledel felnőtt kutyáknak BŐRVÉDELEM Segíti a dermatosisban és szőrhullásban szenvedő kutyák megfelelő táplálását. BŐR VÉDŐFAL Összetételének köszönhetően a bőr optimális egészsége érdekében támogatja a bőr természetes védőgát funkcióját. MEGFELELŐ EMÉSZTÉS A kiegyensúlyozott bélflórát és a megfelelő bélpasszázst támogató tápanyagok. ANTIOXIDÁNS KOMPLEX Antioxidánsok szinergista komplexe, amely segít semlegesíteni a káros szabadgyököket. ÖSSZETÉTEL: kukorica, búzaglutén*, rizs, tápióka, állati zsiradékok, kukoricaglutén, hidrolizált állati fehérjék, ásványi sók, cukorrépapép, szójaolaj, halolaj, növényi rostok, lenmag, frukto-oligoszacharidok, palmitin- és sztearinsavak citromsavval észterezett mono- és digliceridjei, borágó olaj, bársonyvirág kivonat (lutein forrás). ADALÉKANYAGOK (kilogrammonként): Tápértékkel rendelkező adalékanyagok: A vitamin: 30000 NE, D3 vitamin: 800 NE, E1 (Vas): 74 mg, E2 (Jód): 5,9 mg, E4 (Réz): 14 mg, E5 (Mangán): 71 mg, E6 (Cink): 152 mg, E8 (Szelén): 0,19 mg – Technológiai adalékanyagok: Üledékes eredetű klinoptilolit: 5 g – Tartósítószerek – Antioxidánsok. ANALITIKAI ÖSSZETEVŐK: Nyersfehérje: 23,0 % – Zsírtartalom: 16,0 % – Nyershamu: 5,5 % – Nyersrost: 2,0 % – Kilogrammonként: Esszenciális zsírsavak (Linolsav): 30,4 g – Omega-3 zsírsavak: 10,9 g – Omega-6 zsírsavak: 32,3 g. A kutya testsúlya (kg) Sovány Normál Túlsúlyos – Gramm Gramm Gramm 2 kg 54 47 41 4 kg 91 80 69 6 kg 123 108 93 8 kg 152 134 116 10 kg 180 159 137 15 kg 244 215 186 20 kg 303 267 230 25 kg 358 315 272 30 kg 411 362 312 35 kg 461 406 351 40 kg 510 449 387 45 kg 557 490 423 50 kg 603 530 458 55 kg 647 570 492 60 kg 691 608 525 65 kg 734 646 558 70 kg 776 683 589 75 kg 817 719 621 80 kg 857 754 652 Tovább olvasok"}
{"breadcrumb": "Főoldal/Kutya/Eledelek/Gyógyhatású eledelek/Royal Canin Veterinary Urinary s/o alutasak kutyaeledel húgykő ellen 12x100g", "product_name": "Royal Canin Veterinary Urinary s/o alutasak kutyaeledel húgykő ellen 12x100gRoyal Canin Veterinary Urinary s/o alutasak kutyaeledel húgykő ellen 12x100g", "brand": "Royal CaninVeterinary Health Nutrition0g – 100gFelnőtthús és állati származékokszószbanhúgykő ellenitasak", "regular_price": "5148", "selling_price": "", "price_per_unit": "429 Ft", "product_url": "https://webshop.fressnapf.hu/termekek/royal-canin-veterinary-urinary-s-o-alutasak-kutyaeledel-hugyko-ellen-12x100g/", "product_description": "Fontos megjegyzés Az állatorvosi diétás eledel csak állatorvossal való konzultációt követően adható. Az állatorvosi diétás eledel alkalmazásakor legalább 6 havonta ellenőrzés céljából állatorvoshoz kell fordulni. Ha a háziállat állapota az etetés során romlana, azonnal állatorvoshoz kell fordulni. A kiválasztott diétás eledel kiválasztásával és a kosárba helyezésével Ön megerősíti, hogy a fenti utasításokat elolvasta és megértette. A URINARY S/O Thin slices in gravy, vékony szeletek pecsenyelében kutyák számára készült teljes értékű nedves diétás állateledel, mely feloldja a struvit köveket és csökkenti azok újbóli képződését vizeletsavasító tulajdonságának és alacsony magnézium-, valamint csökkentett, de kiváló minőségű fehérje-tartalmának köszönhetően. JAVALLATOK: Felhasználás előtt állatorvos véleményének kikérése javasolt. A URINARY S/O állateledelt 5-12 hétig etesse a struvit kövek feloldására, és 6 hónapig a struvit kövek újbóli előfordulásának csökkentésére. Mindig álljon rendelkezésre víz. Teljes értékű diétás táp felnőtt kutyák számára. Struvitkövek feloldása : Segít feloldani minden struvitkövet. Vizelethígulás : A vizelet higításával csökken a struvit és kalcium-oxalát kövek képződésének esélye a vizeletben. Alacsony relatív szuperszaturáció : Segít csökkenteni a struvit és kalciumoxalát kristályok kialakulásához hozzájáruló ionok koncentrációját. Összetétel: Hús és állati származékok, gabonafélék, olajok és zsírok, növényifehérje-kivonatok, növényi eredetű származékok, ásványi anyagok, különféle cukrok. Adalékok (KG): Tápértékkel rendelkező adalékok: D3-vitamin: 210 NE, E1 (vas): 3,5 mg, E2 (jód): 0,25 mg, E4 (réz): 2 mg, E5 (mangán): 1,1 mg, E6 (cink): 11 mg, Kén: 0,2%, Vizeletsavanyító anyagok: kalcium-szulfát: 0,25%. Technológiai adalékok: (savasság-szabályozó): nátrium biszulfát: 1,107 g. A kutya testsúlya Sovány Normál Túlsúlyos – Gramm Konzerv Gramm Konzerv Gramm Konzerv 2 208 1/2 183 1/2 158 1/2 4 350 3/4 308 3/4 266 3/4 6 475 1 + 1/4 418 1 361 1 8 589 1 + 1/2 519 1 + 1/4 448 1 10 697 1 + 3/4 613 1 + 1/2 529 1 + 1/4 15 944 1 + 1/4 831 2 718 1 + 3/4 20 1172 1 + 3/4 1031 2 + 1/2 890 2 + 1/4 25 1385 3 + 1/2 1219 3 1053 2 + 1/2 30 1588 3 + 3/4 1397 3 + 1/2 1207 3 35 1783 4 + 1/4 1569 3 + 3/4 1355 3 + 1/4 40 1970 4 + 3/4 1734 4 + 1/4 1498 3 + 3/4 45 2152 5 + 1/4 1894 4 + 1/2 1636 4 50 2329 5 + 3/4 2050 5 1770 4 + 1/4 55 2502 6 2202 5 + 1/4 1902 4 + 3/4 60 2671 6 + 1/2 2350 5 + 3/4 2030 5 70 2998 7 + 1/4 2638 6 + 1/2 2279 5 + 1/2 80 3314 8 2916 7 2519 6 + 1/4 Tovább olvasok"}
{"breadcrumb": "Főoldal/Kutya/Eledelek/Gyógyhatású eledelek/Royal Canin Veterinary Urinary s/o húgykő ellen kutya konzerv 12x410g", "product_name": "Royal Canin Veterinary Urinary s/o húgykő ellen kutya konzerv 12x410gRoyal Canin Veterinary Urinary s/o húgykő ellen kutya konzerv 12x410g", "brand": "Royal CaninVeterinary Health Nutrition401g – 600gFelnőtthús és állati származékokpástétomhúgykő ellenikonzerv", "regular_price": "22788", "selling_price": "", "price_per_unit": "1 899 Ft", "product_url": "https://webshop.fressnapf.hu/termekek/royal-canin-veterinary-urinary-s-o-hugyko-ellen-kutya-konzerv-410g/", "product_description": "Fontos megjegyzés Az állatorvosi diétás eledel csak állatorvossal való konzultációt követően adható. Az állatorvosi diétás eledel alkalmazásakor legalább 6 havonta ellenőrzés céljából állatorvoshoz kell fordulni. Ha a háziállat állapota az etetés során romlana, azonnal állatorvoshoz kell fordulni. A kiválasztott diétás eledel kiválasztásával és a kosárba helyezésével Ön megerősíti, hogy a fenti utasításokat elolvasta és megértette. A URINARY S/O kutyák számára készült teljes értékű nedves diétás állateledel, mely feloldja a struvit köveket és csökkenti azok újbóli képződését vizeletsavasító tulajdonságának és alacsony magnézium-, valamint csökkentett, de kiváló minőségű fehérje-tartalmának köszönhetően. JAVALLATOK: Felhasználás előtt állatorvos véleményének kikérése javasolt. A URINARY S/O állateledelt 5-12 hétig etesse a struvit kövek feloldására, és 6 hónapig a struvit kövek újbóli előfordulásának csökkentésére. Mindig álljon rendelkezésre víz. Teljes értékű diétás táp felnőtt kutyáknak. Struvitkövek feloldása : A táp elősegíti a struvitkövek minden típusának feloldódását. Vizelethígító hatás : A vizelet hígulása esetén kisebb az esélye a struvit és a kalcium-oxalát húgykövek képződésének. Alacsony RSS: A táp elősegíti a kristályképződéshez hozzájáruló ionok koncentrációjának csökkentését. Összetétel: hús és állati származékok, olajok és zsírok, gabonafélék, növényi eredetű származékok, ásványi sók, különféle cukrok. Adalékanyagok (kilogrammonként): Tápértékkel rendelkező adalékanyagok: D3 vitamin: 190 NE, E1 (Vas): 3,4 mg, E2 (Jód): 0,24 mg, E4 (Réz): 2 mg, E5 (Mangán): 1 mg, E6 (Cink): 10 mg – Technológiai adalékanyagok: nátrium-biszulfát: 0,56 g. Analitikai összetevők: Nyersfehérje: 8,0 % – Nyerszsír: 6,0 % – Nyershamu: 2,0 % – Nyersrost: 1,4 % – Nedvesség: 78 % – Taurin (összes): 0,12 % Kalcium: 0,21 % – Foszfor: 0,2 % – Nátrium: 0,29 % – Magnézium: 0,016 % – Kálium: 0,2 % – Klorid: 0,4 % – Kén: 0,2 % – Vizeletsavanyító összetevők: Calcium-szulfát (0,25 %) – Nátrium-biszulfát: 0,056 % – DL-metionin 0,054 % – Fehérjeforrások: csirkehúsok – csirke eredetű melléktermékek – sertés eredetű melléktermékek – sertésvér termékek. A kutya testsúlya Sovány Sovány Normál Normál Túlsúlyos Túlsúlyos – Gramm Konzerv Gramm Konzerv Gramm Konzerv 2 208 1/2 183 1/2 158 1/2 4 350 3/4 308 3/4 266 3/4 6 475 1 + 1/4 418 1 361 1 8 589 1 + 1/2 519 1 + 1/4 448 1 10 697 1 + 3/4 613 1 + 1/2 529 1 + 1/4 15 944 1 + 1/4 831 2 718 1 + 3/4 20 1172 1 + 3/4 1031 2 + 1/2 890 2 + 1/4 25 1385 3 + 1/2 1219 3 1053 2 + 1/2 30 1588 3 + 3/4 1397 3 + 1/2 1207 3 35 1783 4 + 1/4 1569 3 + 3/4 1355 3 + 1/4 40 1970 4 + 3/4 1734 4 + 1/4 1498 3 + 3/4 45 2152 5 + 1/4 1894 4 + 1/2 1636 4 50 2329 5 + 3/4 2050 5 1770 4 + 1/4 55 2502 6 2202 5 + 1/4 1902 4 + 3/4 60 2671 6 + 1/2 2350 5 + 3/4 2030 5 70 2998 7 + 1/4 2638 6 + 1/2 2279 5 + 1/2 80 3314 8 2916 7 2519 6 + 1/4 Tovább olvasok"}
{"breadcrumb": "Főoldal/Kutya/Eledelek/Gyógyhatású eledelek/Royal Canin Veterinary Urinary s/o mc alacsony kalória száraz kutyaeledel húgykő 1,5kg", "product_name": "Royal Canin Veterinary Urinary s/o mc alacsony kalória száraz kutyaeledel húgykő 1,5kgRoyal Canin Veterinary Urinary s/o mc alacsony kalória száraz kutyaeledel húgykő 1,5kg", "brand": "Royal CaninVeterinary Health Nutrition1,1kg – 4kgFelnőttszárnyashúgykő elleni", "regular_price": "7 194", "selling_price": "5 394", "price_per_unit": "1 kg=4999 Ft", "product_url": "https://webshop.fressnapf.hu/termekek/royal-canin-veterinary-urinary-s-o-mc-alacsony-kaloria-szaraz-kutyaeledel-hugyko-15kg/", "product_description": "Fontos megjegyzés Az állatorvosi diétás eledel csak állatorvossal való konzultációt követően adható. Az állatorvosi diétás eledel alkalmazásakor legalább 6 havonta ellenőrzés céljából állatorvoshoz kell fordulni. Ha a háziállat állapota az etetés során romlana, azonnal állatorvoshoz kell fordulni. A kiválasztott diétás eledel kiválasztásával és a kosárba helyezésével Ön megerősíti, hogy a fenti utasításokat elolvasta és megértette. ROYAL CANIN® URINARY S/O MODERATE CALORIE száraz állateledel a struvitkövek feloldására és a struvitkövek kiújulásának csökkentésére összeállított teljes értékű diétás kutyaeledel. A struvit tekintetében a vizelet telítettségét csökkentő vagy metastabilizáló tulajdonságok és/vagy vizeletsavasító tulajdonságok. JAVALLATOK: Felhasználás előtt vagy a felhasználási időszak meghosszabbítása előtt állatorvos véleményének kikérése javasolt. A URINARY S/O MODERATE CALORIE száraz állateledel alkalmazása a struvitkövek feloldásához 5-12 héten keresztül, a struvitkövek kiújulásának csökkentéséhez pedig kezdetben legfeljebb 6 hónapig javasolt. Teljes értékű diétás táp felnőtt kutyák számára Struvitkövek feloldása : Segít feloldani minden struvitkövet. Mérsékelt kalóriatartalom : Mérsékelt kalóriatartalom az ideális testsúly fenntartásáért. Vizelethígulás : A vizelet higításával csökken a struvit és kalcium-oxalát kövek képződésének esélye a vizeletben. Alacsony relatív szuperszaturáció : Segít csökkenteni a struvit és kalciumoxalát kristályok kialakulásához hozzájáruló ionok koncentrációját. Összetétel: kukoricaliszt, rizs, dehidratált baromfifehérje, növényi rostok, kukoricaglutén, állati zsiradékok, ásványi sók, hidrolizált állati fehérjék, cikória pép, búzaglutén*, szójaolaj, halolaj, frukto-oligoszacharidok, palmitin- és sztearinsavak citromsavval észterezett mono- és digliceridjei, bársonyvirág kivonat (lutein forrás). Fehérjeforrások: dehidratált baromfifehérje, kukoricaglutén, hidrolizált állati fehérjék, búzaglutén. *L.I.P.: kitűnően emészthető, válogatott fehérje. Adalékanyagok (kilogrammonként): Tápértékkel rendelkező adalékanyagok: A vitamin: 21500 NE, D3 vitamin: 1400 NE, E1 (Vas): 44 mg, E2 (Jód): 4,4 mg, E4 (Réz): 14 mg, E5 (Mangán): 58 mg, E6 (Cink): 146 mg, E8 (Szelén): 0,11 mg – Tartósítószerek – Antioxidánsok. A kutya testsúlya Gramm Mérőpoharak Gramm Mérőpoharak – Normál – Túlsúlyos – 2 kg 49 g 5/8 41 g 4/8 4 kg 82 g 1 69 g 7/8 6 kg 111 g 1+3/8 93 g 1+1/8 8 kg 137 g 1+6/8 116 g 1+4/8 10 kg 163 g 2 137 g 1+6/8 15 kg 220 g 2+6/8 186 g 2+3/8 20 kg 273 g 3+4/8 230 g 2+7/8 25 kg 323 g 4+1/8 272 g 3+3/8 30 kg 370 g 4+5/8 312 g 4 35 kg 416 g 5+2/8 350 g 4+3/8 40 kg 460 g 5+6/8 387 g 4+7/8 45 kg 502 g 6+3/8 423 g 5+3/8 50 kg 543 g 6+7/8 458 g 5+6/8 55 kg 584 g 7+3/8 492 g 6+2/8 60 kg 623 g 7+7/8 525 g 6+5/8 65 kg 662 g 8+3/8 557 g 7 70 kg 699 g 8+7/8 589 g 7+3/8 Tovább olvasok"}
{"breadcrumb": "Főoldal/Kutya/Eledelek/Gyógyhatású eledelek/Royal Canin Veterinary Urinary s/o mc alacsony kalória száraz kutyaeledel húgykő 6,5kg", "product_name": "Royal Canin Veterinary Urinary s/o mc alacsony kalória száraz kutyaeledel húgykő 6,5kgRoyal Canin Veterinary Urinary s/o mc alacsony kalória száraz kutyaeledel húgykő 6,5kg", "brand": "Royal CaninVeterinary Health Nutrition4,1kg – 10kgFelnőttszárnyashúgykő elleni", "regular_price": "23999", "selling_price": "", "price_per_unit": "1 kg=3692 Ft", "product_url": "https://webshop.fressnapf.hu/termekek/royal-canin-veterinary-urinary-s-o-mc-alacsony-kaloria-szaraz-kutyaeledel-hugyko-65kg/", "product_description": "Fontos megjegyzés Az állatorvosi diétás eledel csak állatorvossal való konzultációt követően adható. Az állatorvosi diétás eledel alkalmazásakor legalább 6 havonta ellenőrzés céljából állatorvoshoz kell fordulni. Ha a háziállat állapota az etetés során romlana, azonnal állatorvoshoz kell fordulni. A kiválasztott diétás eledel kiválasztásával és a kosárba helyezésével Ön megerősíti, hogy a fenti utasításokat elolvasta és megértette. ROYAL CANIN® URINARY S/O MODERATE CALORIE száraz állateledel a struvitkövek feloldására és a struvitkövek kiújulásának csökkentésére összeállított teljes értékű diétás kutyaeledel. A struvit tekintetében a vizelet telítettségét csökkentő vagy metastabilizáló tulajdonságok és/vagy vizeletsavasító tulajdonságok. JAVALLATOK: Felhasználás előtt vagy a felhasználási időszak meghosszabbítása előtt állatorvos véleményének kikérése javasolt. A URINARY S/O MODERATE CALORIE száraz állateledel alkalmazása a struvitkövek feloldásához 5-12 héten keresztül, a struvitkövek kiújulásának csökkentéséhez pedig kezdetben legfeljebb 6 hónapig javasolt. Teljes értékű diétás táp felnőtt kutyák számára Struvitkövek feloldása : Segít feloldani minden struvitkövet. Mérsékelt kalóriatartalom : Mérsékelt kalóriatartalom az ideális testsúly fenntartásáért. Vizelethígulás : A vizelet higításával csökken a struvit és kalcium-oxalát kövek képződésének esélye a vizeletben. Alacsony relatív szuperszaturáció : Segít csökkenteni a struvit és kalciumoxalát kristályok kialakulásához hozzájáruló ionok koncentrációját. Összetétel: kukoricaliszt, rizs, dehidratált baromfifehérje, növényi rostok, kukoricaglutén, állati zsiradékok, ásványi sók, hidrolizált állati fehérjék, cikória pép, búzaglutén*, szójaolaj, halolaj, frukto-oligoszacharidok, palmitin- és sztearinsavak citromsavval észterezett mono- és digliceridjei, bársonyvirág kivonat (lutein forrás). Fehérjeforrások: dehidratált baromfifehérje, kukoricaglutén, hidrolizált állati fehérjék, búzaglutén. *L.I.P.: kitűnően emészthető, válogatott fehérje. Adalékanyagok (kilogrammonként): Tápértékkel rendelkező adalékanyagok: A vitamin: 21500 NE, D3 vitamin: 1400 NE, E1 (Vas): 44 mg, E2 (Jód): 4,4 mg, E4 (Réz): 14 mg, E5 (Mangán): 58 mg, E6 (Cink): 146 mg, E8 (Szelén): 0,11 mg – Tartósítószerek – Antioxidánsok. A kutya testsúlya Gramm Mérőpoharak Gramm Mérőpoharak – Normál – Túlsúlyos – 2 kg 49 g 5/8 41 g 4/8 4 kg 82 g 1 69 g 7/8 6 kg 111 g 1+3/8 93 g 1+1/8 8 kg 137 g 1+6/8 116 g 1+4/8 10 kg 163 g 2 137 g 1+6/8 15 kg 220 g 2+6/8 186 g 2+3/8 20 kg 273 g 3+4/8 230 g 2+7/8 25 kg 323 g 4+1/8 272 g 3+3/8 30 kg 370 g 4+5/8 312 g 4 35 kg 416 g 5+2/8 350 g 4+3/8 40 kg 460 g 5+6/8 387 g 4+7/8 45 kg 502 g 6+3/8 423 g 5+3/8 50 kg 543 g 6+7/8 458 g 5+6/8 55 kg 584 g 7+3/8 492 g 6+2/8 60 kg 623 g 7+7/8 525 g 6+5/8 65 kg 662 g 8+3/8 557 g 7 70 kg 699 g 8+7/8 589 g 7+3/8 Tovább olvasok"}
{"breadcrumb": "Főoldal/Kutya/Eledelek/Gyógyhatású eledelek/Royal Canin Veterinary Urinary s/o small dog száraz kutyaeledel kistestű húgykő 1,5kg", "product_name": "Royal Canin Veterinary Urinary s/o small dog száraz kutyaeledel kistestű húgykő 1,5kgRoyal Canin Veterinary Urinary s/o small dog száraz kutyaeledel kistestű húgykő 1,5kg", "brand": "Royal CaninVeterinary Health Nutrition1,1kg – 4kgFelnőttszárnyashúgykő ellenikistestű 10kg-ig", "regular_price": "7999", "selling_price": "", "price_per_unit": "1 kg=5333 Ft", "product_url": "https://webshop.fressnapf.hu/termekek/royal-canin-veterinary-urinary-s-o-small-dog-szaraz-kutyaeledel-kistestu-hugyko-15kg/", "product_description": "Fontos megjegyzés Az állatorvosi diétás eledel csak állatorvossal való konzultációt követően adható. Az állatorvosi diétás eledel alkalmazásakor legalább 6 havonta ellenőrzés céljából állatorvoshoz kell fordulni. Ha a háziállat állapota az etetés során romlana, azonnal állatorvoshoz kell fordulni. A kiválasztott diétás eledel kiválasztásával és a kosárba helyezésével Ön megerősíti, hogy a fenti utasításokat elolvasta és megértette. A ROYAL CANIN® URINARY S/O SMALL DOG száraz állateledel a struvitkövek feloldására és a struvitkövek kiújulásának csökkentésére összeállított teljes értékű diétás kutyaeledel. A struvit tekintetében a vizelet telítettségét csökkentő vagy metastabilizáló tulajdonságok és/vagy vizeletsavasító tulajdonságok. JAVALLATOK: Felhasználás előtt vagy a felhasználási időszak meghosszabbítása előtt állatorvos véleményének kikérése javasolt. A URINARY S/O SMALL DOG száraz állateledel alkalmazása a struvitkövek feloldásához 5-12 héten keresztül, a struvitkövek kiújulásának csökkentéséhez pedig kezdetben legfeljebb 6 hónapig javasolt. Legal text heading :Teljes értékű diétás táp felnőtt kutyáknak. Struvitkövek feloldása : A táp elősegíti a struvitkövek minden típusának feloldódását. Alacsony RSS : A táp elősegíti a kristályképződéshez hozzájáruló ionok koncentrációjának csökkentését. Vizelethígító hatás : A vizelet hígulása esetén kisebb az esélye a struvit és a kalcium-oxalát húgykövek képződésének. A fogak egészsége : A tápszemcsék mechanikus hatása és egy kalciumkötő anyag együttesen segítik a fogkőképződés késleltetését. A ROYAL CANIN® URINARY S/O SMALL DOG száraz állateledel a struvitkövek feloldására és a struvitkövek kiújulásának csökkentésére összeállított teljes értékű diétás kutyaeledel. A struvit tekintetében a vizelet telítettségét csökkentő vagy metastabilizáló tulajdonságok és/vagy vizeletsavasító tulajdonságok. JAVALLATOK: Felhasználás előtt vagy a felhasználási időszak meghosszabbítása előtt állatorvos véleményének kikérése javasolt. A URINARY S/O SMALL DOG száraz állateledel alkalmazása a struvitkövek feloldásához 5-12 héten keresztül, a struvitkövek kiújulásának csökkentéséhez pedig kezdetben legfeljebb 6 hónapig javasolt. Összetétel: rizs, kukoricaliszt, dehidratált baromfifehérje, állati zsiradékok, kukoricaglutén, hidrolizált állati fehérjék, ásványi sók, növényi rostok, tojáspor, búzaglutén*, szójaolaj, halolaj, frukto-oligoszacharidok, bársonyvirág kivonat (lutein forrás). Fehérjeforrások: dehidratált baromfifehérje, kukoricaglutén, hidrolizált állati fehérjék, tojáspor, búzaglutén. Adalékanyagok (kilogrammonként): Tápértékkel rendelkező adalékanyagok: A vitamin: 16000 NE, D3 vitamin: 1000 NE, E1 (Vas): 47 mg, E2 (Jód): 4,7 mg, E4 (Réz): 14 mg, E5 (Mangán): 61 mg, E6 (Cink): 148 mg, E8 (Szelén): 0,06 mg – Technológiai adalékanyagok: Pentanátrium-trifoszfát: 3,5 g – Tartósítószerek – Antioxidánsok. Analitikai összetevők: Nyersfehérje: 20,0 % – Nyersolajok és -zsírok: 17,0 % – Nyershamu: 7,3 % – Nyersrost: 2,3 % – Kalcium: 0,7 % – Foszfor: 0,7 % – Nátrium: 1,2 % – Kálium: 0,8 % – Magnézium: 0,05 % – Klorid: 2 % – Kén: 0,5 % – Vizeletsavanyító összetevők: Kalcium-szulfát (0,8 %), DL-metionin (0,45 %) – EPA & DHA: 0,22 %. *L.I.P.: kitűnően emészthető, válogatott fehérje. – Gramm Mérőpoharak Gramm Mérőpoharak Gramm Mérőpoharak A kutya testsúlya Sovány – Normál – Túlsúlyos – 2 kg 55 g 5/8 48 g 4/8 42 g 4/8 2.5 kg 65 g 5/8 57 g 5/8 49 g 4/8 3 kg 74 g 6/8 65 g 5/8 56 g 5/8 3.5 kg 83 g 7/8 73 g 6/8 63 g 5/8 4 kg 92 g 1 81 g 7/8 70 g 6/8 5 kg 109 g 1+1/8 96 g 1 83 g 7/8 6 kg 125 g 1+2/8 110 g 1+1/8 95 g 1 7 kg 140 g 1+4/8 123 g 1+2/8 106 g 1+1/8 8 kg 155 g 1+5/8 136 g 1+3/8 117 g 1+2/8 9 kg 169 g 1+6/8 149 g 1+4/8 128 g 1+3/8 10 kg 183 g 1+7/8 161 g 1+5/8 139 g 1+4/8 Tovább olvasok"}
{"breadcrumb": "Főoldal/Kutya/Eledelek/Gyógyhatású eledelek/Royal Canin Veterinary Urinary s/o small dog száraz kutyaeledel kistestű húgykő 4kg", "product_name": "Royal Canin Veterinary Urinary s/o small dog száraz kutyaeledel kistestű húgykő 4kgRoyal Canin Veterinary Urinary s/o small dog száraz kutyaeledel kistestű húgykő 4kg", "brand": "Royal CaninVeterinary Health Nutrition1,1kg – 4kgFelnőttszárnyashúgykő ellenikistestű 10kg-ig", "regular_price": "17999", "selling_price": "", "price_per_unit": "1 kg=4500 Ft", "product_url": "https://webshop.fressnapf.hu/termekek/royal-canin-veterinary-urinary-s-o-small-dog-szaraz-kutyaeledel-kistestu-hugyko-4kg/", "product_description": "Fontos megjegyzés Az állatorvosi diétás eledel csak állatorvossal való konzultációt követően adható. Az állatorvosi diétás eledel alkalmazásakor legalább 6 havonta ellenőrzés céljából állatorvoshoz kell fordulni. Ha a háziállat állapota az etetés során romlana, azonnal állatorvoshoz kell fordulni. A kiválasztott diétás eledel kiválasztásával és a kosárba helyezésével Ön megerősíti, hogy a fenti utasításokat elolvasta és megértette. A ROYAL CANIN® URINARY S/O SMALL DOG száraz állateledel a struvitkövek feloldására és a struvitkövek kiújulásának csökkentésére összeállított teljes értékű diétás kutyaeledel. A struvit tekintetében a vizelet telítettségét csökkentő vagy metastabilizáló tulajdonságok és/vagy vizeletsavasító tulajdonságok. JAVALLATOK: Felhasználás előtt vagy a felhasználási időszak meghosszabbítása előtt állatorvos véleményének kikérése javasolt. A URINARY S/O SMALL DOG száraz állateledel alkalmazása a struvitkövek feloldásához 5-12 héten keresztül, a struvitkövek kiújulásának csökkentéséhez pedig kezdetben legfeljebb 6 hónapig javasolt. Legal text heading :Teljes értékű diétás táp felnőtt kutyáknak. Struvitkövek feloldása : A táp elősegíti a struvitkövek minden típusának feloldódását. Alacsony RSS : A táp elősegíti a kristályképződéshez hozzájáruló ionok koncentrációjának csökkentését. Vizelethígító hatás : A vizelet hígulása esetén kisebb az esélye a struvit és a kalcium-oxalát húgykövek képződésének. A fogak egészsége : A tápszemcsék mechanikus hatása és egy kalciumkötő anyag együttesen segítik a fogkőképződés késleltetését. A ROYAL CANIN® URINARY S/O SMALL DOG száraz állateledel a struvitkövek feloldására és a struvitkövek kiújulásának csökkentésére összeállított teljes értékű diétás kutyaeledel. A struvit tekintetében a vizelet telítettségét csökkentő vagy metastabilizáló tulajdonságok és/vagy vizeletsavasító tulajdonságok. JAVALLATOK: Felhasználás előtt vagy a felhasználási időszak meghosszabbítása előtt állatorvos véleményének kikérése javasolt. A URINARY S/O SMALL DOG száraz állateledel alkalmazása a struvitkövek feloldásához 5-12 héten keresztül, a struvitkövek kiújulásának csökkentéséhez pedig kezdetben legfeljebb 6 hónapig javasolt. Összetétel: rizs, kukoricaliszt, dehidratált baromfifehérje, állati zsiradékok, kukoricaglutén, hidrolizált állati fehérjék, ásványi sók, növényi rostok, tojáspor, búzaglutén*, szójaolaj, halolaj, frukto-oligoszacharidok, bársonyvirág kivonat (lutein forrás). Fehérjeforrások: dehidratált baromfifehérje, kukoricaglutén, hidrolizált állati fehérjék, tojáspor, búzaglutén. Adalékanyagok (kilogrammonként): Tápértékkel rendelkező adalékanyagok: A vitamin: 16000 NE, D3 vitamin: 1000 NE, E1 (Vas): 47 mg, E2 (Jód): 4,7 mg, E4 (Réz): 14 mg, E5 (Mangán): 61 mg, E6 (Cink): 148 mg, E8 (Szelén): 0,06 mg – Technológiai adalékanyagok: Pentanátrium-trifoszfát: 3,5 g – Tartósítószerek – Antioxidánsok. Analitikai összetevők: Nyersfehérje: 20,0 % – Nyersolajok és -zsírok: 17,0 % – Nyershamu: 7,3 % – Nyersrost: 2,3 % – Kalcium: 0,7 % – Foszfor: 0,7 % – Nátrium: 1,2 % – Kálium: 0,8 % – Magnézium: 0,05 % – Klorid: 2 % – Kén: 0,5 % – Vizeletsavanyító összetevők: Kalcium-szulfát (0,8 %), DL-metionin (0,45 %) – EPA & DHA: 0,22 %. *L.I.P.: kitűnően emészthető, válogatott fehérje. – Gramm Mérőpoharak Gramm Mérőpoharak Gramm Mérőpoharak A kutya testsúlya Sovány – Normál – Túlsúlyos – 2 kg 55 g 5/8 48 g 4/8 42 g 4/8 2.5 kg 65 g 5/8 57 g 5/8 49 g 4/8 3 kg 74 g 6/8 65 g 5/8 56 g 5/8 3.5 kg 83 g 7/8 73 g 6/8 63 g 5/8 4 kg 92 g 1 81 g 7/8 70 g 6/8 5 kg 109 g 1+1/8 96 g 1 83 g 7/8 6 kg 125 g 1+2/8 110 g 1+1/8 95 g 1 7 kg 140 g 1+4/8 123 g 1+2/8 106 g 1+1/8 8 kg 155 g 1+5/8 136 g 1+3/8 117 g 1+2/8 9 kg 169 g 1+6/8 149 g 1+4/8 128 g 1+3/8 10 kg 183 g 1+7/8 161 g 1+5/8 139 g 1+4/8 Tovább olvasok"}
{"breadcrumb": "Főoldal/Kutya/Eledelek/Gyógyhatású eledelek/Royal Canin Veterinary Urinary s/o száraz kutyaeledel húgykő ellen 2kg", "product_name": "Royal Canin Veterinary Urinary s/o száraz kutyaeledel húgykő ellen 2kgRoyal Canin Veterinary Urinary s/o száraz kutyaeledel húgykő ellen 2kg", "brand": "Royal CaninVeterinary Health Nutrition1,1kg – 4kgFelnőttszárnyashúgykő elleni", "regular_price": "7999", "selling_price": "", "price_per_unit": "1 kg=4000 Ft", "product_url": "https://webshop.fressnapf.hu/termekek/royal-canin-veterinary-urinary-s-o-szaraz-kutyaeledel-hugyko-ellen-2kg/", "product_description": "Fontos megjegyzés Az állatorvosi diétás eledel csak állatorvossal való konzultációt követően adható. Az állatorvosi diétás eledel alkalmazásakor legalább 6 havonta ellenőrzés céljából állatorvoshoz kell fordulni. Ha a háziállat állapota az etetés során romlana, azonnal állatorvoshoz kell fordulni. A kiválasztott diétás eledel kiválasztásával és a kosárba helyezésével Ön megerősíti, hogy a fenti utasításokat elolvasta és megértette. A ROYAL CANIN® URINARY S/O száraz állateledel a struvitkövek feloldására és a struvitkövek kiújulásának csökkentésére összeállított teljes értékű diétás kutyaeledel. A struvit tekintetében a vizelet telítettségét csökkentő vagy metastabilizáló tulajdonságok és/vagy vizeletsavasító tulajdonságok. JAVALLATOK: Felhasználás előtt vagy a felhasználási időszak meghosszabbítása előtt állatorvos véleményének kikérése javasolt. A URINARY S/O száraz állateledel alkalmazása a struvitkövek feloldásához 5-12 héten keresztül, a struvitkövek kiújulásának csökkentéséhez pedig kezdetben legfeljebb 6 hónapig javasolt. Teljes értékű diétás táp felnőtt kutyáknak. Struvitkövek feloldása : A táp elősegíti a struvitkövek minden típusának feloldódását. Alacsony RSS : A táp elősegíti a kristályképződéshez hozzájáruló ionok koncentrációjának csökkentését. Vizelethígító hatás : A vizelet hígulása esetén kisebb az esélye a struvit és a kalcium-oxalát húgykövek képződésének. Alacsony magnéziumtartalom : A táp csökkentett mennyiségben tartalmaz magnéziumot, amely a struvitkristályok egyik természetes összetevője. Összetétel: kukoricaliszt, rizs, állati zsiradékok, dehidratált baromfifehérje, kukoricaglutén, ásványi sók, hidrolizált állati fehérjék, növényi rostok, szójaolaj, halolaj, frukto-oligoszacharidok, palmitin- és sztearinsavak citromsavval észterezett mono- és digliceridjei, bársonyvirág kivonat (lutein forrás). Fehérjeforrások: dehidratált baromfifehérje, kukoricaglutén, hidrolizált állati fehérjék. Adalékanyagok (kilogrammonként): Tápértékkel rendelkező adalékanyagok: A vitamin: 15500 NE, D3 vitamin: 1000 NE, E1 (Vas): 44 mg, E2 (Jód): 4,4 mg, E4 (Réz): 13 mg, E5 (Mangán): 57 mg, E6 (Cink): 147 mg, E8 (Szelén): 0,06 mg – Tartósítószerek – Antioxidánsok. Analitikai összetevők: Nyersfehérje: 18,0 % – Nyersolajok és -zsírok: 17,0 % – Nyershamu: 6,4 % – Nyersrost: 2,2 % – Kalcium: 0,5 % – Foszfor: 0,5 % – Nátrium: 1,1 % – Klorid: 2,14 % – Kálium: 0,8 % – Magnézium: 0,04 % – Kén: 0,5 % – Vizeletsavanyító összetevők: Kalcium-szulfát (0,88 %), DL-metionin (0,6 %) – EPA & DHA: 0,21 %. Kizárólag száraz Kevert etetés: száraz+ nedves Kizárólag száraz Kevert etetés: száraz+ nedves Kizárólag száraz Kevert etetés: száraz+ nedves A kutya testsúlya (kg) Sovány Sovány Normál Normál Túlsúlyos Túlsúlyos 2 54g 28g + 1 alutasak 48g 21g + 1 alutasak 41g 15g + 1 alutasak 5 108g 81g + 1 alutasak 95g 69g + 1 alutasak 82g 56g + 1 alutasak 10 181g 155g + 1 alutasak 159g 163g + 1 alutasak 138g 111g + 1 alutasak 15 245g 219g + 1 alutasak 216g 190g + 1 alutasak 187g 160g + 1 alutasak 20 305g 278g + 1 alutasak 268g 242g + 1 alutasak 232g 205g + 1 alutasak Tovább olvasok"}
{"breadcrumb": "Főoldal/Kutya/Eledelek/Gyógyhatású eledelek/Royal Canin Veterinary Urinary s/o száraz kutyaeledel húgykő ellen 7,5kg", "product_name": "Royal Canin Veterinary Urinary s/o száraz kutyaeledel húgykő ellen 7,5kgRoyal Canin Veterinary Urinary s/o száraz kutyaeledel húgykő ellen 7,5kg", "brand": "Royal CaninVeterinary Health Nutrition4,1kg – 10kgFelnőttszárnyashúgykő elleni", "regular_price": "25899", "selling_price": "", "price_per_unit": "1 kg=3453 Ft", "product_url": "https://webshop.fressnapf.hu/termekek/royal-canin-veterinary-urinary-s-o-szaraz-kutyaeledel-hugyko-ellen-75kg/", "product_description": "Fontos megjegyzés Az állatorvosi diétás eledel csak állatorvossal való konzultációt követően adható. Az állatorvosi diétás eledel alkalmazásakor legalább 6 havonta ellenőrzés céljából állatorvoshoz kell fordulni. Ha a háziállat állapota az etetés során romlana, azonnal állatorvoshoz kell fordulni. A kiválasztott diétás eledel kiválasztásával és a kosárba helyezésével Ön megerősíti, hogy a fenti utasításokat elolvasta és megértette. A ROYAL CANIN® URINARY S/O száraz állateledel a struvitkövek feloldására és a struvitkövek kiújulásának csökkentésére összeállított teljes értékű diétás kutyaeledel. A struvit tekintetében a vizelet telítettségét csökkentő vagy metastabilizáló tulajdonságok és/vagy vizeletsavasító tulajdonságok. JAVALLATOK: Felhasználás előtt vagy a felhasználási időszak meghosszabbítása előtt állatorvos véleményének kikérése javasolt. A URINARY S/O száraz állateledel alkalmazása a struvitkövek feloldásához 5-12 héten keresztül, a struvitkövek kiújulásának csökkentéséhez pedig kezdetben legfeljebb 6 hónapig javasolt. Teljes értékű diétás táp felnőtt kutyáknak. Struvitkövek feloldása : A táp elősegíti a struvitkövek minden típusának feloldódását. Alacsony RSS : A táp elősegíti a kristályképződéshez hozzájáruló ionok koncentrációjának csökkentését. Vizelethígító hatás : A vizelet hígulása esetén kisebb az esélye a struvit és a kalcium-oxalát húgykövek képződésének. Alacsony magnéziumtartalom : A táp csökkentett mennyiségben tartalmaz magnéziumot, amely a struvitkristályok egyik természetes összetevője. Összetétel: kukoricaliszt, rizs, állati zsiradékok, dehidratált baromfifehérje, kukoricaglutén, ásványi sók, hidrolizált állati fehérjék, növényi rostok, szójaolaj, halolaj, frukto-oligoszacharidok, palmitin- és sztearinsavak citromsavval észterezett mono- és digliceridjei, bársonyvirág kivonat (lutein forrás). Fehérjeforrások: dehidratált baromfifehérje, kukoricaglutén, hidrolizált állati fehérjék. Adalékanyagok (kilogrammonként): Tápértékkel rendelkező adalékanyagok: A vitamin: 15500 NE, D3 vitamin: 1000 NE, E1 (Vas): 44 mg, E2 (Jód): 4,4 mg, E4 (Réz): 13 mg, E5 (Mangán): 57 mg, E6 (Cink): 147 mg, E8 (Szelén): 0,06 mg – Tartósítószerek – Antioxidánsok. Analitikai összetevők: Nyersfehérje: 18,0 % – Nyersolajok és -zsírok: 17,0 % – Nyershamu: 6,4 % – Nyersrost: 2,2 % – Kalcium: 0,5 % – Foszfor: 0,5 % – Nátrium: 1,1 % – Klorid: 2,14 % – Kálium: 0,8 % – Magnézium: 0,04 % – Kén: 0,5 % – Vizeletsavanyító összetevők: Kalcium-szulfát (0,88 %), DL-metionin (0,6 %) – EPA & DHA: 0,21 %. Kizárólag száraz Kevert etetés: száraz+ nedves Kizárólag száraz Kevert etetés: száraz+ nedves Kizárólag száraz Kevert etetés: száraz+ nedves A kutya testsúlya (kg) Sovány Sovány Normál Normál Túlsúlyos Túlsúlyos 2 54g 28g + 1 alutasak 48g 21g + 1 alutasak 41g 15g + 1 alutasak 5 108g 81g + 1 alutasak 95g 69g + 1 alutasak 82g 56g + 1 alutasak 10 181g 155g + 1 alutasak 159g 163g + 1 alutasak 138g 111g + 1 alutasak 15 245g 219g + 1 alutasak 216g 190g + 1 alutasak 187g 160g + 1 alutasak 20 305g 278g + 1 alutasak 268g 242g + 1 alutasak 232g 205g + 1 alutasak Tovább olvasok"}
{"breadcrumb": "Főoldal/Kutya/Eledelek/Gyógyhatású eledelek/Royal Canin Veterinary Urinary u/c száraz kutyaeledel alacsony purintartalom húgykő 2kg", "product_name": "Royal Canin Veterinary Urinary u/c száraz kutyaeledel alacsony purintartalom húgykő 2kgRoyal Canin Veterinary Urinary u/c száraz kutyaeledel alacsony purintartalom húgykő 2kg", "brand": "Royal CaninVeterinary Health Nutrition1,1kg – 4kgFelnőttvegyeshúgykő elleni", "regular_price": "8999", "selling_price": "", "price_per_unit": "1 kg=4500 Ft", "product_url": "https://webshop.fressnapf.hu/termekek/royal-canin-veterinary-urinary-u-c-szaraz-kutyaeledel-alacsony-purintartalom-hugyko-2kg/", "product_description": "Fontos megjegyzés Az állatorvosi diétás eledel csak állatorvossal való konzultációt követően adható. Az állatorvosi diétás eledel alkalmazásakor legalább 6 havonta ellenőrzés céljából állatorvoshoz kell fordulni. Ha a háziállat állapota az etetés során romlana, azonnal állatorvoshoz kell fordulni. A kiválasztott diétás eledel kiválasztásával és a kosárba helyezésével Ön megerősíti, hogy a fenti utasításokat elolvasta és megértette. Az URINARY U/C kutyák számára készült teljes értékű diétás állateledel, amelyet úgy fejlesztettek ki, hogy alacsony fehérje és purin szintje, magas minőségű fehérje, mérsékelt mennyiségű kéntartalmú aminosavai és vizelet-lúgosító tulajdonságai révén csökkentse az urát és cisztin kövek képződését. JAVALLATOK: Az alkalmazás illetve az alkalmazás idejének meghosszabbítása előtt javasolt állatorvos véleményét kikérni. A URINARY U/C eledelt 6 hónapig etesse az urát kövek kialakulásának megelőzéséhez, 1 évig a cisztin kövek újbóli kialakulásának csökkentésére, illetve a húgysav-metabolizmus visszafordíthatatlan zavara esetén egy életen át etesse a kutyával. Teljes értékű diétás táp felnőtt kutyáknak. Urátkövek képződésének megelőzése: A tápban lévő alacsony purintartalmú fehérjék segítenek csökkenteni az urát húgykövek képződését. Cisztinkövek képződésének megelőzése : A fehérjék és egyes aminosavak korlátozott mennyiségű felvétele segít korlátozni a cisztin húgykövek képződését. Bőr védvonal: A táp egy olyan komplexet tartalmaz, amely támogatja a bőr védvonal funkcióját. Antioxidáns komplex: Az egymás hatását erősítő antioxidánsok komplexe segít semlegesíteni a szabadgyököket. Összetétel: Rizs, kukoricaliszt, búzaliszt, állati zsírok, tojáspor, búzaglutén*, kukoricaglutén, ásványi anyagok, növényi rostok, halolaj, szójaolaj, fruktooligoszacharidok, borágó olaj, bársonyvirág-kivonat (luteinforrás). Fehérjeforrások: tojáspor, búzaglutén, kukoricaglutén. *L.I.P.: kitűnően emészthető, válogatott fehérje. Adalékok (KG): Tápértékkel rendelkező adalékok: A-vitamin: 30 000 NE, D3-vitamin: 800 NE, E1 (vas): 63 mg, E2 (jód): 5,3 mg, E4 (réz): 14 mg, E5 (mangán): 66 mg, E6 (cink): 147 mg, E8 (szelén): 0,16 mg – Tartósítószerek – Antioxidánsok. Összetevők: Nyersfehérje: 18,0 % – Nyersolajok és -zsírok: 15,0 % – Nyershamu: 5,3 % – Nyersrost: 2,2 % – Kéntartalmú aminosavtartalom: 0,89 % – Nátrium: 0,3 % – Kálium: 0,9 % – Klorid: 0,55 % – Kén: 0,3 % – Vizeletlúgosító összetevők: kalcium-karbonát: 1,77 % – kálium-citrát: 0,2 %. *L.I.P.: kitűnően emészthető, válogatott fehérje. A kutya testsúlya Sovány – Normál – Túlsúlyos – – (g) Mérőpoharak (g) Mérőpoharak (g) Mérőpoharak 2 kg 55 g 5/8 48 g 4/8 42 g 4/8 4 kg 92 g 1 81 g 7/8 70 g 6/8 6 kg 125 g 1+3/8 110 g 1+2/8 95 g 1 8 kg 155 g 1+6/8 137 g 1+4/8 118 g 1+2/8 10 kg 184 g 2 162 g 1+6/8 140 g 1+4/8 15 kg 249 g 2+6/8 219 g 2+3/8 189 g 2+1/8 20 kg 309 g 3+3/8 272 g 3 235 g 2+5/8 25 kg 365 g 4 321 g 3+4/8 278 g 3 30 kg 419 g 4+5/8 368 g 4 318 g 3+4/8 35 kg 470 g 5+1/8 414 g 4+4/8 357 g 3+7/8 40 kg 520 g 5+6/8 457 g 5 395 g 4+3/8 45 kg 568 g 6+2/8 499 g 5+4/8 431 g 4+6/8 50 kg 614 g 6+6/8 541 g 5+7/8 467 g 5+1/8 55 kg 660 g 7+2/8 581 g 6+3/8 501 g 5+4/8 60 kg 704 g 7+6/8 620 g 6+6/8 535 g 5+7/8 70 kg 791 g 8+5/8 696 g 7+5/8 601 g 6+5/8 80 kg 874 g 9+5/8 769 g 8+3/8 664 g 7+2/8 Tovább olvasok"}
{"breadcrumb": "Főoldal/Kutya/Eledelek/Gyógyhatású eledelek/Royal Canin Veterinary Urinary u/c száraz kutyaeledel alacsony purintartalom húgykő 7,5kg", "product_name": "Royal Canin Veterinary Urinary u/c száraz kutyaeledel alacsony purintartalom húgykő 7,5kgRoyal Canin Veterinary Urinary u/c száraz kutyaeledel alacsony purintartalom húgykő 7,5kg", "brand": "Royal CaninVeterinary Health Nutrition4,1kg – 10kgFelnőttvegyeshúgykő elleni", "regular_price": "27999", "selling_price": "", "price_per_unit": "1 kg=3733 Ft", "product_url": "https://webshop.fressnapf.hu/termekek/royal-canin-veterinary-urinary-u-c-szaraz-kutyaeledel-alacsony-purintartalom-hugyko-75kg/", "product_description": "Fontos megjegyzés Az állatorvosi diétás eledel csak állatorvossal való konzultációt követően adható. Az állatorvosi diétás eledel alkalmazásakor legalább 6 havonta ellenőrzés céljából állatorvoshoz kell fordulni. Ha a háziállat állapota az etetés során romlana, azonnal állatorvoshoz kell fordulni. A kiválasztott diétás eledel kiválasztásával és a kosárba helyezésével Ön megerősíti, hogy a fenti utasításokat elolvasta és megértette. Az URINARY U/C kutyák számára készült teljes értékű diétás állateledel, amelyet úgy fejlesztettek ki, hogy alacsony fehérje és purin szintje, magas minőségű fehérje, mérsékelt mennyiségű kéntartalmú aminosavai és vizelet-lúgosító tulajdonságai révén csökkentse az urát és cisztin kövek képződését. JAVALLATOK: Az alkalmazás illetve az alkalmazás idejének meghosszabbítása előtt javasolt állatorvos véleményét kikérni. A URINARY U/C eledelt 6 hónapig etesse az urát kövek kialakulásának megelőzéséhez, 1 évig a cisztin kövek újbóli kialakulásának csökkentésére, illetve a húgysav-metabolizmus visszafordíthatatlan zavara esetén egy életen át etesse a kutyával. Teljes értékű diétás táp felnőtt kutyáknak. Urátkövek képződésének megelőzése: A tápban lévő alacsony purintartalmú fehérjék segítenek csökkenteni az urát húgykövek képződését. Cisztinkövek képződésének megelőzése : A fehérjék és egyes aminosavak korlátozott mennyiségű felvétele segít korlátozni a cisztin húgykövek képződését. Bőr védvonal: A táp egy olyan komplexet tartalmaz, amely támogatja a bőr védvonal funkcióját. Antioxidáns komplex: Az egymás hatását erősítő antioxidánsok komplexe segít semlegesíteni a szabadgyököket. Összetétel: Rizs, kukoricaliszt, búzaliszt, állati zsírok, tojáspor, búzaglutén*, kukoricaglutén, ásványi anyagok, növényi rostok, halolaj, szójaolaj, fruktooligoszacharidok, borágó olaj, bársonyvirág-kivonat (luteinforrás). Fehérjeforrások: tojáspor, búzaglutén, kukoricaglutén. *L.I.P.: kitűnően emészthető, válogatott fehérje. Adalékok (KG): Tápértékkel rendelkező adalékok: A-vitamin: 30 000 NE, D3-vitamin: 800 NE, E1 (vas): 63 mg, E2 (jód): 5,3 mg, E4 (réz): 14 mg, E5 (mangán): 66 mg, E6 (cink): 147 mg, E8 (szelén): 0,16 mg – Tartósítószerek – Antioxidánsok. Összetevők: Nyersfehérje: 18,0 % – Nyersolajok és -zsírok: 15,0 % – Nyershamu: 5,3 % – Nyersrost: 2,2 % – Kéntartalmú aminosavtartalom: 0,89 % – Nátrium: 0,3 % – Kálium: 0,9 % – Klorid: 0,55 % – Kén: 0,3 % – Vizeletlúgosító összetevők: kalcium-karbonát: 1,77 % – kálium-citrát: 0,2 %. *L.I.P.: kitűnően emészthető, válogatott fehérje. A kutya testsúlya Sovány – Normál – Túlsúlyos – – (g) Mérőpoharak (g) Mérőpoharak (g) Mérőpoharak 2 kg 55 g 5/8 48 g 4/8 42 g 4/8 4 kg 92 g 1 81 g 7/8 70 g 6/8 6 kg 125 g 1+3/8 110 g 1+2/8 95 g 1 8 kg 155 g 1+6/8 137 g 1+4/8 118 g 1+2/8 10 kg 184 g 2 162 g 1+6/8 140 g 1+4/8 15 kg 249 g 2+6/8 219 g 2+3/8 189 g 2+1/8 20 kg 309 g 3+3/8 272 g 3 235 g 2+5/8 25 kg 365 g 4 321 g 3+4/8 278 g 3 30 kg 419 g 4+5/8 368 g 4 318 g 3+4/8 35 kg 470 g 5+1/8 414 g 4+4/8 357 g 3+7/8 40 kg 520 g 5+6/8 457 g 5 395 g 4+3/8 45 kg 568 g 6+2/8 499 g 5+4/8 431 g 4+6/8 50 kg 614 g 6+6/8 541 g 5+7/8 467 g 5+1/8 55 kg 660 g 7+2/8 581 g 6+3/8 501 g 5+4/8 60 kg 704 g 7+6/8 620 g 6+6/8 535 g 5+7/8 70 kg 791 g 8+5/8 696 g 7+5/8 601 g 6+5/8 80 kg 874 g 9+5/8 769 g 8+3/8 664 g 7+2/8 Tovább olvasok"}
{"breadcrumb": "Főoldal/Kutya/Eledelek/Száraz eledelek/Sam’s Field Adult hipoallergén száraz kutyaeledel lazac&burgonya 13kg", "product_name": "Sam’s Field Adult hipoallergén száraz kutyaeledel lazac&burgonya 13kgSam’s Field Adult hipoallergén száraz kutyaeledel lazac&burgonya 13kg", "brand": "Sam's FieldFelnőtt12,1kg – 15kghal&tenger gyümölcseihipoallergén", "regular_price": "3 399", "selling_price": "2 999", "price_per_unit": "1 kg=1731 Ft", "product_url": "https://webshop.fressnapf.hu/termekek/sams-field-adult-hipoallergen-szaraz-kutyaeledel-lazacburgonya-13kg/", "product_description": "A Sam’s Field Salmon & Potato Adult egy teljesértékű eledel, valamennyi fajtájú felnőtt kutya számára. – hús, gyümölcs és zöldség kombináció a kedvence minél jobb egészsége érdekében – alacsony gabonamag tartalom: nincs élelmiszer intolerancia veszély – hipoallergén receptúra Összetétel: Lazachús, burgonya, kukorica, csirkezsír (tokoferol és E vitamin dúsítás által védve), lazacolaj, természetes aroma, szárított alma, sörfőzdei élesztő, paradicsom, jukka-kivonat, sárgarépa, ásványi anyagok, DL-methionin, L-lizin, mannán-oligoszacharidok, frukto-oligoszacharidok, prebiotikumok. Vitaminok és nyomelelemek/kg: A vitamin 20 000 m.e., D3 vitamin 1 900 m.e., E vitamin 500 mg, B1 vitamin 4,5 mg, B2 vitamin 6,0 mg, B6 vitamin 5,0 mg, B12 vitamin 0,05 mg, niacin 26 mg, kalcium-pantotenan 13 mg, biotin 0,78 mg, folsav 0,65 mg, kolinklorid 780 mg, szerves cinkvegyület 107 mg, szerves rézvegyület 18 mg, jód 0,84 mg, szerves szelénvegyület 0,2 mg. Beltartalom Mennyiség Nyersfehérje 25% Zsírtartalom 14% Nyersrost 2% Nyershamu 5,5% Nedvesség 10% Kalcium 1,1% Foszfor 0,9% Tovább olvasok"}
{"breadcrumb": "Főoldal/Kutya/Eledelek/Száraz eledelek/Sam’s Field Adult hipoallergén száraz kutyaeledel lazac&burgonya 2,5kg", "product_name": "Sam’s Field Adult hipoallergén száraz kutyaeledel lazac&burgonya 2,5kgSam’s Field Adult hipoallergén száraz kutyaeledel lazac&burgonya 2,5kg", "brand": "Sam's FieldFelnőtt1,1kg – 4kghal&tenger gyümölcseihipoallergén", "regular_price": "3 799", "selling_price": "3 299", "price_per_unit": "1 kg=2220 Ft", "product_url": "https://webshop.fressnapf.hu/termekek/sams-field-adult-hipoallergen-szaraz-kutyaeledel-lazacburgonya-25kg/", "product_description": "A Sam’s Field Salmon & Potato Adult egy teljesértékű eledel, valamennyi fajtájú felnőtt kutya számára. – hús, gyümölcs és zöldség kombináció a kedvence minél jobb egészsége érdekében – alacsony gabonamag tartalom: nincs élelmiszer intolerancia veszély – hipoallergén receptúra Összetétel: Lazachús, burgonya, kukorica, csirkezsír (tokoferol és E vitamin dúsítás által védve), lazacolaj, természetes aroma, szárított alma, sörfőzdei élesztő, paradicsom, jukka-kivonat, sárgarépa, ásványi anyagok, DL-methionin, L-lizin, mannán-oligoszacharidok, frukto-oligoszacharidok, prebiotikumok. Vitaminok és nyomelelemek/kg: A vitamin 20 000 m.e., D3 vitamin 1 900 m.e., E vitamin 500 mg, B1 vitamin 4,5 mg, B2 vitamin 6,0 mg, B6 vitamin 5,0 mg, B12 vitamin 0,05 mg, niacin 26 mg, kalcium-pantotenan 13 mg, biotin 0,78 mg, folsav 0,65 mg, kolinklorid 780 mg, szerves cinkvegyület 107 mg, szerves rézvegyület 18 mg, jód 0,84 mg, szerves szelénvegyület 0,2 mg. Beltartalom Mennyiség Nyersfehérje 25% Zsírtartalom 14% Nyersrost 2% Nyershamu 5,5% Nedvesség 10% Kalcium 1,1% Foszfor 0,9% Tovább olvasok"}
{"breadcrumb": "Főoldal/Kutya/Eledelek/Száraz eledelek/Sam’s Field Adult medium száraz kutyaeledel marha&borjú 13kg", "product_name": "Sam’s Field Adult medium száraz kutyaeledel marha&borjú 13kgSam’s Field Adult medium száraz kutyaeledel marha&borjú 13kg", "brand": "Sam's FieldFelnőtt12,1kg – 15kgmarha&borjúgluténmentesközepes testű 11-25kg", "regular_price": "3 799", "selling_price": "3 299", "price_per_unit": "1 kg=1654 Ft", "product_url": "https://webshop.fressnapf.hu/termekek/sams-field-adult-medium-szaraz-kutyaeledel-marhaborju-13kg/", "product_description": "A Sam’s Field Adult Gluten Free Beef & Veal – Medium egy teljesértékű eledel közepes testű, felnőtt kutyák számára. – gluténmentes – 70% marha, borjú, gyümölcs és zöldség Összetétel: Szárított marha 26%, szárított borjú 20%, burgonya 16%, rizs, baromfi zsír (kevert tokoferolokkal tartósítva, E-vitamin forrás), szárított alma 3%, zöldborsó 2,5%, sörélesztő (mannán-oligoszacharid-forrás), lazacolaj 2%, csirkemáj, szárított spenót 1%, szárított tök 0,8%, szárított répaszelet 0,5%, szárított brokkoli 0,2%, glükózamin (300 mg/kg), kondroitin-szulfát (180 mg/kg), yucca schidigera kivonata (100 mg/kg), kamilla (Matricaria chamomilla, 80 mg/kg). Tápértékkel rendelkező adalékanyagok/kg: A-vitamin (3a672a) 20 000 NE, D3-vitamin (E671) 1 500 NE, E-vitamin (3a700) 500 mg, B1-vitamin (3a821) 1 mg, B2-vitamin 3,75 mg, B6-vitamin (3a831) 1 mg, B12-vitamin 0,04 mg, niacinamid (3a315) 12,5 mg, kalcium-D-pantotenát (3a841) 10 mg, biotin (3a880) 0,6 mg, folsav (3a316) 0,5 mg, kolin-klorid (3a890) 600 mg, aminosavak vas-kelátja, hidrát (E1) 70 mg, aminosavak mangán-kelátja, hidrát (E5) 35 mg, aminosavak cink-kelátja, hidrát (3b606) 83 mg, aminosavak réz-kelátja, hidrát (E4) 14 mg, kálium-jodid (3b201) 0,65 mg, a Saccharomyces cerevisiae által gyártott szerves szelén CNCM I-3060 (3b8.10) 0,2 mg. Az EU-ban engedélyezett antioxidánsokat tartalmaz. Beltartalom Mennyiség Nyersfehérje 26% Zsírtartalom 14% Nyersrost 2,5% Nyershamu 5,2% Nedvesség 10% Kalcium 1,1% Foszfor 0,8% Lizin 1% Metionin 0,3% Treonin 0,8% Triptofán 0,3% Arginin 1,3% Tovább olvasok"}
{"breadcrumb": "Főoldal/Kutya/Eledelek/Száraz eledelek/Sam’s Field Adult medium száraz kutyaeledel marha&borjú 2,5kg", "product_name": "Sam’s Field Adult medium száraz kutyaeledel marha&borjú 2,5kgSam’s Field Adult medium száraz kutyaeledel marha&borjú 2,5kg", "brand": "Sam's FieldFelnőtt1,1kg – 4kgvegyesgluténmentesközepes testű 11-25kg", "regular_price": "9 999", "selling_price": "8 999", "price_per_unit": "1 kg=1920 Ft", "product_url": "https://webshop.fressnapf.hu/termekek/sams-field-adult-medium-szaraz-kutyaeledel-marhaborju-25kg/", "product_description": "A Sam’s Field Adult Gluten Free Beef & Veal – Medium egy teljesértékű eledel közepes testű, felnőtt kutyák számára. – gluténmentes – 70% marha, borjú, gyümölcs és zöldség Összetétel: Szárított marha 26%, szárított borjú 20%, burgonya 16%, rizs, baromfi zsír (kevert tokoferolokkal tartósítva, E-vitamin forrás), szárított alma 3%, zöldborsó 2,5%, sörélesztő (mannán-oligoszacharid-forrás), lazacolaj 2%, csirkemáj, szárított spenót 1%, szárított tök 0,8%, szárított répaszelet 0,5%, szárított brokkoli 0,2%, glükózamin (300 mg/kg), kondroitin-szulfát (180 mg/kg), yucca schidigera kivonata (100 mg/kg), kamilla (Matricaria chamomilla, 80 mg/kg). Tápértékkel rendelkező adalékanyagok/kg: A-vitamin (3a672a) 20 000 NE, D3-vitamin (E671) 1 500 NE, E-vitamin (3a700) 500 mg, B1-vitamin (3a821) 1 mg, B2-vitamin 3,75 mg, B6-vitamin (3a831) 1 mg, B12-vitamin 0,04 mg, niacinamid (3a315) 12,5 mg, kalcium-D-pantotenát (3a841) 10 mg, biotin (3a880) 0,6 mg, folsav (3a316) 0,5 mg, kolin-klorid (3a890) 600 mg, aminosavak vas-kelátja, hidrát (E1) 70 mg, aminosavak mangán-kelátja, hidrát (E5) 35 mg, aminosavak cink-kelátja, hidrát (3b606) 83 mg, aminosavak réz-kelátja, hidrát (E4) 14 mg, kálium-jodid (3b201) 0,65 mg, a Saccharomyces cerevisiae által gyártott szerves szelén CNCM I-3060 (3b8.10) 0,2 mg. Az EU-ban engedélyezett antioxidánsokat tartalmaz. Beltartalom Mennyiség Nyersfehérje 26% Zsírtartalom 14% Nyersrost 2,5% Nyershamu 5,2% Nedvesség 10% Kalcium 1,1% Foszfor 0,8% Lizin 1% Metionin 0,3% Treonin 0,8% Triptofán 0,3% Arginin 1,3% Tovább olvasok"}
{"breadcrumb": "Főoldal/Kutya/Eledelek/Száraz eledelek/Sam’s Field Light Senior hipoallergén száraz kutyaeledel bárány&rizs 13kg", "product_name": "Sam’s Field Light Senior hipoallergén száraz kutyaeledel bárány&rizs 13kgSam’s Field Light Senior hipoallergén száraz kutyaeledel bárány&rizs 13kg", "brand": "Sam's FieldIdős12,1kg – 15kgjuh&bárány&kecskehipoallergén", "regular_price": "9 999", "selling_price": "8 999", "price_per_unit": "1 kg=1500 Ft", "product_url": "https://webshop.fressnapf.hu/termekek/sams-field-light-senior-hipoallergen-szaraz-kutyaeledel-baranyrizs-13kg/", "product_description": "A Sam’s Field Lamb & Rice Light & Senior egy teljesértékű eledel túlsúlyos, idős kutyák számára. – hús, gyümölcs és zöldség kombináció a kedvence minél jobb egészsége érdekében – alacsony gabonamag tartalom: nincs élelmiszer intolerancia veszély – hipoallergén receptúra Összetétel: Bárányhús, rizs, burgonya, csirkezsír (tokoferol és E vitamin dúsítás által védve), lazacolaj, természetes aroma, szárított alma, sörfőzdei élesztő, paradicsom, jukka-kivonat, sárgarépa, ásványi anyagok, DL-methionin, L-lizin, mannán-oligoszacharidok, frukto-oligoszacharidok, prebiotikumok. Vitaminok és nyomelemek/kg: A vitamin 20 000 m.e., D3 vitamin 1 900 m.e., E vitamin 500 mg, B1 vitamin 4,5 mg, B2 vitamin 6,0 mg, B6 vitamin 5,0 mg, B12 vitamin 0,05 mg, niacin 26 mg, kalcium-pantotenan 13 mg, biotin 0,78 mg, folsav 0,65 mg, kolinklorid 780 mg, szerves cinkvegyület 107 mg, szerves rézvegyület 18 mg, jód 0,84 mg, szerves szelénvegyület 0,2 mg. Beltartalom Mennyiség Nyersfehérje 24% Zsírtartalom 9% Nyersrost 3,5% Nyershamu 6,7% Nedvesség 10% Kalcium 1,5% Foszfor 1,1% Tovább olvasok"}
{"breadcrumb": "Főoldal/Kutya/Eledelek/Száraz eledelek/Sam’s Field Light Senior hipoallergén száraz kutyaeledel bárány&rizs 2,5kg", "product_name": "Sam’s Field Light Senior hipoallergén száraz kutyaeledel bárány&rizs 2,5kgSam’s Field Light Senior hipoallergén száraz kutyaeledel bárány&rizs 2,5kg", "brand": "Sam's Field1,1kg – 4kgIdősszárnyasvemhes vagy szoptató", "regular_price": "3 399", "selling_price": "2 999", "price_per_unit": "1 kg=1920 Ft", "product_url": "https://webshop.fressnapf.hu/termekek/sams-field-light-senior-hipoallergen-szaraz-kutyaeledel-baranyrizs-25kg/", "product_description": "A Sam’s Field Lamb & Rice Light & Senior egy teljesértékű eledel túlsúlyos, idős kutyák számára. – hús, gyümölcs és zöldség kombináció a kedvence minél jobb egészsége érdekében – alacsony gabonamag tartalom: nincs élelmiszer intolerancia veszély – hipoallergén receptúra Összetétel: Bárányhús, rizs, burgonya, csirkezsír (tokoferol és E vitamin dúsítás által védve), lazacolaj, természetes aroma, szárított alma, sörfőzdei élesztő, paradicsom, jukka-kivonat, sárgarépa, ásványi anyagok, DL-methionin, L-lizin, mannán-oligoszacharidok, frukto-oligoszacharidok, prebiotikumok. Vitaminok és nyomelemek/kg: A vitamin 20 000 m.e., D3 vitamin 1 900 m.e., E vitamin 500 mg, B1 vitamin 4,5 mg, B2 vitamin 6,0 mg, B6 vitamin 5,0 mg, B12 vitamin 0,05 mg, niacin 26 mg, kalcium-pantotenan 13 mg, biotin 0,78 mg, folsav 0,65 mg, kolinklorid 780 mg, szerves cinkvegyület 107 mg, szerves rézvegyület 18 mg, jód 0,84 mg, szerves szelénvegyület 0,2 mg. Beltartalom Mennyiség Nyersfehérje 24% Zsírtartalom 9% Nyersrost 3,5% Nyershamu 6,7% Nedvesség 10% Kalcium 1,5% Foszfor 1,1% Tovább olvasok"}
{"breadcrumb": "Főoldal/Kutya/Eledelek/Száraz eledelek/Sam’s Field Puppy hipoallergén száraz kutyaeledel bárány 2,5kg", "product_name": "Sam’s Field Puppy hipoallergén száraz kutyaeledel bárány 2,5kgSam’s Field Puppy hipoallergén száraz kutyaeledel bárány 2,5kg", "brand": "Sam's FieldKölyök1,1kg – 4kghal&tenger gyümölcseihipoallergén", "regular_price": "3 799", "selling_price": "3 299", "price_per_unit": "1 kg=2120 Ft", "product_url": "https://webshop.fressnapf.hu/termekek/sams-field-puppy-hipoallergen-szaraz-kutyaeledel-barany-25kg/", "product_description": "A Sam’s Field Puppy Low Grain Lamb egy teljes értékű eledel minden fajtájú kölyökkutya számára (12 hónapos korig), vemhes és szoptató szukák számára is megfelelő. – 73% bárány, rizs, zöldségek és gyümölcsök – alacsony gabonatartalom: Csökkenti az ételintolerancia kockázatát – hipoallergén formula: Könnyű emésztés – yucca: Támogatja az emésztést – porcvédő: Ápolja az ízületeket – MOS + FOS: Támogatja az immunrendszer erősítését Összetétel: Szabadon tartott bárány (30%), rizs (30%), marha- és sertészsír (10%), hidrolizált baromfifehérje (8%), zöldborsó (6%), sörélesztő (4%), szárított almapép (4%), sütőtök (3%), lazacolaj (2%), hidrolizált baromfimáj (2%), szárított spenót (0,5%), borsóliszt (0,401%), glükózamin (0,026%), kondroitin-szulfát (0,02%), frukto-oligoszacharidok (0,02%), mannán-oligoszacharidok (0,015%), Yucca schidigera (0,01%), szárított kamilla (0,008%). Tápértékkel rendelkező adalékanyagok/kg: A-vitamin (3a672a) 20.000 NE, D3-vitamin (3a671) 1500 NE, E-vitamin (3a700) 500 mg, C-vitamin (3a312) 260 mg, B1-vitamin (3a821) 6,5 mg, B2-vitamin (3a825i) 8 mg, B6-vitamin (3a831) 6 mg, B12-vitamin 0,06 mg, niacinamid (3a315) 28 mg, kalcium-D-pantotenát (3a841) 15 mg, biotin (3a880) 0,85 mg, folsav (3a316) 0,75 mg, kolin-klorid (3a890) 2000 mg, réz (3b406) 15 mg, cink (3b606) 85 mg, vas (3b106) 70 mg, mangán (3b504) 35 mg, jód (3b201) 0,7 mg, szelén (3b810) 0,2 mg. Természetes antioxidánsokat tartalmaz: tokoferol-kivonatok növényi olajból (1b306(i)), aszkorbil-palmitát (1b304) és rozmaringkivonat. Beltartalom Mennyiség Nyersfehérje 30,0 % Nyerszsír 17,0 % Nedvesség 10,0 % Nyershamu 7,5 % Nyersrost 2,0 % Kalcium 1,4 % Foszfor 1,1 % Nátrium 0,3 % Omega-3 zsírsavak 0,3 % Omega-6 zsírsavak 2,1 % Lizin 1,2 % Metionin 0,4 % Treonin 1,0 % Triptofán 0,4 % Arginin 1,5 % Tovább olvasok"}
{"breadcrumb": "Főoldal/Kutya/Eledelek/Száraz eledelek/SELECT GOLD Complete kutya szárazeledel maxi adult csirke 12kg", "product_name": "SELECT GOLD Complete kutya szárazeledel maxi adult csirke 12kgSELECT GOLD Complete kutya szárazeledel maxi adult csirke 12kg", "brand": "SELECT GOLDComplete10,1 – 12kgFelnőttszárnyasgyomor&emésztésnagytestű 26kg-tól", "regular_price": "3 799", "selling_price": "3 299", "price_per_unit": "1 kg=1667 Ft", "product_url": "https://webshop.fressnapf.hu/termekek/select-gold-complete-maxi-kutyaeledel-csirke-pulykaval-12kg/", "product_description": "A SELECT GOLD Complete Maxi Adult Csirke speciálisan kifejlesztett, kiegyensúlyozott, prémium minőségű szárazeledel nagy termetű (25 kg feletti súlyú) kifejlett kutyák számára, kb. 15 hónapos kortól. Ez a kiváló minőségű szárazeledel ízletes, friss csirkehús felhasználásával készül. Jól emészthető és szívesen fogadják a kutyák. Az egyedülálló receptúra kifejlesztésénél célzottan figyelembe vettük a nagy termetű kifejlett kutyák táplálkozás-élettani követelményeit. Friss hússal Gondosan kiválasztott formula Búzamentes receptúra Optimálisan összehangolt teljes értékű megoldást nyújt, mely tökéletesen a nagy termetű kutyafajták igényeire van szabva. Biztosítja a nagy méretű kifejlett kutyák (25 kg feletti súly) optimális tápanyagszükségletét kb. 15 hónapos kortól. A glükózamin és a kondroitin-szulfát a porcok és az ízületek alapvető alkotóelemei. Különleges növényi rostokkal, valamint élelmi rostokkal és lenmaggal, melyek hozzájárulhatnak az emésztés optimális működéséhez. Prebiotikus inulinnal, mely elősegítheti a stabil bélflóra kialakulását és fenntartását. Hozzáadott cukor és szója nélkül Mesterséges tartósítószerek, színezékek és ízesítők felhasználása nélkül Állatorvosok közreműködésével kifejlesztve Kifejezetten a nagy termetű fajták (> 25kg) állkapcsához igazított krokettméret. Optimálisan összeállított teljes értékű megoldás a szükségleteket kielégítő étrend érdekében Összetétel: friss csirkehús (20%), csirkefehérje (20%), kukorica (18%), kukoricaliszt (17%), rizs (7,5%), cirok (4%), csirkefehérje (3%, hidrolizált), szárított cukorrépaszelet (3%), olajok és zsírok (2%), lignocellulóz (1,2%), lenmag (2%), nátrium-klorid (0,4%), kalcium-karbonát (0,4%), kálium-klorid (0,25%), élesztősejtfal (0,2%, szárított, megfelel 0,038% MOS-nak és 0,042% béta-glükánnak), cikória-inulin (0,1%), glükózamin, állati szövetből (0,02%), kondroitin-szulfát (0,01%). Analitikai összetevők: fehérje 25%, zsírtartalom 12%, nyershamu 7,2%, nyersrost 2,5%, kalcium 1,25%, foszfor 0,85%. Adalékanyagok/kg: tápértékkel rendelkező adalékanyagok: A-vitamin 12000 NE, D3-vitamin 1600 NE, réz (3b405) 12,5mg, vas (3b103) 250mg, jód (3b202) 2,1mg, mangán (3b503) 30mg, szelén (3b801) 0,35mg, cink (3b605/3b607) 140mg. Technológiai adalékanyagok: antioxidánsok. Nyomokban egyéb összetevőket is tartalmazhat. Tovább olvasok"}
{"breadcrumb": "Főoldal/Kutya/Eledelek/Száraz eledelek/SELECT GOLD Complete kutya szárazeledel maxi adult marha 12kg", "product_name": "SELECT GOLD Complete kutya szárazeledel maxi adult marha 12kgSELECT GOLD Complete kutya szárazeledel maxi adult marha 12kg", "brand": "SELECT GOLDComplete10,1 – 12kgFelnőttmarha&borjúgyomor&emésztésnagytestű 26kg-tól", "regular_price": "3 799", "selling_price": "3 299", "price_per_unit": "1 kg=1667 Ft", "product_url": "https://webshop.fressnapf.hu/termekek/select-gold-complete-maxi-kutyaeledel-marha-12kg/", "product_description": "Teljes értékű eledel nagy termetű kutyák számára (25kg-tól) kb. 15 hónapos kortól A SELECT GOLD Complete Maxi Adult Marha speciálisan kifejlesztett, kiegyensúlyozott, prémium minőségű szárazeledel nagy termetű (25 kg feletti súlyú) kifejlett kutyák számára, kb. 15 hónapos kortól. Ez a kiváló minőségű szárazeledel ízletes, friss csirkehús felhasználásával készül. Jól emészthető és szívesen fogadják a kutyák. Az egyedülálló receptúra kifejlesztésénél célzottan figyelembe vettük a nagy termetű kifejlett kutyák táplálkozás-élettani követelményeit. Friss hússal Gondosan kiválasztott formula Búzamentes receptúra Optimálisan összehangolt teljes értékű megoldást nyújt, mely tökéletesen a nagy termetű kutyafajták igényeire van szabva. Biztosítja a nagy méretű kifejlett kutyák (25 kg feletti súly) optimális tápanyagszükségletét kb. 15 hónapos kortól. A glükózamin és a kondroitin-szulfát a porcok és az ízületek alapvető alkotóelemei. Különleges növényi rostokkal, valamint élelmi rostokkal és lenmaggal, melyek hozzájárulhatnak az emésztés optimális működéséhez. Prebiotikus inulinnal, mely elősegítheti a stabil bélflóra kialakulását és fenntartását. Hozzáadott cukor és szója nélkül Mesterséges tartósítószerek, színezékek és ízesítők felhasználása nélkül Állatorvosok közreműködésével kifejlesztve Kifejezetten a nagy termetű fajták (> 25kg) állkapcsához igazított krokettméret. Optimálisan összeállított teljes értékű megoldás a szükségleteket kielégítő étrend érdekében Összetétel: friss marhahús (20%), baromfifehérje (19%), kukorica (19%), kukoricaliszt (19%), rizs (4%), cirok (4%), olajok és zsírok(3,2%), szárított cukorrépaszelet (3%), baromfifehérje (3%, hidrolizált), lenmag (2,5%), lignocellulóz (0,6%), nátrium-klorid (0,4%), kálium-klorid (0,25%), kalcium-karbonát (0,25%), élesztősejtfal (0,2%, szárított, megfelel 0,038% MOS-nak és 0,042% béta-glükánnak), cikória-inulin (0,1%), glükózamin, állati szövetből (0,02%), kondroitin-szulfát (0,01%). Analitikai összetevők: fehérje 25%, zsírtartalom 13%, nyershamu 6,9%, nyersrost 2,5%, kalcium 1,2%, foszfor 0,88%. Adalékanyagok/kg: tápértékkel rendelkező adalékanyagok: A-vitamin 12000 NE, D3-vitamin 1600 NE, réz (3b405) 12,5mg, vas (3b103) 250mg, jód (3b202) 2,1mg, mangán (3b503) 30mg, szelén (3b801) 0,35mg, cink (3b605/3b607) 140mg. Technológiai adalékanyagok: antioxidánsok. Nyomokban egyéb összetevőket is tartalmazhat. Tovább olvasok"}
{"breadcrumb": "Főoldal/Kutya/Eledelek/Száraz eledelek/SELECT GOLD Complete kutya szárazeledel maxi adult marha 4kg", "product_name": "SELECT GOLD Complete kutya szárazeledel maxi adult marha 4kgSELECT GOLD Complete kutya szárazeledel maxi adult marha 4kg", "brand": "SELECT GOLDComplete1,1kg – 4kgFelnőttmarha&borjúgyomor&emésztésnagytestű 26kg-tól", "regular_price": "8 799", "selling_price": "7 999", "price_per_unit": "1 kg=2000 Ft", "product_url": "https://webshop.fressnapf.hu/termekek/select-gold-complete-maxi-kutyaeledel-marha-4kg/", "product_description": "Teljes értékű eledel nagy termetű kutyák számára (25kg-tól) kb. 15 hónapos kortól A SELECT GOLD Complete Maxi Adult Marha speciálisan kifejlesztett, kiegyensúlyozott, prémium minőségű szárazeledel nagy termetű (25 kg feletti súlyú) kifejlett kutyák számára, kb. 15 hónapos kortól. Ez a kiváló minőségű szárazeledel ízletes, friss csirkehús felhasználásával készül. Jól emészthető és szívesen fogadják a kutyák. Az egyedülálló receptúra kifejlesztésénél célzottan figyelembe vettük a nagy termetű kifejlett kutyák táplálkozás-élettani követelményeit. Friss hússal Gondosan kiválasztott formula Búzamentes receptúra Optimálisan összehangolt teljes értékű megoldást nyújt, mely tökéletesen a nagy termetű kutyafajták igényeire van szabva. Biztosítja a nagy méretű kifejlett kutyák (25 kg feletti súly) optimális tápanyagszükségletét kb. 15 hónapos kortól. A glükózamin és a kondroitin-szulfát a porcok és az ízületek alapvető alkotóelemei. Különleges növényi rostokkal, valamint élelmi rostokkal és lenmaggal, melyek hozzájárulhatnak az emésztés optimális működéséhez. Prebiotikus inulinnal, mely elősegítheti a stabil bélflóra kialakulását és fenntartását. Hozzáadott cukor és szója nélkül Mesterséges tartósítószerek, színezékek és ízesítők felhasználása nélkül Állatorvosok közreműködésével kifejlesztve Kifejezetten a nagy termetű fajták (> 25kg) állkapcsához igazított krokettméret. Optimálisan összeállított teljes értékű megoldás a szükségleteket kielégítő étrend érdekében Összetétel: friss marhahús (20%), baromfifehérje (19%), kukorica (19%), kukoricaliszt (19%), rizs (4%), cirok (4%), olajok és zsírok(3,2%), szárított cukorrépaszelet (3%), baromfifehérje (3%, hidrolizált), lenmag (2,5%), lignocellulóz (0,6%), nátrium-klorid (0,4%), kálium-klorid (0,25%), kalcium-karbonát (0,25%), élesztősejtfal (0,2%, szárított, megfelel 0,038% MOS-nak és 0,042% béta-glükánnak), cikória-inulin (0,1%), glükózamin, állati szövetből (0,02%), kondroitin-szulfát (0,01%). Analitikai összetevők: fehérje 25%, zsírtartalom 13%, nyershamu 6,9%, nyersrost 2,5%, kalcium 1,2%, foszfor 0,88%. Adalékanyagok/kg: tápértékkel rendelkező adalékanyagok: A-vitamin 12000 NE, D3-vitamin 1600 NE, réz (3b405) 12,5mg, vas (3b103) 250mg, jód (3b202) 2,1mg, mangán (3b503) 30mg, szelén (3b801) 0,35mg, cink (3b605/3b607) 140mg. Technológiai adalékanyagok: antioxidánsok. Nyomokban egyéb összetevőket is tartalmazhat. Tovább olvasok"}
{"breadcrumb": "Főoldal/Kutya/Eledelek/Száraz eledelek/SELECT GOLD Complete kutya szárazeledel maxi junior csirke 4kg", "product_name": "SELECT GOLD Complete kutya szárazeledel maxi junior csirke 4kgSELECT GOLD Complete kutya szárazeledel maxi junior csirke 4kg", "brand": "SELECT GOLDComplete1,1kg – 4kgKölyökszárnyasízület védelemnagytestű 26kg-tól", "regular_price": "8 799", "selling_price": "7 999", "price_per_unit": "1 kg=2000 Ft", "product_url": "https://webshop.fressnapf.hu/termekek/select-gold-complete-maxi-junior-kutyaeledel-csirke-pulykaval-4kg/", "product_description": "Teljes értékű eledel nagy termetű kutyák számára (25kg-tól), kb. 15 hónapos korig. A SELECT GOLD Complete Maxi Junior Csirke speciálisan kifejlesztett, kiegyensúlyozott prémium szárazeledel, nagy termetű (25 kg feletti végsúlyú) kölyök- és fiatal kutyák számára, az elválasztástól kb. 15 hónapos korig, valamint nagy termetű (25 kg feletti végsúlyú) vemhes és szoptató kutyák számára. Ez a kiváló minőségű szárazeledel ízletes, friss csirkehús felhasználásával készül. Jól emészthető és szívesen fogadják a kutyák. A prémium minőségű receptúra kifejlesztésénél célzottan figyelembe vettük a növekedésben lévő kölykök és fiatal kutyák táplálkozás-élettani szükségleteit. Friss hússal Gondosan kiválasztott formula Búzamentes receptúra Optimálisan összehangolt teljes értékű megoldást nyújt, mely tökéletesen a nagy termetű kutyafajták igényeire van szabva. Biztosítja a optimális tápanyagellátást a legfontosabb növekedési fázisban. Nagy termetű (25 kg feletti végsúlyú) kölyök- és fiatal kutyák számára az elválasztástól kb. 15 hónapos korig, valamint nagy termetű, vemhes és szoptató szukák számára (25 kg feletti végsúly). Kalciummal, foszforral és D3-vitaminnal, ami elősegítheti a csontok és fogak megfelelő fejlődését. DHA-val: Az omega-3 zsírsavak hozzájárulhatnak a szervek és az agy fejlődéséhez. A glükózamin és a kondroitin-szulfát a porcok és az ízületek alapvető alkotóelemei. Különleges növényi rostokkal, valamint élelmi rostokkal és lenmaggal, melyek hozzájárulhatnak az emésztés optimális működéséhez. Prebiotikus inulinnal, mely elősegítheti a stabil bélflóra kialakulását és fenntartását. Hozzáadott cukor és szója nélkül Mesterséges tartósítószerek, színezékek és ízesítők felhasználása nélkül Állatorvosok közreműködésével kifejlesztve Kifejezetten a nagy termetű fajták (> 25kg) állkapcsához igazított krokettméret. Optimálisan összeállított teljes értékű megoldás a szükségleteket kielégítő étrend érdekében Összetétel: csirkefehérje (28%), friss csirkehús (20%), kukorica (15%), kukoricaliszt (13%), olajok és zsírok (5%), rizs (4%), cirok (4%), csirkefehérje(3%, hidrolizált), lenmag (2,2%), szárított cukorrépaszelet (2%), lignocellulóz (1,5%), nátrium-klorid (0,3%), kálium-klorid (0,25%), élesztősejtfal (0,2%, szárított, megfelel 0,038% MOS-nak és 0,042% béta-glükánnak), cikória-inulin (0,1%), glükózamin, állati szövetből (0,02%), kondroitin-szulfát (0,01%). Analitikai összetevők: fehérje 30%, zsírtartalom 16%, nyershamu 7,2%, nyersrost 3%, kalcium 1,25%, foszfor 0,95%. Adalékanyagok/kg: tápértékkel rendelkező adalékanyagok: A-vitamin 15000 NE, D3-vitamin 1600 NE, réz (3b405) 12,5mg, vas (3b103) 250mg, jód (3b202) 2,1mg, mangán (3b503) 30mg, szelén (3b801) 0,4mg, cink (3b605/3b607) 140mg. Technológiai adalékanyagok: antioxidánsok. Nyomokban egyéb összetevőket is tartalmazhat. Tovább olvasok"}
{"breadcrumb": "Főoldal/Kutya/Eledelek/Száraz eledelek/SELECT GOLD Complete kutya szárazeledel maxi senior csirke 12kg", "product_name": "SELECT GOLD Complete kutya szárazeledel maxi senior csirke 12kgSELECT GOLD Complete kutya szárazeledel maxi senior csirke 12kg", "brand": "SELECT GOLDComplete10,1 – 12kgIdősszárnyasízület védelemnagytestű 26kg-tól", "regular_price": "3 799", "selling_price": "3 299", "price_per_unit": "1 kg=1667 Ft", "product_url": "https://webshop.fressnapf.hu/termekek/select-gold-complete-maxi-senior-kutyaeledel-csirke-pulykaval-12kg/", "product_description": "Teljes értékű eledel nagy termetű, 25 kg-nál nehezebb kutyák számára kb. 7 éves kortól A SELECT GOLD Complete Maxi Senior Csirke egy speciálisan kifejlesztett, kiegyensúlyozott, prémium minőségű szárazeledel nagy termetű (súly 25kg) idősebb kutyák számára kb. 7 éves kortól. Ez a kiváló minőségű szárazeledel ízletes, friss csirkehús felhasználásával készül. Jól emészthető és szívesen fogadják a kutyák. Az egyedülálló receptúra kifejlesztésénél célzottan figyelembe vettük a nagy termetű idősebb kutyák táplálkozás-élettani követelményeit. Friss hússal Gondosan kiválasztott formula Búzamentes receptúra Optimálisan összeállított, teljes értékű megoldást kínál, amely tökéletesen igazodik a nagy termetű kutyafajták igényeihez. Biztosítja a nagy méretű kifejlett kutyák (25 kg feletti súly) optimális tápanyagszükségletét kb. 7 éves kortól. Módosított foszfortartalommal, mely segít a vesék terhelésének csökkentésében. A glükózamin és a kondroitin-szulfát a porcok és az ízületek alapvető alkotóelemei. Különleges növényi rostokkal, valamint élelmi rostokkal és lenmaggal, melyek hozzájárulhatnak az emésztés optimális működéséhez. Prebiotikus inulinnal, mely elősegítheti a stabil bélflóra kialakulását és fenntartását. Hozzáadott cukor és szója nélkül Mesterséges tartósítószerek, színezékek és ízesítők felhasználása nélkül Állatorvosok közreműködésével kifejlesztve Kifejezetten a nagy termetű fajták (> 25kg) állkapcsához igazított krokettméret. Optimálisan összeállított teljes értékű megoldás a szükségleteket kielégítő étrend érdekében Összetétel: friss csirkehús (20%), rizs (17,8%), kukorica (16%), csirkefehérje (13,2%), kukoricaliszt (9%), kukoricaglutén (5,4%), cirok (4%), szárított répaszeletek(3,5%), hidrolizált csirkefehérje (3%), olajok és zsírok (2,2%), lignocellulóz (2%), lenmag (1%), kalcium-karbonát (0,65%), kálium-klorid (0,4%), nátrium-klorid (0,25%), élesztősejtfal (0,2%, szárított, megfelel 0,038% MOS-nak és 0,042% béta-glükánnak), cikóriainulin (0,1%), állati szövetből származó glükózamin (0,02%), kondroitin-szulfát (0,01%). Analitikai összetevők: fehérje 23%, zsírtartalom 11%, nyershamu 6,4%, nyersrost 3%, kalcium 1,1%, foszfor 0,66%. Adalékanyagok/kg: tápértékkel rendelkező adalékanyagok: A-vitamin 15000 NE, D3-vitamin 1600 NE, réz (3b405) 12,5mg, vas (3b103) 250mg, jód (3b202) 2,1mg, mangán (3b503) 30mg, szelén (3b801) 0,4mg, cink (3b605/3b607) 140mg. Technológiai adalékanyagok: antioxidánsok Nyomokban egyéb összetevőket is tartalmazhat. Tovább olvasok"}
{"breadcrumb": "Főoldal/Kutya/Eledelek/Száraz eledelek/SELECT GOLD Complete kutya szárazeledel medium adult csirk 4kg", "product_name": "SELECT GOLD Complete kutya szárazeledel medium adult csirk 4kgSELECT GOLD Complete kutya szárazeledel medium adult csirk 4kg", "brand": "SELECT GOLDComplete1,1kg – 4kgFelnőttszárnyasbőr&szőr ápolóközepes testű 11-25kg", "regular_price": "8 799", "selling_price": "7 999", "price_per_unit": "1 kg=2000 Ft", "product_url": "https://webshop.fressnapf.hu/termekek/select-gold-classic-adult-medium-csirkepulyka-szaraztap-felnott-kutyaknak-4kg/", "product_description": "Teljes értékű eledel 11-25kg súlyú, közepes termetű kutyák számára kb. 12 hónapos kortól A SELECT GOLD Complete Medium Adult Csirke speciálisan kifejlesztett, kiegyensúlyozott, prémium minőségű szárazeledel közepes termetű (11-25kg súlyú kifejlett kutyák számára, kb. 12 hónapos kortól. Ez a kiváló minőségű szárazeledel ízletes, friss csirkehús felhasználásával készül. Jól emészthető és szívesen fogadják a kutyák. Az egyedülálló receptúra kifejlesztésénél célzottan figyelembe vettük a közepes termetű kifejlett kutyák táplálkozás-élettani követelményeit. Friss hússal Gondosan kiválasztott formula Búzamentes receptúra Optimálisan összehangolt teljes értékű megoldást nyújt, mely tökéletesen a közepes termetű kutyafajták igényeire van szabva. Biztosítja a közepes és nagy termetű kifejlett kutyák (11–25 kg-os súlyú) optimális tápanyagszükségletét, kb. 12 hónapos kortól. Különleges növényi rostokkal, valamint élelmi rostokkal és lenmaggal, melyek hozzájárulhatnak az emésztés optimális működéséhez. Prebiotikus inulinnal, mely elősegítheti a stabil bélflóra kialakulását és fenntartását. Hozzáadott cukor és szója nélkül Mesterséges tartósítószerek, színezékek és ízesítők felhasználása nélkül Állatorvosok közreműködésével kifejlesztve Kifejezetten a közepes termetű fajták (11–25kg) állkapcsához igazított krokettméret. Optimálisan összeállított teljes értékű megoldás a szükségleteket kielégítő étrend érdekében Összetétel: friss csirkehús (20%), csirkefehérje (20%), kukorica (17,5%), kukoricaliszt (6,8%), rizs (4%), cirok (4%), csirkefehérje (3%, hidrolizált), szárított cukorrépaszelet (3%), olajok és zsírok (2,1%), lignocellulóz (1,8%), lenmag (0,5%), nátrium-klorid (0,4%), élesztősejtfal (0,4%, szárított, megfelel 0,083% MOS-nak és 0,076% béta-glükánnak), kalcium-karbonát (0,35%), kálium-klorid (0,3%), cikória-inulin (0,2%). Analitikai összetevők: fehérje 25%, zsírtartalom 12%, nyershamu 7,2%, nyersrost 3,5%, kalcium 1,25%, foszfor 0,86%. Adalékanyagok/kg: tápértékkel rendelkező adalékanyagok: A-vitamin 12000 NE, D3-vitamin 1600 NE, réz (3b405) 12,5mg, vas (3b103) 250mg, jód (3b202) 2mg, mangán (3b503) 30mg, szelén (3b801) 0,35mg, cink (3b605/3b607) 140mg. Technológiai adalékanyagok: antioxidánsok Nyomokban egyéb összetevőket is tartalmazhat. Tovább olvasok"}
{"breadcrumb": "Főoldal/Kutya/Eledelek/Száraz eledelek/SELECT GOLD Complete kutya szárazeledel medium junior csirke 12kg", "product_name": "SELECT GOLD Complete kutya szárazeledel medium junior csirke 12kgSELECT GOLD Complete kutya szárazeledel medium junior csirke 12kg", "brand": "SELECT GOLDComplete10,1 – 12kgKölyökszárnyasízület védelemközepes testű 11-25kg", "regular_price": "3 799", "selling_price": "3 299", "price_per_unit": "1 kg=1667 Ft", "product_url": "https://webshop.fressnapf.hu/termekek/select-gold-complete-medium-junior-kutyaeledel-csirke-pulykaval-12kg/", "product_description": "Teljes értékű takarmány 11-25kg-os, közepes termetű kutyák számára kb. 12 hónapos korig. A SELECT GOLD Complete Medium Junior Csirke speciálisan kifejlesztett, kiegyensúlyozott prémium szárazeledel kölyök- és fiatal kutyák számára az elválasztástól kb. 12 hónapos korig, valamint közepes termetű vemhes és szoptató szukák számára (végsúly 11–25kg). Ez a kiváló minőségű szárazeledel ízletes, friss csirkehús felhasználásával készül. Jól emészthető és szívesen fogadják a kutyák. A prémium minőségű receptúra kifejlesztésénél célzottan figyelembe vettük a növekedésben lévő kölykök és fiatal kutyák táplálkozás-élettani szükségleteit. Friss hússal Gondosan kiválasztott formula Búzamentes receptúra Optimálisan összehangolt teljes értékű megoldást nyújt, mely tökéletesen a közepes termetű kutyafajták igényeire van szabva. Biztosítja a optimális tápanyagellátást a legfontosabb növekedési fázisban. Közepes termetű (végsúly 11–25 kg) kölyök- és fiatal kutyák számára az elválasztástól kb. 12 hónapos korig, valamint közepes termetű, vemhes és szoptató szukák számára (végsúly 11-25kg). Kalciummal, foszforral és D3-vitaminnal, ami elősegítheti a csontok és fogak megfelelő fejlődését. Különleges növényi rostokkal, valamint élelmi rostokkal és lenmaggal, melyek hozzájárulhatnak az emésztés optimális működéséhez. Prebiotikus inulinnal, mely elősegítheti a stabil bélflóra kialakulását és fenntartását. Hozzáadott cukor és szója nélkül Mesterséges tartósítószerek, színezékek és ízesítők felhasználása nélkül Állatorvosok közreműködésével kifejlesztve Kifejezetten a közepes termetű kölyök- és fiatal kutyák szükségleteihez igazított krokettek. Optimálisan összeállított teljes értékű megoldás a szükségleteket kielégítő étrend érdekében Összetétel: csirkefehérje (23,6%), friss csirkehús (20%), kukorica (12%), kukoricaliszt (11,2%), olajok és zsírok (7,7%), kukoricafehérje (5,6%), rizs (4%), cirok (4%), csirkefehérje (3%, hidrolizált), szárított cukorrépaszelet (2,5%), lenmag (2,2%),), lignocellulóz (1,6%), nátrium-klorid (0,4%), élesztősejtfal (0,4%, szárított, megfelel 0,083% MOS-nak és 0,076% béta-glükánnak), kálium-klorid (0,3%), cikória-inulin (0,2%). Analitikai összetevők: fehérje 30%, zsírtartalom 20%, nyershamu 7,2%, nyersrost 2,8%, kalcium 1,25%, foszfor 0,95%. Adalékanyagok/kg: tápértékkel rendelkező adalékanyagok: A-vitamin 15000 NE, D3-vitamin 1600 NE, réz (3b405) 12,5mg, vas (3b103) 250mg, jód (3b202) 2,2mg, mangán (3b503) 30mg, szelén (3b801) 0,35mg, cink (3b605/3b607) 140mg. Technológiai adalékanyagok: antioxidánsok. Nyomokban egyéb összetevőket is tartalmazhat. Tovább olvasok"}
{"breadcrumb": "Főoldal/Kutya/Eledelek/Száraz eledelek/SELECT GOLD Complete kutya szárazeledel medium junior csirke 4kg", "product_name": "SELECT GOLD Complete kutya szárazeledel medium junior csirke 4kgSELECT GOLD Complete kutya szárazeledel medium junior csirke 4kg", "brand": "SELECT GOLDComplete1,1kg – 4kgKölyökszárnyasízület védelemközepes testű 11-25kg", "regular_price": "8 799", "selling_price": "7 999", "price_per_unit": "1 kg=2000 Ft", "product_url": "https://webshop.fressnapf.hu/termekek/select-gold-classic-junior-medium-csirkepulyka-szaraztap-kolyok-es-fiatal-kutyaknak-4kg/", "product_description": "Teljes értékű takarmány 11-25kg-os, közepes termetű kutyák számára kb. 12 hónapos korig. A SELECT GOLD Complete Medium Junior Csirke speciálisan kifejlesztett, kiegyensúlyozott prémium szárazeledel kölyök- és fiatal kutyák számára az elválasztástól kb. 12 hónapos korig, valamint közepes termetű vemhes és szoptató szukák számára (végsúly 11–25kg). Ez a kiváló minőségű szárazeledel ízletes, friss csirkehús felhasználásával készül. Jól emészthető és szívesen fogadják a kutyák. A prémium minőségű receptúra kifejlesztésénél célzottan figyelembe vettük a növekedésben lévő kölykök és fiatal kutyák táplálkozás-élettani szükségleteit. Friss hússal Gondosan kiválasztott formula Búzamentes receptúra Optimálisan összehangolt teljes értékű megoldást nyújt, mely tökéletesen a közepes termetű kutyafajták igényeire van szabva. Biztosítja a optimális tápanyagellátást a legfontosabb növekedési fázisban. Közepes termetű (végsúly 11–25 kg) kölyök- és fiatal kutyák számára az elválasztástól kb. 12 hónapos korig, valamint közepes termetű, vemhes és szoptató szukák számára (végsúly 11-25kg). Kalciummal, foszforral és D3-vitaminnal, ami elősegítheti a csontok és fogak megfelelő fejlődését. Különleges növényi rostokkal, valamint élelmi rostokkal és lenmaggal, melyek hozzájárulhatnak az emésztés optimális működéséhez. Prebiotikus inulinnal, mely elősegítheti a stabil bélflóra kialakulását és fenntartását. Hozzáadott cukor és szója nélkül Mesterséges tartósítószerek, színezékek és ízesítők felhasználása nélkül Állatorvosok közreműködésével kifejlesztve Kifejezetten a közepes termetű kölyök- és fiatal kutyák szükségleteihez igazított krokettek. Optimálisan összeállított teljes értékű megoldás a szükségleteket kielégítő étrend érdekében Összetétel: csirkefehérje (23,6%), friss csirkehús (20%), kukorica (12%), kukoricaliszt (11,2%), olajok és zsírok (7,7%), kukoricafehérje (5,6%), rizs (4%), cirok (4%), csirkefehérje (3%, hidrolizált), szárított cukorrépaszelet (2,5%), lenmag (2,2%),), lignocellulóz (1,6%), nátrium-klorid (0,4%), élesztősejtfal (0,4%, szárított, megfelel 0,083% MOS-nak és 0,076% béta-glükánnak), kálium-klorid (0,3%), cikória-inulin (0,2%). Analitikai összetevők: fehérje 30%, zsírtartalom 20%, nyershamu 7,2%, nyersrost 2,8%, kalcium 1,25%, foszfor 0,95%. Adalékanyagok/kg: tápértékkel rendelkező adalékanyagok: A-vitamin 15000 NE, D3-vitamin 1600 NE, réz (3b405) 12,5mg, vas (3b103) 250mg, jód (3b202) 2,2mg, mangán (3b503) 30mg, szelén (3b801) 0,35mg, cink (3b605/3b607) 140mg. Technológiai adalékanyagok: antioxidánsok. Nyomokban egyéb összetevőket is tartalmazhat. Tovább olvasok"}
{"breadcrumb": "Főoldal/Kutya/Eledelek/Száraz eledelek/SELECT GOLD Complete kutya szárazeledel medium senior csirke 12kg", "product_name": "SELECT GOLD Complete kutya szárazeledel medium senior csirke 12kgSELECT GOLD Complete kutya szárazeledel medium senior csirke 12kg", "brand": "SELECT GOLDComplete10,1 – 12kgIdősszárnyasközepes testű 11-25kg", "regular_price": "3 799", "selling_price": "3 299", "price_per_unit": "1 kg=1667 Ft", "product_url": "https://webshop.fressnapf.hu/termekek/select-gold-complete-medium-senior-kutyaeledel-csirke-pulykaval-12kg/", "product_description": "Teljes értékű eledel 11-25kg súlyú, közepes termetű kutyák számára kb. 9 éves kortól A SELECT GOLD Complete Medium Senior Csirke speciálisan kifejlesztett, kiegyensúlyozott, prémium minőségű szárazeledel közepes termetű (11-25 kg súlyú) idősebb kutyák számára, kb. 9 éves kortól. Ez a kiváló minőségű szárazeledel ízletes, friss csirkehús felhasználásával készül. Jól emészthető és szívesen fogadják a kutyák. Az egyedülálló receptúra kifejlesztésénél célzottan figyelembe vettük a közepes termetű idősebb kutyák táplálkozás-élettani követelményeit. Friss hússal Gondosan kiválasztott formula Búzamentes receptúra Optimálisan összehangolt teljes értékű megoldást nyújt, mely tökéletesen a közepes termetű kutyafajták igényeire van szabva. Biztosítja a közepes termetű idősebb kutyák (11–25 kg-os súly) optimális tápanyagszükségletét kb. 9 éves kortól. Módosított foszfortartalommal, mely segít a vesék terhelésének csökkentésében. Különleges növényi rostokkal, valamint élelmi rostokkal és lenmaggal, melyek hozzájárulhatnak az emésztés optimális működéséhez. Prebiotikus inulinnal, mely elősegítheti a stabil bélflóra kialakulását és fenntartását. Hozzáadott cukor és szója nélkül Mesterséges tartósítószerek, színezékek és ízesítők felhasználása nélkül Állatorvosok közreműködésével kifejlesztve Kifejezetten a közepes termetű fajták (11–25kg) állkapcsához igazított krokettméret idősebb kutyák számára. Optimálisan összeállított teljes értékű megoldás a szükségleteket kielégítő étrend érdekében Összetétel: friss csirkehús (20%), rizs (17,8%), kukorica (15%), csirkefehérje (12,7%), kukoricaliszt (9,5%), kukoricaglutén (5,9%), cirok (4%), csirkefehérje(3%, hidrolizált), szárított cukorrépaszelet (3%), olajok és zsírok (2,1%), lignocellulóz (2%), lenmag (1%), kalcium-karbonát (0,9%), kálium-klorid (0,4%), élesztősejtfal (0,4%, szárított, megfelel 0,083% MOS-nak és 0,076% béta-glükánnak), nátrium-klorid (0,25%), cikória-inulin (0,1%), glükózamin, állati szövetből (0,02%), kondroitin-szulfát (0,01%). Analitikai összetevők: fehérje 23%, zsírtartalom 12%, nyershamu 6,7%, nyersrost 3,5%, kalcium 1,1%, foszfor 0,65%. Adalékanyagok/kg: tápértékkel rendelkező adalékanyagok: A-vitamin 15000 NE, D3-vitamin 1600 NE, réz (3b405) 12,5mg, vas (3b103) 250mg, jód (3b202) 2mg, mangán (3b503) 35mg, szelén (3b801) 0,4mg, cink (3b605/3b607) 140mg. Technológiai adalékanyagok: antioxidánsok Nyomokban egyéb összetevőket is tartalmazhat. Tovább olvasok"}
{"breadcrumb": "Főoldal/Kutya/Eledelek/Száraz eledelek/Select Gold Complete kutya szárazeledel medium senior csirke 4kg", "product_name": "Select Gold Complete kutya szárazeledel medium senior csirke 4kgSelect Gold Complete kutya szárazeledel medium senior csirke 4kg", "brand": "SELECT GOLDComplete1,1kg – 4kgIdősszárnyasközepes testű 11-25kg", "regular_price": "8 799", "selling_price": "7 999", "price_per_unit": "1 kg=2000 Ft", "product_url": "https://webshop.fressnapf.hu/termekek/select-gold-complete-kutya-szarazeledel-medium-senior-csirke-4kg/", "product_description": "Teljes értékű eledel 11-25kg súlyú, közepes termetű kutyák számára kb. 9 éves kortól A SELECT GOLD Complete Medium Senior Csirke speciálisan kifejlesztett, kiegyensúlyozott, prémium minőségű szárazeledel közepes termetű (11-25 kg súlyú) idősebb kutyák számára, kb. 9 éves kortól. Ez a kiváló minőségű szárazeledel ízletes, friss csirkehús felhasználásával készül. Jól emészthető és szívesen fogadják a kutyák. Az egyedülálló receptúra kifejlesztésénél célzottan figyelembe vettük a közepes termetű idősebb kutyák táplálkozás-élettani követelményeit. Friss hússal Gondosan kiválasztott formula Búzamentes receptúra Optimálisan összehangolt teljes értékű megoldást nyújt, mely tökéletesen a közepes termetű kutyafajták igényeire van szabva. Biztosítja a közepes termetű idősebb kutyák (11–25 kg-os súly) optimális tápanyagszükségletét kb. 9 éves kortól. Módosított foszfortartalommal, mely segít a vesék terhelésének csökkentésében. Különleges növényi rostokkal, valamint élelmi rostokkal és lenmaggal, melyek hozzájárulhatnak az emésztés optimális működéséhez. Prebiotikus inulinnal, mely elősegítheti a stabil bélflóra kialakulását és fenntartását. Hozzáadott cukor és szója nélkül Mesterséges tartósítószerek, színezékek és ízesítők felhasználása nélkül Állatorvosok közreműködésével kifejlesztve Kifejezetten a közepes termetű fajták (11–25kg) állkapcsához igazított krokettméret idősebb kutyák számára. Optimálisan összeállított teljes értékű megoldás a szükségleteket kielégítő étrend érdekében Összetétel: friss csirkehús (20%), rizs (17,8%), kukorica (15%), csirkefehérje (12,7%), kukoricaliszt (9,5%), kukoricaglutén (5,9%), cirok (4%), csirkefehérje(3%, hidrolizált), szárított cukorrépaszelet (3%), olajok és zsírok (2,1%), lignocellulóz (2%), lenmag (1%), kalcium-karbonát (0,9%), kálium-klorid (0,4%), élesztősejtfal (0,4%, szárított, megfelel 0,083% MOS-nak és 0,076% béta-glükánnak), nátrium-klorid (0,25%), cikória-inulin (0,1%), glükózamin, állati szövetből (0,02%), kondroitin-szulfát (0,01%). Analitikai összetevők: fehérje 23%, zsírtartalom 12%, nyershamu 6,7%, nyersrost 3,5%, kalcium 1,1%, foszfor 0,65%. Adalékanyagok/kg: tápértékkel rendelkező adalékanyagok: A-vitamin 15000 NE, D3-vitamin 1600 NE, réz (3b405) 12,5mg, vas (3b103) 250mg, jód (3b202) 2mg, mangán (3b503) 35mg, szelén (3b801) 0,4mg, cink (3b605/3b607) 140mg. Technológiai adalékanyagok: antioxidánsok Nyomokban egyéb összetevőket is tartalmazhat. Tovább olvasok"}
{"breadcrumb": "Főoldal/Kutya/Eledelek/Száraz eledelek/SELECT GOLD Complete kutya szárazeledel mini adult csirke 10kg", "product_name": "SELECT GOLD Complete kutya szárazeledel mini adult csirke 10kgSELECT GOLD Complete kutya szárazeledel mini adult csirke 10kg", "brand": "SELECT GOLDComplete4,1kg – 10kgFelnőttszárnyasbőr&szőr ápolókistestű 10kg-ig", "regular_price": "16 399", "selling_price": "14 999", "price_per_unit": "1 kg=1500 Ft", "product_url": "https://webshop.fressnapf.hu/termekek/select-gold-complete-mini-adult-csirke-10kg/", "product_description": "Teljes értékű eledel 5-10kg súlyú, kis termetű kutyák számára kb. 8 hónapos kortól A SELECT GOLD Complete Mini Adult Csirke speciálisan kifejlesztett, kiegyensúlyozott, prémium minőségű szárazeledel kis termetű kifejlett kutyák számára, kb. 8 hónapos kortól (végsúly 5-10kg). Ez a kiváló minőségű szárazeledel ízletes, friss csirkehús felhasználásával készül. Jól emészthető és szívesen fogadják a kutyák. Az egyedülálló receptúra kifejlesztésénél célzottan figyelembe vettük a kis termetű kifejlett kutyák táplálkozás-élettani szükségleteit. Friss hússal Gondosan kiválasztott formula Búzamentes receptúra Optimálisan összehangolt teljes értékű megoldást nyújt, mely tökéletesen a kis termetű kutyafajták igényeire van szabva. Biztosítja a kis termetű kifejlett kutyák (5–10 kg-os súly) optimális tápanyagszükségletét kb. 8 hónapos kortól. Különleges növényi rostokkal, valamint élelmi rostokkal és lenmaggal, melyek hozzájárulhatnak az emésztés optimális működéséhez. Prebiotikus inulinnal, mely elősegítheti a stabil bélflóra kialakulását és fenntartását. Hozzáadott cukor és szója nélkül Mesterséges tartósítószerek, színezékek és ízesítők felhasználása nélkül Állatorvosok közreműködésével kifejlesztve Különösen apró krokettek, kifejezetten a kis termetű kutyák (5–10kg) állkapcsához igazítva. Optimálisan összeállított teljes értékű megoldás a szükségleteket kielégítő étrend érdekében Összetétel: friss csirkehús (20%), csirkefehérje (20%), kukorica (18%), kukoricaliszt (16,4%), olajok és zsírok (5,5%), rizs (4%), cirok (4%), csirkefehérje (3%, hidrolizált), szárított cukorrépaszelet (3%), lenmag (2%), lignocellulóz (1,2%), nátrium-klorid (0,3%), kálium-klorid (0,3%), monokalcium-foszfát (0,25%), kalcium-karbonát (0,2%), élesztősejtfal (0,2%, szárított, megfelel 0,038% MOS-nak és 0,042% béta-glükánnak), cikória-inulin (0,1%). Analitikai összetevők: fehérje 25%, zsírtartalom 16%, nyershamu 7,2%, nyersrost 3%, kalcium 1,25%, foszfor 0,95%. Adalékanyagok/kg: tápértékkel rendelkező adalékanyagok: A-vitamin 12000 NE, D3-vitamin 1500 NE, réz (3b405) 12,5mg, vas (3b103) 250mg, jód (3b202) 2mg,  mangán (3b503) 35mg,  szelén (3b801) 0,35mg, cink (3b605/3b607) 140mg. Technológiai adalékanyagok: antioxidánsok. Nyomokban egyéb összetevőket is tartalmazhat. Tovább olvasok"}
{"breadcrumb": "Főoldal/Kutya/Eledelek/Száraz eledelek/SELECT GOLD Complete kutya szárazeledel mini adult csirke 4kg", "product_name": "SELECT GOLD Complete kutya szárazeledel mini adult csirke 4kgSELECT GOLD Complete kutya szárazeledel mini adult csirke 4kg", "brand": "SELECT GOLDComplete1,1kg – 4kgFelnőttszárnyasbőr&szőr ápolókistestű 10kg-ig", "regular_price": "8 799", "selling_price": "7 999", "price_per_unit": "1 kg=2000 Ft", "product_url": "https://webshop.fressnapf.hu/termekek/select-gold-classic-adult-mini-csirkepulyka-szaraztap-felnott-kutyaknak-4kg/", "product_description": "Teljes értékű eledel 5-10kg súlyú, kis termetű kutyák számára kb. 8 hónapos kortól A SELECT GOLD Complete Mini Adult Csirke speciálisan kifejlesztett, kiegyensúlyozott, prémium minőségű szárazeledel kis termetű kifejlett kutyák számára, kb. 8 hónapos kortól (végsúly 5-10kg). Ez a kiváló minőségű szárazeledel ízletes, friss csirkehús felhasználásával készül. Jól emészthető és szívesen fogadják a kutyák. Az egyedülálló receptúra kifejlesztésénél célzottan figyelembe vettük a kis termetű kifejlett kutyák táplálkozás-élettani szükségleteit. Friss hússal Gondosan kiválasztott formula Búzamentes receptúra Optimálisan összehangolt teljes értékű megoldást nyújt, mely tökéletesen a kis termetű kutyafajták igényeire van szabva. Biztosítja a kis termetű kifejlett kutyák (5–10 kg-os súly) optimális tápanyagszükségletét kb. 8 hónapos kortól. Különleges növényi rostokkal, valamint élelmi rostokkal és lenmaggal, melyek hozzájárulhatnak az emésztés optimális működéséhez. Prebiotikus inulinnal, mely elősegítheti a stabil bélflóra kialakulását és fenntartását. Hozzáadott cukor és szója nélkül Mesterséges tartósítószerek, színezékek és ízesítők felhasználása nélkül Állatorvosok közreműködésével kifejlesztve Különösen apró krokettek, kifejezetten a kis termetű kutyák (5–10kg) állkapcsához igazítva. Optimálisan összeállított teljes értékű megoldás a szükségleteket kielégítő étrend érdekében Összetétel: friss csirkehús (20%), csirkefehérje (20%), kukorica (18%), kukoricaliszt (16,4%), olajok és zsírok (5,5%), rizs (4%), cirok (4%), csirkefehérje (3%, hidrolizált), szárított cukorrépaszelet (3%), lenmag (2%), lignocellulóz (1,2%), nátrium-klorid (0,3%), kálium-klorid (0,3%), monokalcium-foszfát (0,25%), kalcium-karbonát (0,2%), élesztősejtfal (0,2%, szárított, megfelel 0,038% MOS-nak és 0,042% béta-glükánnak), cikória-inulin (0,1%). Analitikai összetevők: fehérje 25%, zsírtartalom 16%, nyershamu 7,2%, nyersrost 3%, kalcium 1,25%, foszfor 0,95%. Adalékanyagok/kg: tápértékkel rendelkező adalékanyagok: A-vitamin 12000 NE, D3-vitamin 1500 NE, réz (3b405) 12,5mg, vas (3b103) 250mg, jód (3b202) 2mg,  mangán (3b503) 35mg,  szelén (3b801) 0,35mg, cink (3b605/3b607) 140mg. Technológiai adalékanyagok: antioxidánsok. Nyomokban egyéb összetevőket is tartalmazhat. Tovább olvasok"}
{"breadcrumb": "Főoldal/Kutya/Eledelek/Száraz eledelek/SELECT GOLD Complete kutya szárazeledel mini adult marha 10kg", "product_name": "SELECT GOLD Complete kutya szárazeledel mini adult marha 10kgSELECT GOLD Complete kutya szárazeledel mini adult marha 10kg", "brand": "SELECT GOLDComplete4,1kg – 10kgFelnőttmarha&borjúbőr&szőr ápolókistestű 10kg-ig", "regular_price": "17 399", "selling_price": "14 999", "price_per_unit": "1 kg=1500 Ft", "product_url": "https://webshop.fressnapf.hu/termekek/select-gold-complete-mini-adult-marha-10kg/", "product_description": "Teljes értékű eledel 5-10kg súlyú, kis termetű kutyák számára kb. 8 hónapos kortól A SELECT GOLD Complete Mini Adult Marha speciálisan kifejlesztett, kiegyensúlyozott, prémium minőségű szárazeledel kis termetű kifejlett kutyák számára, kb. 8 hónapos kortól (végsúly 5-10kg). Ez a kiváló minőségű szárazeledel ízletes, friss marhahús felhasználásával készül. Jól emészthető és szívesen fogadják a kutyák. Az egyedülálló receptúra kifejlesztésénél célzottan figyelembe vettük a kis termetű kifejlett kutyák táplálkozás-élettani szükségleteit. Friss hússal Gondosan kiválasztott formula Búzamentes receptúra Optimálisan összehangolt teljes értékű megoldást nyújt, mely tökéletesen a kis termetű kutyafajták igényeire van szabva. Biztosítja a kis termetű kifejlett kutyák (5–10 kg-os súly) optimális tápanyagszükségletét kb. 8 hónapos kortól. Különleges növényi rostokkal, valamint élelmi rostokkal és lenmaggal, melyek hozzájárulhatnak az emésztés optimális működéséhez. Prebiotikus inulinnal, mely elősegítheti a stabil bélflóra kialakulását és fenntartását. Hozzáadott cukor és szója nélkül Mesterséges tartósítószerek, színezékek és ízesítők felhasználása nélkül Állatorvosok közreműködésével kifejlesztve Különösen apró krokettek, kifejezetten a kis termetű kutyák (5–10kg) állkapcsához igazítva. Optimálisan összeállított teljes értékű megoldás a szükségleteket kielégítő étrend érdekében Összetétel: friss marhahús (20%), baromfifehérje (19%), kukorica (18%), kukoricaliszt (16,5%), olajok és zsírok (6%), rizs (4%), cirok (4%), szárított cukorrépaszelet (3,5%), baromfifehérje(3%, hidrolizált), lenmag (2,2%), lignocellulóz (1%), nátrium-klorid (0,4%), kalcium-karbonát (0,35%), kálium-klorid (0,3%), élesztősejtfal (0,2%, szárított, megfelel 0,038% MOS-nak és 0,042% béta-glükánnak), cikória-inulin (0,1%). Analitikai összetevők: fehérje 25%, zsírtartalom 16%, nyershamu 7,1%, nyersrost 3%, kalcium 1,2%, foszfor 0,85%. Adalékanyagok/kg: tápértékkel rendelkező adalékanyagok: A-vitamin 12000 NE, D3-vitamin 1500 NE, réz (3b405) 12,5mg, vas (3b103) 250mg, jód (3b202) 2mg, mangán (3b503) 35mg, szelén (3b801) 0,35mg, cink (3b605/3b607) 140mg. Technológiai adalékanyagok: antioxidánsok. Nyomokban egyéb összetevőket is tartalmazhat. Tovább olvasok"}
{"breadcrumb": "Főoldal/Kutya/Eledelek/Száraz eledelek/SELECT GOLD Complete kutya szárazeledel mini adult marha 1kg", "product_name": "SELECT GOLD Complete kutya szárazeledel mini adult marha 1kgSELECT GOLD Complete kutya szárazeledel mini adult marha 1kg", "brand": "SELECT GOLDComplete801g – 1kgFelnőttmarha&borjúbőr&szőr ápolókistestű 10kg-ig", "regular_price": "3 399", "selling_price": "2 999", "price_per_unit": "1 kg=2999 Ft", "product_url": "https://webshop.fressnapf.hu/termekek/select-gold-complete-mini-kutyaeledel-marha-1kg/", "product_description": "Teljes értékű eledel 5-10kg súlyú, kis termetű kutyák számára kb. 8 hónapos kortól A SELECT GOLD Complete Mini Adult Marha speciálisan kifejlesztett, kiegyensúlyozott, prémium minőségű szárazeledel kis termetű kifejlett kutyák számára, kb. 8 hónapos kortól (végsúly 5-10kg). Ez a kiváló minőségű szárazeledel ízletes, friss marhahús felhasználásával készül. Jól emészthető és szívesen fogadják a kutyák. Az egyedülálló receptúra kifejlesztésénél célzottan figyelembe vettük a kis termetű kifejlett kutyák táplálkozás-élettani szükségleteit. Friss hússal Gondosan kiválasztott formula Búzamentes receptúra Optimálisan összehangolt teljes értékű megoldást nyújt, mely tökéletesen a kis termetű kutyafajták igényeire van szabva. Biztosítja a kis termetű kifejlett kutyák (5–10 kg-os súly) optimális tápanyagszükségletét kb. 8 hónapos kortól. Különleges növényi rostokkal, valamint élelmi rostokkal és lenmaggal, melyek hozzájárulhatnak az emésztés optimális működéséhez. Prebiotikus inulinnal, mely elősegítheti a stabil bélflóra kialakulását és fenntartását. Hozzáadott cukor és szója nélkül Mesterséges tartósítószerek, színezékek és ízesítők felhasználása nélkül Állatorvosok közreműködésével kifejlesztve Különösen apró krokettek, kifejezetten a kis termetű kutyák (5–10kg) állkapcsához igazítva. Optimálisan összeállított teljes értékű megoldás a szükségleteket kielégítő étrend érdekében Összetétel: friss marhahús (20%), baromfifehérje (19%), kukorica (18%), kukoricaliszt (16,5%), olajok és zsírok (6%), rizs (4%), cirok (4%), szárított cukorrépaszelet (3,5%), baromfifehérje(3%, hidrolizált), lenmag (2,2%), lignocellulóz (1%), nátrium-klorid (0,4%), kalcium-karbonát (0,35%), kálium-klorid (0,3%), élesztősejtfal (0,2%, szárított, megfelel 0,038% MOS-nak és 0,042% béta-glükánnak), cikória-inulin (0,1%). Analitikai összetevők: fehérje 25%, zsírtartalom 16%, nyershamu 7,1%, nyersrost 3%, kalcium 1,2%, foszfor 0,85%. Adalékanyagok/kg: tápértékkel rendelkező adalékanyagok: A-vitamin 12000 NE, D3-vitamin 1500 NE, réz (3b405) 12,5mg, vas (3b103) 250mg, jód (3b202) 2mg, mangán (3b503) 35mg, szelén (3b801) 0,35mg, cink (3b605/3b607) 140mg. Technológiai adalékanyagok: antioxidánsok. Nyomokban egyéb összetevőket is tartalmazhat. Tovább olvasok"}
{"breadcrumb": "Főoldal/Kutya/Eledelek/Száraz eledelek/SELECT GOLD Complete kutya szárazeledel mini adult marha 4kg", "product_name": "SELECT GOLD Complete kutya szárazeledel mini adult marha 4kgSELECT GOLD Complete kutya szárazeledel mini adult marha 4kg", "brand": "SELECT GOLDComplete1,1kg – 4kgFelnőttmarha&borjúbőr&szőr ápolókistestű 10kg-ig", "regular_price": "8 799", "selling_price": "7 999", "price_per_unit": "1 kg=2000 Ft", "product_url": "https://webshop.fressnapf.hu/termekek/select-gold-classic-adult-mini-marha-szaraztap-felnott-kutyaknak-4kg/", "product_description": "Teljes értékű eledel 5-10kg súlyú, kis termetű kutyák számára kb. 8 hónapos kortól A SELECT GOLD Complete Mini Adult Marha speciálisan kifejlesztett, kiegyensúlyozott, prémium minőségű szárazeledel kis termetű kifejlett kutyák számára, kb. 8 hónapos kortól (végsúly 5-10kg). Ez a kiváló minőségű szárazeledel ízletes, friss marhahús felhasználásával készül. Jól emészthető és szívesen fogadják a kutyák. Az egyedülálló receptúra kifejlesztésénél célzottan figyelembe vettük a kis termetű kifejlett kutyák táplálkozás-élettani szükségleteit. Friss hússal Gondosan kiválasztott formula Búzamentes receptúra Optimálisan összehangolt teljes értékű megoldást nyújt, mely tökéletesen a kis termetű kutyafajták igényeire van szabva. Biztosítja a kis termetű kifejlett kutyák (5–10 kg-os súly) optimális tápanyagszükségletét kb. 8 hónapos kortól. Különleges növényi rostokkal, valamint élelmi rostokkal és lenmaggal, melyek hozzájárulhatnak az emésztés optimális működéséhez. Prebiotikus inulinnal, mely elősegítheti a stabil bélflóra kialakulását és fenntartását. Hozzáadott cukor és szója nélkül Mesterséges tartósítószerek, színezékek és ízesítők felhasználása nélkül Állatorvosok közreműködésével kifejlesztve Különösen apró krokettek, kifejezetten a kis termetű kutyák (5–10kg) állkapcsához igazítva. Optimálisan összeállított teljes értékű megoldás a szükségleteket kielégítő étrend érdekében Összetétel: friss marhahús (20%), baromfifehérje (19%), kukorica (18%), kukoricaliszt (16,5%), olajok és zsírok (6%), rizs (4%), cirok (4%), szárított cukorrépaszelet (3,5%), baromfifehérje(3%, hidrolizált), lenmag (2,2%), lignocellulóz (1%), nátrium-klorid (0,4%), kalcium-karbonát (0,35%), kálium-klorid (0,3%), élesztősejtfal (0,2%, szárított, megfelel 0,038% MOS-nak és 0,042% béta-glükánnak), cikória-inulin (0,1%). Analitikai összetevők: fehérje 25%, zsírtartalom 16%, nyershamu 7,1%, nyersrost 3%, kalcium 1,2%, foszfor 0,85%. Adalékanyagok/kg: tápértékkel rendelkező adalékanyagok: A-vitamin 12000 NE, D3-vitamin 1500 NE, réz (3b405) 12,5mg, vas (3b103) 250mg, jód (3b202) 2mg, mangán (3b503) 35mg, szelén (3b801) 0,35mg, cink (3b605/3b607) 140mg. Technológiai adalékanyagok: antioxidánsok. Nyomokban egyéb összetevőket is tartalmazhat. Tovább olvasok"}
{"breadcrumb": "Főoldal/Kutya/Eledelek/Száraz eledelek/SELECT GOLD Complete kutya szárazeledel mini junior csirke 4kg", "product_name": "SELECT GOLD Complete kutya szárazeledel mini junior csirke 4kgSELECT GOLD Complete kutya szárazeledel mini junior csirke 4kg", "brand": "SELECT GOLDComplete1,1kg – 4kgKölyökszárnyasízület védelemkistestű 10kg-ig", "regular_price": "8 799", "selling_price": "7 999", "price_per_unit": "1 kg=2000 Ft", "product_url": "https://webshop.fressnapf.hu/termekek/select-gold-classic-junior-mini-csirkepulyka-szaraztap-kolyok-kutyaknak-4kg/", "product_description": "Teljes értékű eledel 5-10kg-os, kis termetű kutyáknak számára kb. 8 hónapos korig. A SELECT GOLD Complete Mini Junior Csirke speciálisan kifejlesztett, kiegyensúlyozott prémium szárazeledel kölyök- és fiatal kutyák számára kb. 8 hónapos korig, valamint kis termetű vemhes és szoptató szukák számára (végsúly 5–10 kg). Ez a kiváló minőségű szárazeledel ízletes, friss csirkehús felhasználásával készül. Jól emészthető és szívesen fogadják a kutyák. A prémium minőségű receptúra kifejlesztésénél célzottan figyelembe vettük a kis termetű kölyök- és fiatal kutyák táplálkozás-élettani szükségleteit. Friss hússal Gondosan kiválasztott formula Búzamentes receptúra Optimálisan összehangolt teljes értékű megoldást nyújt, mely tökéletesen a kis termetű kutyafajták igényeire van szabva. Biztosítja a optimális tápanyagellátást a legfontosabb növekedési fázisban. Kölyök- és fiatal kutyák számára az elválasztástól kb. 8 hónapos korig, valamint kis termetű, vemhes és szoptató szukák számára (végsúly 5–10 kg). Kalciummal, foszforral és D3-vitaminnal, ami elősegítheti a csontok és fogak megfelelő fejlődését. DHA-val: Az omega-3 zsírsavak hozzájárulhatnak a szervek és az agy fejlődéséhez. Különleges növényi rostokkal, valamint élelmi rostokkal és lenmaggal, melyek hozzájárulhatnak az emésztés optimális működéséhez. Prebiotikus inulinnal, mely elősegítheti a stabil bélflóra kialakulását és fenntartását. Hozzáadott cukor és szója nélkül Mesterséges tartósítószerek, színezékek és ízesítők felhasználása nélkül Állatorvosok közreműködésével kifejlesztve Kifejezetten a kis termetű kölyök- és fiatal kutyák szükségleteihez (5– 10kg) igazított krokettek. Optimálisan összeállított teljes értékű megoldás a szükségleteket kielégítő étrend érdekében Összetétel: csirkefehérje (28,7%), friss csirkehús (20%), kukorica (12,7%), kukoricaliszt (12%), olajok és zsírok (7,6%), cirok (4%), rizs (4%), csirkefehérje(3%, hidrolizált), szárított cukorrépaszelet (2%), lenmag (2%), lignocellulóz (1,7%), nátrium-klorid (0,3%), kálium-klorid (0,25%), élesztősejtfal (0,2%, szárított, megfelel 0,038% MOS-nak és 0,042% béta-glükánnak), cikória-inulin (0,1%). Analitikai összetevők: fehérje 30%, zsírtartalom 20%, nyershamu 7,5%, nyersrost 3%,kalcium 1,3%, foszfor 1%. Adalékanyagok/kg: tápértékkel rendelkező adalékanyagok: A-vitamin 15000 NE, D3-vitamin 1600 NE, réz (3b405) 12,5mg, vas (3b103) 250mg, jód (3b202) 2mg, mangán (3b503) 35mg, szelén (3b801) 0,35mg, cink (3b605/3b607) 140mg. Technológiai adalékanyagok: antioxidánsok. Nyomokban egyéb összetevőket is tartalmazhat. Tovább olvasok"}
{"breadcrumb": "Főoldal/Kutya/Eledelek/Száraz eledelek/SELECT GOLD Complete kutya szárazeledel mini senior csirke 4kg", "product_name": "SELECT GOLD Complete kutya szárazeledel mini senior csirke 4kgSELECT GOLD Complete kutya szárazeledel mini senior csirke 4kg", "brand": "SELECT GOLDComplete1,1kg – 4kgIdősszárnyasgyomor&emésztéskistestű 10kg-ig", "regular_price": "8 799", "selling_price": "7 999", "price_per_unit": "1 kg=2000 Ft", "product_url": "https://webshop.fressnapf.hu/termekek/select-gold-complete-mini-senior-kutyaeledel-csirke-pulykaval-4kg/", "product_description": "Teljes értékű eledel 5-10kg súlyú, kis termetű kutyák számára kb. 9 éves kortól A SELECT GOLD Complete Mini Senior Csirke speciálisan kifejlesztett, kiegyensúlyozott, prémium minőségű szárazeledel kis termetű idősebb kutyák számára (5-10kg-os súly), kb. 9 éves kortól. Ez a kiváló minőségű szárazeledel ízletes, friss csirkehús felhasználásával készül. Jól emészthető és szívesen fogadják a kutyák. Az egyedülálló receptúra kifejlesztésénél célzottan figyelembe vettük a kis termetű idősebb kutyák táplálkozás-élettani szükségleteit. Friss hússal Gondosan kiválasztott formula Búzamentes receptúra Optimálisan összehangolt teljes értékű megoldást nyújt, mely tökéletesen a kis termetű kutyafajták igényeire van szabva. Biztosítja a kis termetű idősebb kutyák (5–10 kg-os súly) optimális tápanyagszükségletét kb. 9 éves kortól Módosított foszfortartalommal, mely segít a vesék terhelésének csökkentésében. Különleges növényi rostokkal, valamint élelmi rostokkal és lenmaggal, melyek hozzájárulhatnak az emésztés optimális működéséhez. Prebiotikus inulinnal, mely elősegítheti a stabil bélflóra kialakulását és fenntartását. Hozzáadott cukor és szója nélkül Mesterséges tartósítószerek, színezékek és ízesítők felhasználása nélkül Állatorvosok közreműködésével kifejlesztve Különösen apró krokettek, kifejezetten a kis termetű kutyák (5–10kg) állkapcsához igazítva. Optimálisan összeállított teljes értékű megoldás a szükségleteket kielégítő étrend érdekében Összetétel: friss csirkehús (20%), rizs (17,3%), kukorica (15%), csirkefehérje (13,3%), kukoricaliszt (10%), kukoricaglutén (4,8%), cirok (4%), csirkefehérje(3%, hidrolizált), szárított cukorrépaszelet (3%), olajok és zsírok (2,3%), lenmag (2%), lignocellulóz (2%), kalcium-karbonát (0,7%), kálium-klorid (0,4%), nátrium-klorid (0,25%), élesztősejtfal (0,2%, szárított, megfelel 0,038% MOS-nak és 0,042% béta-glükánnak), cikória-inulin (0,1%), glükózamin, állati szövetből (0,02%), kondroitin-szulfát (0,01%). Analitikai összetevők: fehérje 23%, zsírtartalom 12%, nyershamu 6,5%, nyersrost 3,5%, kalcium 1,15%, foszfor 0,66%. Adalékanyagok/kg: tápértékkel rendelkező adalékanyagok: A-vitamin 15000 NE, D3-vitamin 1600 NE, réz (3b405) 12,5mg, vas (3b103) 250mg, jód (3b202) 2,4mg, mangán (3b503) 35mg, szelén (3b801) 0,35mg, cink (3b605/3b607) 140mg. Technológiai adalékanyagok: antioxidánsok. Nyomokban egyéb összetevőket is tartalmazhat. Tovább olvasok"}
{"breadcrumb": "Főoldal/Kutya/Eledelek/Száraz eledelek/SELECT GOLD Complete kutya szárazeledel XS adult marha 1kg", "product_name": "SELECT GOLD Complete kutya szárazeledel XS adult marha 1kgSELECT GOLD Complete kutya szárazeledel XS adult marha 1kg", "brand": "SELECT GOLDComplete801g – 1kgFelnőttmarha&borjúkistestű 10kg-ig", "regular_price": "3 399", "selling_price": "2 999", "price_per_unit": "1 kg=2999 Ft", "product_url": "https://webshop.fressnapf.hu/termekek/select-gold-complete-xs-adult-marha-1kg/", "product_description": "Teljes értékű eledel nagyon kis termetű kutyák számára 4kg-ig, kb. 8 hónapos kortól. A SELECT GOLD Complete XS Adult Marha speciálisan kifejlesztett, kiegyensúlyozott, prémium minőségű szárazeledel nagyon kis termetű (4kg-os súlyig) kifejlett kutyák számára, kb. 8 hónapos kortól. Ez a kiváló minőségű szárazeledel ízletes, friss marhahús felhasználásával készül. Jól emészthető és szívesen fogadják a kutyák. Az egyedülálló receptúra kifejlesztésénél célzottan figyelembe vettük a nagyon kis termetű kifejlett kutyák táplálkozás-élettani szükségleteit. Friss hússal Gondosan kiválasztott formula Búzamentes receptúra Optimálisan összehangolt teljes értékű megoldást nyújt, mely tökéletesen a nagyon kis termetű kutyafajták igényeire van szabva. Biztosítja a nagyon kis termetű kifejlett kutyák (4 kg-os súlyig) optimális tápanyagszükségletét kb. 8 hónapos kortól. Különleges növényi rostokkal, valamint élelmi rostokkal és lenmaggal, melyek hozzájárulhatnak az emésztés optimális működéséhez. Prebiotikus inulinnal, mely elősegítheti a stabil bélflóra kialakulását és fenntartását. Hozzáadott cukor és szója nélkül Mesterséges tartósítószerek, színezékek és ízesítők felhasználása nélkül Állatorvosok közreműködésével kifejlesztve Különösen apró krokettek, kifejezetten a 4 kg alatti kis termetű kutyák állkapcsához igazítva. Optimálisan összeállított teljes értékű megoldás a szükségleteket kielégítő étrend érdekében Összetétel: friss marhahús (20%), baromfifehérje (20%), kukorica (18%), kukoricaliszt (16%), olajok és zsírok (4,3%), rizs (4%), cirok (4%), szárított cukorrépaszelet (3,5%), baromfifehérje(3%, hidrolizált), lenmag (2%), lignocellulóz (1,3%), nátrium-klorid (0,4%), kálium-klorid (0,25%), kalcium-szulfát-dihidrát (0,2%), élesztősejtfal (0,2%, szárított, megfelel 0,038% MOS-nak és 0,042% béta-glükánnak), cikória-inulin (0,1%). Analitikai összetevők: fehérje 25%, zsírtartalom 16%, nyershamu 6,8%, nyersrost 3%, kalcium 1,2%, foszfor 0,9%. Adalékanyagok/kg: tápértékkel rendelkező adalékanyagok: A-vitamin 12000 NE, D3-vitamin 1500 NE, réz (3b405) 12,5mg, vas (3b103) 250mg, jód (3b202) 2mg, mangán (3b503) 35mg, szelén (3b801) 0,35mg, cink (3b605/3b607) 140mg. Technológiai adalékanyagok: antioxidánsok. Nyomokban egyéb összetevőket is tartalmazhat. Tovább olvasok"}
{"breadcrumb": "Főoldal/Kutya/Eledelek/Száraz eledelek/Select Gold Complete Maxi junior száraz kutyaeledel marha 12kg", "product_name": "Select Gold Complete Maxi junior száraz kutyaeledel marha 12kgSelect Gold Complete Maxi junior száraz kutyaeledel marha 12kg", "brand": "SELECT GOLDComplete10,1 – 12kgKölyökmarha&borjú", "regular_price": "9 999", "selling_price": "8 999", "price_per_unit": "1 kg=1500 Ft", "product_url": "https://webshop.fressnapf.hu/termekek/select-gold-complete-maxi-junior-szaraz-kutyaeledel-marha-12kg/", "product_description": "Teljes értékű eledel nagy termetű kutyák számára (25kg-tól), kb. 15 hónapos korig. A SELECT GOLD Complete Maxi Junior Marha speciálisan kifejlesztett, kiegyensúlyozott prémium szárazeledel nagy termetű (25 kg feletti végsúlyú) kölyök- és fiatal kutyák számára az elválasztástól kb. 15 hónapos korig, valamint nagy termetű (25 kg feletti végsúlyú) vemhes és szoptató kutyák számára. Ez a kiváló minőségű szárazeledel ízletes, friss marhahús felhasználásával készül. Jól emészthető és szívesen fogadják a kutyák. A prémium minőségű receptúra kifejlesztésénél célzottan figyelembe vettük a növekedésben lévő kölykök és fiatal kutyák táplálkozás-élettani szükségleteit. Friss hússal Gondosan kiválasztott formula Búzamentes receptúra Optimálisan összeállított, teljes értékű megoldást kínál, amely tökéletesen igazodik a nagy termetű kutyafajták igényeihez. Biztosítja a optimális tápanyagellátást a legfontosabb növekedési fázisban. Nagy termetű (25 kg feletti végsúlyú) kölyök- és fiatal kutyák számára az elválasztástól kb. 15 hónapos korig, valamint nagy termetű, vemhes és szoptató szukák számára (25 kg feletti végsúly). Kalciummal, foszforral és D3-vitaminnal, ami elősegítheti a csontok és fogak megfelelő fejlődését. DHA-val: Az omega-3 zsírsavak hozzájárulhatnak a szervek és az agy fejlődéséhez. A glükózamin és a kondroitin-szulfát a porcok és az ízületek alapvető alkotóelemei. Különleges növényi rostokkal, valamint élelmi rostokkal és lenmaggal, melyek hozzájárulhatnak az emésztés optimális működéséhez. Prebiotikus inulinnal, mely elősegítheti a stabil bélflóra kialakulását és fenntartását. Hozzáadott cukor és szója nélkül Mesterséges tartósítószerek, színezékek és ízesítők felhasználása nélkül Állatorvosok közreműködésével kifejlesztve Kifejezetten a nagy termetű fajták (> 25kg) állkapcsához igazított krokettméret. Optimálisan összeállított teljes értékű megoldás a szükségleteket kielégítő étrend érdekében Összetétel: friss marhahús (20%), baromfifehérje (19,5%), kukorica (15%), kukoricaliszt (13%), marhatepertő(6,5%), olajok és zsírok (6,3%), rizs (4%), cirok (4%), hidrolizált baromfifehérje (3%), szárított répaszeletek (2,5%), lenmag (2,2%), lignocellulóz (1,5%), nátrium-klorid (0,3%), kálium-klorid (0,2%), élesztősejtfal (0,2%, szárított, 0,038% MOS-nak és 0,042% béta-glükánnak felel meg), monokalcium-foszfát (0,15%), cikóriainulin (0,1%), állati szövetből kinyert glükózamin (0,02%), kondroitin-szulfát (0,01%). Analitikai összetevők: fehérje 30%,  zsírtartalom 16%,  nyershamu 7%,  nyersrost 3%, kalcium 1,2%, foszfor 0,95%. Adalékanyagok/kg: tápértékkel rendelkező adalékanyagok: A-vitamin 15000 NE, D3-vitamin 1600 NE, réz (3b405) 12,5mg,  vas (3b103) 250mg,  jód (3b202) 2,1mg,  mangán (3b503) 30mg,  szelén (3b801) 0,4mg,  cink (3b605/3b607) 140mg. Technológiai adalékanyagok: antioxidánsok Nyomokban egyéb összetevőket is tartalmazhat. Tovább olvasok"}
{"breadcrumb": "Főoldal/Kutya/Eledelek/Száraz eledelek/Select Gold Complete Maxi junior száraz kutyaeledel marha 4kg", "product_name": "Select Gold Complete Maxi junior száraz kutyaeledel marha 4kgSelect Gold Complete Maxi junior száraz kutyaeledel marha 4kg", "brand": "SELECT GOLDComplete1,1kg – 4kgKölyökmarha&borjú", "regular_price": "8 799", "selling_price": "7 999", "price_per_unit": "1 kg=2000 Ft", "product_url": "https://webshop.fressnapf.hu/termekek/select-gold-complete-maxi-junior-szaraz-kutyaeledel-marha-4kg/", "product_description": "Teljes értékű eledel nagy termetű kutyák számára (25kg-tól), kb. 15 hónapos korig. A SELECT GOLD Complete Maxi Junior Marha speciálisan kifejlesztett, kiegyensúlyozott prémium szárazeledel nagy termetű (25 kg feletti végsúlyú) kölyök- és fiatal kutyák számára az elválasztástól kb. 15 hónapos korig, valamint nagy termetű (25 kg feletti végsúlyú) vemhes és szoptató kutyák számára. Ez a kiváló minőségű szárazeledel ízletes, friss marhahús felhasználásával készül. Jól emészthető és szívesen fogadják a kutyák. A prémium minőségű receptúra kifejlesztésénél célzottan figyelembe vettük a növekedésben lévő kölykök és fiatal kutyák táplálkozás-élettani szükségleteit. Friss hússal Gondosan kiválasztott formula Búzamentes receptúra Optimálisan összeállított, teljes értékű megoldást kínál, amely tökéletesen igazodik a nagy termetű kutyafajták igényeihez. Biztosítja a optimális tápanyagellátást a legfontosabb növekedési fázisban. Nagy termetű (25 kg feletti végsúlyú) kölyök- és fiatal kutyák számára az elválasztástól kb. 15 hónapos korig, valamint nagy termetű, vemhes és szoptató szukák számára (25 kg feletti végsúly). Kalciummal, foszforral és D3-vitaminnal, ami elősegítheti a csontok és fogak megfelelő fejlődését. DHA-val: Az omega-3 zsírsavak hozzájárulhatnak a szervek és az agy fejlődéséhez. A glükózamin és a kondroitin-szulfát a porcok és az ízületek alapvető alkotóelemei. Különleges növényi rostokkal, valamint élelmi rostokkal és lenmaggal, melyek hozzájárulhatnak az emésztés optimális működéséhez. Prebiotikus inulinnal, mely elősegítheti a stabil bélflóra kialakulását és fenntartását. Hozzáadott cukor és szója nélkül Mesterséges tartósítószerek, színezékek és ízesítők felhasználása nélkül Állatorvosok közreműködésével kifejlesztve Kifejezetten a nagy termetű fajták (> 25kg) állkapcsához igazított krokettméret. Optimálisan összeállított teljes értékű megoldás a szükségleteket kielégítő étrend érdekében Összetétel: friss marhahús (20%), baromfifehérje (19,5%), kukorica (15%), kukoricaliszt (13%), marhatepertő(6,5%), olajok és zsírok (6,3%), rizs (4%), cirok (4%), hidrolizált baromfifehérje (3%), szárított répaszeletek (2,5%), lenmag (2,2%), lignocellulóz (1,5%), nátrium-klorid (0,3%), kálium-klorid (0,2%), élesztősejtfal (0,2%, szárított, 0,038% MOS-nak és 0,042% béta-glükánnak felel meg), monokalcium-foszfát (0,15%), cikóriainulin (0,1%), állati szövetből kinyert glükózamin (0,02%), kondroitin-szulfát (0,01%). Analitikai összetevők: fehérje 30%,  zsírtartalom 16%,  nyershamu 7%,  nyersrost 3%, kalcium 1,2%, foszfor 0,95%. Adalékanyagok/kg: tápértékkel rendelkező adalékanyagok: A-vitamin 15000 NE, D3-vitamin 1600 NE, réz (3b405) 12,5mg,  vas (3b103) 250mg,  jód (3b202) 2,1mg,  mangán (3b503) 30mg,  szelén (3b801) 0,4mg,  cink (3b605/3b607) 140mg. Technológiai adalékanyagok: antioxidánsok Nyomokban egyéb összetevőket is tartalmazhat. Tovább olvasok"}
{"breadcrumb": "Főoldal/Kutya/Eledelek/Száraz eledelek/Select Gold Complete maxi senior száraz kutyaeledel csirke 4kg", "product_name": "Select Gold Complete maxi senior száraz kutyaeledel csirke 4kgSelect Gold Complete maxi senior száraz kutyaeledel csirke 4kg", "brand": "SELECT GOLDComplete1,1kg – 4kgIdősszárnyas", "regular_price": "8 799", "selling_price": "7 999", "price_per_unit": "1 kg=2000 Ft", "product_url": "https://webshop.fressnapf.hu/termekek/select-gold-complete-maxi-senior-szaraz-kutyaeledel-csirke-4kg/", "product_description": "A SELECT GOLD Complete MAXI Senior Csirke egy speciálisan kifejlesztett, kiegyensúlyozott, prémium minőségű szárazeledel nagy termetű (súly > 25kg) idősebb kutyák számára kb. 8 éves kortól. Ez a kiváló minőségű szárazeledel ízletes, friss csirkehús felhasználásával készül. Jól emészthető, és szívesen fogadják a kutyák. Az egyedülálló receptúra kifejlesztésénél célzottan figyelembe vettük a nagy termetű idősebb kutyák táplálkozás-élettani követelményeit. Teljes értékű eledel nagy termetű, 25kg-nál nehezebb kutyák számára kb. 8 éves kortól. Állatorvosok közreműködésével kifejlesztve. Optimálisan összeállított teljes értékű megoldás. Friss hússal. Teljes körű gondoskodás formula. Búzamentes receptúra. Optimálisan fedezi a nagy termetű kifejlett kutyák (25kg feletti súly) tápanyagszükségletét kb. 8 éves kortól. Megfelelően beállított foszfortartalommal, ami segíthet a vesék tehermentesítésében. A glükózamin és a kondroitin-szulfát a porcok és az ízületek alapvető alkotóelemei. Különleges növényi rostokkal, valamint élelmi rostokkal és lenmaggal, melyek hozzájárulhatnak az emésztés optimális működéséhez. Prebiotikus inulinnal, mely elősegítheti a stabil bélflóra kialakulását és fenntartását. Hozzáadott cukor és szója nélkül. Mesterséges tartósítószerek, színezékek és ízesítők felhasználása nélkül. Kifejezetten a nagy termetű fajták (> 25kg) állkapcsához igazított krokettméret. Összetétel: friss csirkehús (20%), rizs (17,8%), kukorica (16%), csirkefehérje (13,2%), kukoricaliszt (9%), kukoricaglutén (5,4%), cirok (4%), szárított répaszeletek (3,5%), hidrolizált csirkefehérje (3%), olajok és zsírok (2,2%), lignocellulóz (2%), lenmag (1%), kalcium-karbonát (0,65%), kálium-klorid (0,4%), nátrium-klorid (0,25%), élesztősejtfal (0,2%, szárított, megfelel 0,038% MOS-nak és 0,042% béta-glükánnak), cikóriainulin (0,1%), állati szövetből kinyert glükózamin (0,02%), kondroitin-szulfát (0,01%). Nyomokban egyéb összetevőket is tartalmazhat. Analitikai összetevők: Fehérje 23%, zsírtartalom 11%, nyershamu 6,4%, nyersrost 3%, kalcium 1,1%, foszfor 0,66%. Adalékanyagok kilogrammonként: A-vitamin 15000 NE, D3-vitamin 1600 NE, réz 12,5 mg, vas 250 mg, jód 2,1 mg, mangán 30 mg, szelén 0,4 mg, cink 140 mg. Tovább olvasok"}
{"breadcrumb": "Főoldal/Kutya/Eledelek/Száraz eledelek/Select Gold Complete maxi száraz kutyaeledel adult csirke 4kg", "product_name": "Select Gold Complete maxi száraz kutyaeledel adult csirke 4kgSelect Gold Complete maxi száraz kutyaeledel adult csirke 4kg", "brand": "SELECT GOLDComplete1,1kg – 4kgFelnőttszárnyas", "regular_price": "8 799", "selling_price": "7 999", "price_per_unit": "1 kg=2000 Ft", "product_url": "https://webshop.fressnapf.hu/termekek/select-gold-complete-maxi-szaraz-kutyaeledel-adult-csirke-4kg/", "product_description": "A SELECT GOLD Complete MAXI Adutt Csirke egy speciálisan kifejlesztett, kiegyensúlyozott, prémium minőségű szárazeledel nagy termetű (25kg-nál nagyobb súlyú) kifejlett kutyák számára kb. 15 hónapos kortól. Ez a kiváló minőségű szárazeledel ízletes, friss csirkehús felhasználásával készül. Jól emészthető és szívesen fogadják a kutyák. Az egyedülálló receptúra kifejlesztésénél célzottan figyelembe vettük a nagy termetű kifejlett kutyák táplálkozás-élettani követelményeit. Teljes értékű eledel nagy termetű kutyák számára (25kg-tól), kb. 15 hónapos kortól. Állatorvosok közreműködésével kifejlesztve. Optimálisan összeállított teljes értékű megoldás. Friss hússal. Teljes körű gondoskodás formula. Búzamentes receptúra. Optimálisan fedezi a nagy méretű (25kg feletti súlyú) kifejlett kutyák tápanyagszükségletét kb. 15 hónapos kortól. A glükózamin és a kondroitin-szulfát a porcok és az ízületek alapvető alkotóelemei. Különleges növényi rostokkal, valamint élelmi rostokkal és lenmaggal, melyek hozzájárulhatnak az emésztés optimális működéséhez. Prebiotikus inulinnal, mely elősegítheti a stabil bélflóra kialakulását és fenntartását. Hozzáadott cukor és szója nélkül. Mesterséges tartósítószerek, színezékek és ízesítők felhasználása nélkül. Kifejezetten a nagy termetű fajták (> 25kg) állkapcsához igazított krokettméret. Összetétel: friss csirkehús (20%), csirkefehérje (20%), kukorica (18%), kukoricaliszt (17%), rizs (7,5%), cirok (4%), hidrolizált csirkefehérje (3%), szárított cukorrépaszelet (3%), olajok és zsírok (2%), lignocellulóz (1,2%), lenmag (1%), nátrium-klorid (0,4%), kalcium-karbonát (0,4%), kálium-klorid (0,25%), élesztősejtfal (0,2%, szárított, megfelel 0,038% MOS-nak és 0,042% béta-glükánnak), cikóriainulin (0,1%), állati szövetből kinyert glükózamin (0,02%), kondroitin-szulfát (0,01%). Nyomokban egyéb összetevőket is tartalmazhat. Analitikai összetevők: Fehérje 25%, zsírtartalom 12%, nyershamu 7,2%, nyersrost 2,5%, kalcium 1,25%, foszfor 0,85%. Adalékanyagok kilogrammonként: A-vitamin 15000 NE, D3-vitamin 1600 NE, réz 12,5 mg, vas 250 mg, jód 2,1 mg, mangán 30 mg, szelén 0,35 mg, cink 140 mg. Tovább olvasok"}
{"breadcrumb": "Főoldal/Kutya/Eledelek/Nedves eledelek/Select Gold Complete Soft babydog&mother kutya konzerv 6x360g", "product_name": "Select Gold Complete Soft babydog&mother kutya konzerv 6x360gSelect Gold Complete Soft babydog&mother kutya konzerv 6x360g", "brand": "SELECT GOLDComplete201g – 400gKölyökszárnyaspástétomvemhes vagy szoptatókonzerv", "regular_price": "5 094", "selling_price": "4 794", "price_per_unit": "1399 Ft", "product_url": "https://webshop.fressnapf.hu/termekek/select-gold-complete-soft-babydogmother-kutya-konzerv-6x360g/", "product_description": "SELECT GOLD Complete Soft Mousse Baby Dog & Mother. Teljes értékű eledel kölyökkutyáknak és vemhes/szoptató szukáknak. EGÉSZSÉGES ÉLETERŐ. Halolajból származó DHA-val. Szoptató szuka: kínálja szabad fogyasztásra az eledelt. Összetétel: 60% csirke (22% hús, máj, zúza, zsír), 4,7% rizs, 1,3% tojás, 1% ásványi anyagok, 0,5% porcellulóz, 0,3% halolaj, 0,1% repceolaj, 0,1% frukto-oligoszacharidok. Analitikai összetevők: fehérje 11%, zsírtartalom 6%, nyershamu 2,2%, nyersrost 0,5%, kalcium 0,4%, foszfor 0,25%. Nedvesség 75%. Adalékanyagok/kg: tápértékkel rendelkező adalékanyagok: D3-vitamin 200 NE, taurin 500mg, réz (3b405) 1,5mg, jód (3b202) 0,75mg, mangán (3b503) 1,4mg, cink (3b605) 25mg. Nyomokban egyéb összetevőket is tartalmazhat. Tovább olvasok"}
{"breadcrumb": "Főoldal/Kutya/Eledelek/Száraz eledelek/Select Gold Complete száraz kutyaeledel maxi junior csirke 12kg", "product_name": "Select Gold Complete száraz kutyaeledel maxi junior csirke 12kgSelect Gold Complete száraz kutyaeledel maxi junior csirke 12kg", "brand": "SELECT GOLDComplete10,1 – 12kgKölyökszárnyasízület védelemnagytestű 26kg-tól", "regular_price": "9 999", "selling_price": "8 999", "price_per_unit": "1 kg=1667 Ft", "product_url": "https://webshop.fressnapf.hu/termekek/select-gold-complete-szaraz-kutyaeledel-maxi-junior-csirke-12kg/", "product_description": "Teljes értékű eledel nagy termetű kutyák számára (25kg-tól), kb. 15 hónapos korig. A SELECT GOLD Complete Maxi Junior Csirke speciálisan kifejlesztett, kiegyensúlyozott prémium szárazeledel, nagy termetű (25 kg feletti végsúlyú) kölyök- és fiatal kutyák számára, az elválasztástól kb. 15 hónapos korig, valamint nagy termetű (25 kg feletti végsúlyú) vemhes és szoptató kutyák számára. Ez a kiváló minőségű szárazeledel ízletes, friss csirkehús felhasználásával készül. Jól emészthető és szívesen fogadják a kutyák. A prémium minőségű receptúra kifejlesztésénél célzottan figyelembe vettük a növekedésben lévő kölykök és fiatal kutyák táplálkozás-élettani szükségleteit. Friss hússal Gondosan kiválasztott formula Búzamentes receptúra Optimálisan összehangolt teljes értékű megoldást nyújt, mely tökéletesen a nagy termetű kutyafajták igényeire van szabva. Biztosítja a optimális tápanyagellátást a legfontosabb növekedési fázisban. Nagy termetű (25 kg feletti végsúlyú) kölyök- és fiatal kutyák számára az elválasztástól kb. 15 hónapos korig, valamint nagy termetű, vemhes és szoptató szukák számára (25 kg feletti végsúly). Kalciummal, foszforral és D3-vitaminnal, ami elősegítheti a csontok és fogak megfelelő fejlődését. DHA-val: Az omega-3 zsírsavak hozzájárulhatnak a szervek és az agy fejlődéséhez. A glükózamin és a kondroitin-szulfát a porcok és az ízületek alapvető alkotóelemei. Különleges növényi rostokkal, valamint élelmi rostokkal és lenmaggal, melyek hozzájárulhatnak az emésztés optimális működéséhez. Prebiotikus inulinnal, mely elősegítheti a stabil bélflóra kialakulását és fenntartását. Hozzáadott cukor és szója nélkül Mesterséges tartósítószerek, színezékek és ízesítők felhasználása nélkül Állatorvosok közreműködésével kifejlesztve Kifejezetten a nagy termetű fajták (> 25kg) állkapcsához igazított krokettméret. Optimálisan összeállított teljes értékű megoldás a szükségleteket kielégítő étrend érdekében Összetétel: csirkefehérje (28%), friss csirkehús (20%), kukorica (15%), kukoricaliszt (13%), olajok és zsírok (5%), rizs (4%), cirok (4%), csirkefehérje(3%, hidrolizált), lenmag (2,2%), szárított cukorrépaszelet (2%), lignocellulóz (1,5%), nátrium-klorid (0,3%), kálium-klorid (0,25%), élesztősejtfal (0,2%, szárított, megfelel 0,038% MOS-nak és 0,042% béta-glükánnak), cikória-inulin (0,1%), glükózamin, állati szövetből (0,02%), kondroitin-szulfát (0,01%). Analitikai összetevők: fehérje 30%, zsírtartalom 16%, nyershamu 7,2%, nyersrost 3%, kalcium 1,25%, foszfor 0,95%. Adalékanyagok/kg: tápértékkel rendelkező adalékanyagok: A-vitamin 15000 NE, D3-vitamin 1600 NE, réz (3b405) 12,5mg, vas (3b103) 250mg, jód (3b202) 2,1mg, mangán (3b503) 30mg, szelén (3b801) 0,4mg, cink (3b605/3b607) 140mg. Technológiai adalékanyagok: antioxidánsok. Nyomokban egyéb összetevőket is tartalmazhat. Tovább olvasok"}
{"breadcrumb": "Főoldal/Kutya/Eledelek/Száraz eledelek/Select Gold Complete száraz kutyaeledel medium adult csirke 12kg", "product_name": "Select Gold Complete száraz kutyaeledel medium adult csirke 12kgSelect Gold Complete száraz kutyaeledel medium adult csirke 12kg", "brand": "SELECT GOLDComplete10,1 – 12kgFelnőttszárnyasbőr&szőr ápolóközepes testű 11-25kg", "regular_price": "3 799", "selling_price": "3 299", "price_per_unit": "1 kg=1667 Ft", "product_url": "https://webshop.fressnapf.hu/termekek/select-gold-complete-medium-kutyaeledel-csirke-pulykaval-12kg/", "product_description": "Teljes értékű eledel 11-25kg súlyú, közepes termetű kutyák számára kb. 12 hónapos kortól A SELECT GOLD Complete Medium Adult Csirke speciálisan kifejlesztett, kiegyensúlyozott, prémium minőségű szárazeledel közepes termetű (11-25kg súlyú kifejlett kutyák számára, kb. 12 hónapos kortól. Ez a kiváló minőségű szárazeledel ízletes, friss csirkehús felhasználásával készül. Jól emészthető és szívesen fogadják a kutyák. Az egyedülálló receptúra kifejlesztésénél célzottan figyelembe vettük a közepes termetű kifejlett kutyák táplálkozás-élettani követelményeit. Friss hússal Gondosan kiválasztott formula Búzamentes receptúra Optimálisan összehangolt teljes értékű megoldást nyújt, mely tökéletesen a közepes termetű kutyafajták igényeire van szabva. Biztosítja a közepes és nagy termetű kifejlett kutyák (11–25 kg-os súlyú) optimális tápanyagszükségletét, kb. 12 hónapos kortól. Különleges növényi rostokkal, valamint élelmi rostokkal és lenmaggal, melyek hozzájárulhatnak az emésztés optimális működéséhez. Prebiotikus inulinnal, mely elősegítheti a stabil bélflóra kialakulását és fenntartását. Hozzáadott cukor és szója nélkül Mesterséges tartósítószerek, színezékek és ízesítők felhasználása nélkül Állatorvosok közreműködésével kifejlesztve Kifejezetten a közepes termetű fajták (11–25kg) állkapcsához igazított krokettméret. Optimálisan összeállított teljes értékű megoldás a szükségleteket kielégítő étrend érdekében Összetétel: friss csirkehús (20%), csirkefehérje (20%), kukorica (17,5%), kukoricaliszt (6,8%), rizs (4%), cirok (4%), csirkefehérje (3%, hidrolizált), szárított cukorrépaszelet (3%), olajok és zsírok (2,1%), lignocellulóz (1,8%), lenmag (0,5%), nátrium-klorid (0,4%), élesztősejtfal (0,4%, szárított, megfelel 0,083% MOS-nak és 0,076% béta-glükánnak), kalcium-karbonát (0,35%), kálium-klorid (0,3%), cikória-inulin (0,2%). Analitikai összetevők: fehérje 25%, zsírtartalom 12%, nyershamu 7,2%, nyersrost 3,5%, kalcium 1,25%, foszfor 0,86%. Adalékanyagok/kg: tápértékkel rendelkező adalékanyagok: A-vitamin 12000 NE, D3-vitamin 1600 NE, réz (3b405) 12,5mg, vas (3b103) 250mg, jód (3b202) 2mg, mangán (3b503) 30mg, szelén (3b801) 0,35mg, cink (3b605/3b607) 140mg. Technológiai adalékanyagok: antioxidánsok Nyomokban egyéb összetevőket is tartalmazhat. Tovább olvasok"}
{"breadcrumb": "Főoldal/Kutya/Eledelek/Száraz eledelek/Select Gold Complete száraz kutyaeledel medium adult marha 12kg", "product_name": "Select Gold Complete száraz kutyaeledel medium adult marha 12kgSelect Gold Complete száraz kutyaeledel medium adult marha 12kg", "brand": "SELECT GOLDComplete10,1 – 12kgFelnőttmarha&borjúbőr&szőr ápolóközepes testű 11-25kg", "regular_price": "11 499", "selling_price": "9 999", "price_per_unit": "1 kg=1667 Ft", "product_url": "https://webshop.fressnapf.hu/termekek/select-gold-complete-medium-kutyaeledel-marha-12kg/", "product_description": "Teljes értékű eledel 11-25kg súlyú, közepes termetű kutyák számára kb. 12 hónapos kortól A SELECT GOLD Complete Medium Adult Marha speciálisan kifejlesztett, kiegyensúlyozott, prémium minőségű szárazeledel közepes termetű kifejlett kutyák számára (végsúly 11-25kg), kb. 12 hónapos kortól. Ez a kiváló minőségű szárazeledel ízletes, friss marhahús felhasználásával készül. Jól emészthető és szívesen fogadják a kutyák. Az egyedülálló receptúra kifejlesztésénél célzottan figyelembe vettük a közepes termetű kifejlett kutyák táplálkozás-élettani szükségleteit. Friss hússal Gondosan kiválasztott formula Búzamentes receptúra Optimálisan összehangolt teljes értékű megoldást nyújt, mely tökéletesen a közepes termetű kutyafajták igényeire van szabva. Biztosítja a közepes és nagy termetű kifejlett kutyák (11–25 kg-os súlyú) optimális tápanyagszükségletét, kb. 12 hónapos kortól. Különleges növényi rostokkal, valamint élelmi rostokkal és lenmaggal, melyek hozzájárulhatnak az emésztés optimális működéséhez. Prebiotikus inulinnal, mely elősegítheti a stabil bélflóra kialakulását és fenntartását. Hozzáadott cukor és szója nélkül Mesterséges tartósítószerek, színezékek és ízesítők felhasználása nélkül Állatorvosok közreműködésével kifejlesztve Kifejezetten a közepes termetű fajták (11–25kg) állkapcsához igazított krokettméret. Optimálisan összeállított teljes értékű megoldás a szükségleteket kielégítő étrend érdekében Összetétel: friss marhahús (20%), baromfifehérje (19,5%), kukorica (18%), kukoricaliszt (17%), rizs (5%), cirok (4%), olajok és zsírok (3,45%), szárított cukorrépaszelet (3%), baromfifehérje(3%, hidrolizált), lignocellulóz (2,2%), lenmag (2,2%), kalcium-karbonát (0,4%), nátrium-klorid (0,4%), élesztősejtfal (0,4%, szárított, megfelel 0,083% MOS-nak és 0,076% béta-glükánnak), kálium-klorid (0,25%), cikória-inulin (0,2%). Analitikai összetevők: fehérje 25%, zsírtartalom 13%, nyershamu 7,3%, nyersrost 3,5%, kalcium 1,25%, foszfor 0,86%. Adalékanyagok/kg: tápértékkel rendelkező adalékanyagok: A-vitamin 12000 NE, D3-vitamin 1500 NE, réz (3b405) 12,5mg, vas (3b103) 250mg, jód (3b202) 2mg, mangán (3b503) 35mg, szelén (3b801) 0,35mg, cink (3b605/3b607) 140mg. Technológiai adalékanyagok: antioxidánsok Nyomokban egyéb összetevőket is tartalmazhat. Tovább olvasok"}
{"breadcrumb": "Főoldal/Kutya/Eledelek/Száraz eledelek/Select Gold Complete száraz kutyaeledel medium adult marha 1kg", "product_name": "Select Gold Complete száraz kutyaeledel medium adult marha 1kgSelect Gold Complete száraz kutyaeledel medium adult marha 1kg", "brand": "SELECT GOLDComplete801g – 1kgFelnőttmarha&borjúközepes testű 11-25kg", "regular_price": "3 399", "selling_price": "2 999", "price_per_unit": "1 kg=2999 Ft", "product_url": "https://webshop.fressnapf.hu/termekek/select-gold-complete-kutya-szarazeledel-medium-adult-marha-1kg/", "product_description": "Teljes értékű eledel 11-25kg súlyú, közepes termetű kutyák számára kb. 12 hónapos kortól A SELECT GOLD Complete Medium Adult Marha speciálisan kifejlesztett, kiegyensúlyozott, prémium minőségű szárazeledel közepes termetű kifejlett kutyák számára (végsúly 11-25kg), kb. 12 hónapos kortól. Ez a kiváló minőségű szárazeledel ízletes, friss marhahús felhasználásával készül. Jól emészthető és szívesen fogadják a kutyák. Az egyedülálló receptúra kifejlesztésénél célzottan figyelembe vettük a közepes termetű kifejlett kutyák táplálkozás-élettani szükségleteit. Friss hússal Gondosan kiválasztott formula Búzamentes receptúra Optimálisan összehangolt teljes értékű megoldást nyújt, mely tökéletesen a közepes termetű kutyafajták igényeire van szabva. Biztosítja a közepes és nagy termetű kifejlett kutyák (11–25 kg-os súlyú) optimális tápanyagszükségletét, kb. 12 hónapos kortól. Különleges növényi rostokkal, valamint élelmi rostokkal és lenmaggal, melyek hozzájárulhatnak az emésztés optimális működéséhez. Prebiotikus inulinnal, mely elősegítheti a stabil bélflóra kialakulását és fenntartását. Hozzáadott cukor és szója nélkül Mesterséges tartósítószerek, színezékek és ízesítők felhasználása nélkül Állatorvosok közreműködésével kifejlesztve Kifejezetten a közepes termetű fajták (11–25kg) állkapcsához igazított krokettméret. Optimálisan összeállított teljes értékű megoldás a szükségleteket kielégítő étrend érdekében Összetétel: friss marhahús (20%), baromfifehérje (19,5%), kukorica (18%), kukoricaliszt (17%), rizs (5%), cirok (4%), olajok és zsírok (3,45%), szárított cukorrépaszelet (3%), baromfifehérje(3%, hidrolizált), lignocellulóz (2,2%), lenmag (2,2%), kalcium-karbonát (0,4%), nátrium-klorid (0,4%), élesztősejtfal (0,4%, szárított, megfelel 0,083% MOS-nak és 0,076% béta-glükánnak), kálium-klorid (0,25%), cikória-inulin (0,2%). Analitikai összetevők: fehérje 25%, zsírtartalom 13%, nyershamu 7,3%, nyersrost 3,5%, kalcium 1,25%, foszfor 0,86%. Adalékanyagok/kg: tápértékkel rendelkező adalékanyagok: A-vitamin 12000 NE, D3-vitamin 1500 NE, réz (3b405) 12,5mg, vas (3b103) 250mg, jód (3b202) 2mg, mangán (3b503) 35mg, szelén (3b801) 0,35mg, cink (3b605/3b607) 140mg. Technológiai adalékanyagok: antioxidánsok Nyomokban egyéb összetevőket is tartalmazhat. Tovább olvasok"}
{"breadcrumb": "Főoldal/Kutya/Eledelek/Száraz eledelek/Select Gold Complete száraz kutyaeledel medium adult marha 4kg", "product_name": "Select Gold Complete száraz kutyaeledel medium adult marha 4kgSelect Gold Complete száraz kutyaeledel medium adult marha 4kg", "brand": "SELECT GOLDComplete1,1kg – 4kgFelnőttmarha&borjúbőr&szőr ápolóközepes testű 11-25kg", "regular_price": "8 799", "selling_price": "7 999", "price_per_unit": "1 kg=2000 Ft", "product_url": "https://webshop.fressnapf.hu/termekek/select-gold-classic-adult-medium-marha-szaraztap-felnott-kutyaknak-4kg/", "product_description": "Teljes értékű eledel 11-25kg súlyú, közepes termetű kutyák számára kb. 12 hónapos kortól A SELECT GOLD Complete Medium Adult Marha speciálisan kifejlesztett, kiegyensúlyozott, prémium minőségű szárazeledel közepes termetű kifejlett kutyák számára (végsúly 11-25kg), kb. 12 hónapos kortól. Ez a kiváló minőségű szárazeledel ízletes, friss marhahús felhasználásával készül. Jól emészthető és szívesen fogadják a kutyák. Az egyedülálló receptúra kifejlesztésénél célzottan figyelembe vettük a közepes termetű kifejlett kutyák táplálkozás-élettani szükségleteit. Friss hússal Gondosan kiválasztott formula Búzamentes receptúra Optimálisan összehangolt teljes értékű megoldást nyújt, mely tökéletesen a közepes termetű kutyafajták igényeire van szabva. Biztosítja a közepes és nagy termetű kifejlett kutyák (11–25 kg-os súlyú) optimális tápanyagszükségletét, kb. 12 hónapos kortól. Különleges növényi rostokkal, valamint élelmi rostokkal és lenmaggal, melyek hozzájárulhatnak az emésztés optimális működéséhez. Prebiotikus inulinnal, mely elősegítheti a stabil bélflóra kialakulását és fenntartását. Hozzáadott cukor és szója nélkül Mesterséges tartósítószerek, színezékek és ízesítők felhasználása nélkül Állatorvosok közreműködésével kifejlesztve Kifejezetten a közepes termetű fajták (11–25kg) állkapcsához igazított krokettméret. Optimálisan összeállított teljes értékű megoldás a szükségleteket kielégítő étrend érdekében Összetétel: friss marhahús (20%), baromfifehérje (19,5%), kukorica (18%), kukoricaliszt (17%), rizs (5%), cirok (4%), olajok és zsírok (3,45%), szárított cukorrépaszelet (3%), baromfifehérje(3%, hidrolizált), lignocellulóz (2,2%), lenmag (2,2%), kalcium-karbonát (0,4%), nátrium-klorid (0,4%), élesztősejtfal (0,4%, szárított, megfelel 0,083% MOS-nak és 0,076% béta-glükánnak), kálium-klorid (0,25%), cikória-inulin (0,2%). Analitikai összetevők: fehérje 25%, zsírtartalom 13%, nyershamu 7,3%, nyersrost 3,5%, kalcium 1,25%, foszfor 0,86%. Adalékanyagok/kg: tápértékkel rendelkező adalékanyagok: A-vitamin 12000 NE, D3-vitamin 1500 NE, réz (3b405) 12,5mg, vas (3b103) 250mg, jód (3b202) 2mg, mangán (3b503) 35mg, szelén (3b801) 0,35mg, cink (3b605/3b607) 140mg. Technológiai adalékanyagok: antioxidánsok Nyomokban egyéb összetevőket is tartalmazhat. Tovább olvasok"}
{"breadcrumb": "Főoldal/Kutya/Eledelek/Száraz eledelek/Select Gold Complete XS adult száraz kutyaeledel csirke 1kg", "product_name": "Select Gold Complete XS adult száraz kutyaeledel csirke 1kgSelect Gold Complete XS adult száraz kutyaeledel csirke 1kg", "brand": "SELECT GOLDComplete801g – 1kgFelnőttszárnyasegészséges felnőtt tápláláskistestű 10kg-ig", "regular_price": "3 299", "selling_price": "2 999", "price_per_unit": "1 kg=2999 Ft", "product_url": "https://webshop.fressnapf.hu/termekek/select-gold-complete-xs-adult-szaraz-kutyaeledel-csirke-1kg/", "product_description": "Teljes értékű eledel nagyon kis termetű kutyák számára 4kg-ig, kb. 8 hónapos kortól. A SELECT GOLD Complete XS Adult Csirke speciálisan kifejlesztett, kiegyensúlyozott, prémium minőségű szárazeledel nagyon kis termetű (4kg-os súlyig) kifejlett kutyáknak, kb. 8 hónapos kortól. Ez a kiváló minőségű szárazeledel ízletes, friss csirkehús felhasználásával készül. Jól emészthető és szívesen fogadják a kutyák. Az egyedülálló receptúra kifejlesztésénél célzottan figyelembe vettük a nagyon kis termetű kifejlett kutyák táplálkozás-élettani szükségleteit. Friss hússal Gondosan kiválasztott formula Búzamentes receptúra Optimálisan összehangolt teljes értékű megoldást nyújt, mely tökéletesen a nagyon kis termetű kutyafajták igényeire van szabva. Biztosítja a nagyon kis termetű kifejlett kutyák (4 kg-os súlyig) optimális tápanyagszükségletét kb. 8 hónapos kortól. Különleges növényi rostokkal, valamint élelmi rostokkal és lenmaggal, melyek hozzájárulhatnak az emésztés optimális működéséhez. Prebiotikus inulinnal, mely elősegítheti a stabil bélflóra kialakulását és fenntartását. Hozzáadott cukor és szója nélkül Mesterséges tartósítószerek, színezékek és ízesítők felhasználása nélkül Állatorvosok közreműködésével kifejlesztve Különösen apró krokettek, kifejezetten a 4 kg alatti kis termetű kutyák állkapcsához igazítva. Optimálisan összeállított teljes értékű megoldás a szükségleteket kielégítő étrend érdekében Összetétel: friss csirkehús (20%), csirkefehérje (20%), kukorica (18%), kukoricaliszt (16%), olajok és zsírok (4,6%), rizs (4%), cirok (4%), szárított cukorrépaszelet (3,5%), csirkefehérje(3%, hidrolizált), lenmag (2%), lignocellulóz (1,4%), nátrium-klorid (0,4%), kálium-klorid (0,25%), monokalcium-foszfát (0,2%), élesztősejtfal (0,2%, szárított, megfelel 0,038% MOS-nak és 0,042% béta-glükánnak), cikória-inulin (0,1%). Analitikai összetevők: fehérje 25%, zsírtartalom 16%, nyershamu 7,2%, nyersrost 3%, kalcium 1,15%, foszfor 0,95%. Adalékanyagok/kg: tápértékkel rendelkező adalékanyagok: A-vitamin 12000 NE, D3-vitamin 1500 NE, réz (3b405) 12,5mg, vas (3b103) 250mg, jód (3b202) 2mg, mangán (3b503) 35mg, szelén (3b801) 0,35mg, cink (3b605/3b607) 140mg. Technológiai adalékanyagok: antioxidánsok. Nyomokban egyéb összetevőket is tartalmazhat. Tovább olvasok"}
{"breadcrumb": "Főoldal/Kutya/Eledelek/Száraz eledelek/Select Gold Complete XS senior száraz kutyaeledel csirke 1kg", "product_name": "Select Gold Complete XS senior száraz kutyaeledel csirke 1kgSelect Gold Complete XS senior száraz kutyaeledel csirke 1kg", "brand": "SELECT GOLDComplete801g – 1kgIdősszárnyasidőskori egészséges tápláláskistestű 10kg-ig", "regular_price": "3 399", "selling_price": "2 999", "price_per_unit": "1 kg=2999 Ft", "product_url": "https://webshop.fressnapf.hu/termekek/select-gold-complete-xs-senior-szaraz-kutyaeledel-csirke-1kg/", "product_description": "Teljes értékű eledel nagyon kis termetű kutyák számára 4kg-ig, kb. 9 éves kortól A SELECT GOLD Complete XS Senior Csirke speciálisan kifejlesztett, kiegyensúlyozott, prémium minőségű szárazeledel kis termetű idősebb kutyák számára (4kg-os súlyig), kb. 9 éves kortól. Ez a kiváló minőségű szárazeledel ízletes, friss csirkehús felhasználásával készül. Jól emészthető és szívesen fogadják a kutyák. Az egyedülálló receptúra kifejlesztésénél célzottan figyelembe vettük a nagyon kis termetű idős kutyák táplálkozás-élettani szükségleteit. Friss hússal Gondosan kiválasztott formula Búzamentes receptúra Optimálisan összehangolt teljes értékű megoldást nyújt, mely tökéletesen a nagyon kis termetű kutyafajták igényeire van szabva. Biztosítja a kis termetű idősebb kutyák (4 kg-os súlyig) optimális tápanyagszükségletét kb. 9 éves kortól. Módosított foszfortartalommal, mely segít a vesék terhelésének csökkentésében. Különleges növényi rostokkal, valamint élelmi rostokkal és lenmaggal, melyek hozzájárulhatnak az emésztés optimális működéséhez. Prebiotikus inulinnal, mely elősegítheti a stabil bélflóra kialakulását és fenntartását. Hozzáadott cukor és szója nélkül Mesterséges tartósítószerek, színezékek és ízesítők felhasználása nélkül Állatorvosok közreműködésével kifejlesztve Különösen apró krokettek, kifejezetten a 4 kg alatti kis termetű idősebb kutyák állkapcsához igazítva. Összetétel: friss csirkehús (20%), rizs (14,3%), csirkefehérje (13,6%), kukorica (13%), kukoricaliszt (11,4%), kukoricaglutén (6,2%), cirok (4%), olajok és zsírok(3,9%), szárított cukorrépaszelet (3,7%), csirkefehérje (3%, hidrolizált), lignocellulóz (2,9%), lenmag (1%), kalcium- szulfát-dihidrát (0,6%), kálium-klorid (0,32%), nátrium-klorid (0,25%), élesztősejtfal (0,2%, szárított, megfelel 0,038% MOS-nak és 0,042% béta-glükánnak), cikória-inulin (0,1%), glükózamin, állati szövetből (0,02%, kondroitin-szulfát (0,01%). Analitikai összetevők: fehérje 23%, zsírtartalom 12%, nyershamu 6,2%, nyersrost 4%, kalcium 1,02%, foszfor 0,66%. Adalékanyagok/kg: tápértékkel rendelkező adalékanyagok: A-vitamin 15000 NE, D3-vitamin 1600 NE, réz (3b405) 12,5mg, vas (3b103) 250mg, jód (3b202) 2mg, mangán (3b503) 35mg, szelén (3b801) 0,35mg, cink (3b605/3b607) 140mg. Technológiai adalékanyagok: antioxidánsok. Nyomokban egyéb összetevőket is tartalmazhat. Tovább olvasok"}
{"breadcrumb": "Főoldal/Kutya/Eledelek/Nedves eledelek/Select Gold Extra Sensitive kutya konzerv rovar 6x200g", "product_name": "Select Gold Extra Sensitive kutya konzerv rovar 6x200gSelect Gold Extra Sensitive kutya konzerv rovar 6x200g", "brand": "SELECT GOLDExtra Sensitive101g – 200gFelnőttegzotikuspástétomérzékeny emésztésűkonzerv", "regular_price": "8 994", "selling_price": "8 394", "price_per_unit": "1 099 Ft", "product_url": "https://webshop.fressnapf.hu/termekek/select-gold-extra-sensitive-kutya-konzerv-rovar-6x200g/", "product_description": "SELECT GOLD Extra Sensitive Rovarokból származó fehérjével. Teljes értékű eledel kifejlett kutyák számára. Különösen érzékeny emésztésű kutyák számára. Adult ≥ 1 év. 1 kiválasztott fehérje. Gabonamentes receptúra. EGÉSZSÉGES ÉLETERŐ. Analitikai összetevők: Fehérje 7,2%, zsírtartalom 5,5%, nyershamu 2,4%, nyersrost 1,3%, kalcium 0,32%, foszfor 0,26%, nedvesség 77%. Összetétel: Rovarok 35 %, édesburgonya 15 %, rovarfehérje 5 %, ásványi anyagok 1,2 %, olajok és zsírok 1,1 %, cikória inulin 0,2 %, rozmaring 0,1 %, oregánó 0,1 %. Adalékanyagok kilogrammonként: A-vitamin 2025 NE, D3-vitamin 170 NE, réz 1 mg, jód 0,5 mg, szelén 0,03 mg, cink 10 mg. Tovább olvasok"}
{"breadcrumb": "Főoldal/Kutya/Eledelek/Nedves eledelek/Select Gold Extra Sensitive kutya konzerv rovar 6x400g", "product_name": "Select Gold Extra Sensitive kutya konzerv rovar 6x400gSelect Gold Extra Sensitive kutya konzerv rovar 6x400g", "brand": "SELECT GOLDExtra Sensitive201g – 400gFelnőttegzotikuspástétomérzékeny emésztésűkonzerv", "regular_price": "8 994", "selling_price": "8 394", "price_per_unit": "1 399 Ft", "product_url": "https://webshop.fressnapf.hu/termekek/select-gold-extra-sensitive-kutya-konzerv-rovar-6x400g/", "product_description": "SELECT GOLD Extra Sensitive Rovarokból származó fehérjével. Teljes értékű eledel kifejlett kutyák számára. Különösen érzékeny emésztésű kutyák számára. Adult ≥ 1 év. 1 kiválasztott fehérje. Gabonamentes receptúra. EGÉSZSÉGES ÉLETERŐ. Analitikai összetevők: Fehérje 7,2%, zsírtartalom 5,5%, nyershamu 2,4%, nyersrost 1,3%, kalcium 0,32%, foszfor 0,26%, nedvesség 77%. Összetétel: Rovarok 35 %, édesburgonya 15 %, rovarfehérje 5 %, ásványi anyagok 1,2 %, olajok és zsírok 1,1 %, cikória inulin 0,2 %, rozmaring 0,1 %, oregánó 0,1 %. Adalékanyagok kilogrammonként: A-vitamin 2025 NE, D3-vitamin 170 NE, réz 1 mg, jód 0,5 mg, szelén 0,03 mg, cink 10 mg. Tovább olvasok"}
{"breadcrumb": "Főoldal/Kutya/Eledelek/Száraz eledelek/SELECT GOLD Light kutya szárazeledel maxi adult csirke 12kg", "product_name": "SELECT GOLD Light kutya szárazeledel maxi adult csirke 12kgSELECT GOLD Light kutya szárazeledel maxi adult csirke 12kg", "brand": "SELECT GOLDLight10,1 – 12kgFelnőttszárnyaslightnagytestű 26kg-tól", "regular_price": "26 999", "selling_price": "22 999", "price_per_unit": "1 kg=1917 Ft", "product_url": "https://webshop.fressnapf.hu/termekek/select-gold-maxi-light-szaraz-kutyaeledel-12-kg/", "product_description": "A csupán 10%-os zsírtartalom lehetővé teszi a csökkentett kalóriamennyiségű táplálást, és ezáltal a hatékony testsúlykontrollt Friss csirkehúst tartalmaz Búzamentes receptúra A SELECT GOLD Light MAXI Adult Csirke egy speciálisan kifejlesztett, kiegyensúlyozott, prémium minőségű száraz eledel túlsúlyra hajlamos, nagy termetű felnőtt kutyák számára (testsúly > 25 kg) kb. 15 hónapos kortól (a kutyamérettől függően) A receptúra minden fontos tápanyaggal ellátja négylábú barátját. A SELECT GOLD Maxi Light egy speciálisan kifejlesztett, kiegyensúlyozott, prémium minőségű száraz eledel túlsúlyra hajlamos, nagy termetű felnőtt kutyáknak (testsúly > 25 kg) kb. 15 hónapos kortól (a kutyamérettől függően). Ez a kiváló minőségű száraz eledel figyelembe veszi a túlsúlyos kutyák különleges energia- és tápanyagigényét, és többek között csökkentett zsírtartalmával elősegíti a súlycsökkenést vagy a testsúly megtartását. A receptúra emellett optimálisan igazodik a nagy termetű kutyák táplálkozásfiziológiai igényeihez. Az előnyök áttekintése: A csupán 10%-os zsírtartalom lehetővé teszi a csökkentett kalóriamennyiségű táplálást, és ezáltal a hatékony testsúlykontrollt Az élelmi és növényi rostok hosszan tartó telítettségi érzést biztosíthatnak A receptúra glükózamint és kondroitin-szulfátot tartalmaz (a porcok és ízületek alkotóelemeit) A természetes lazacolajból, napraforgóolajból és lenmagokból származó omega-3 és omega-6 zsírsavak, valamint a cink fogyasztása egészséges bőrt és szép szőrzetet eredményez A prebiotikus inulin elősegíti a stabil bélflóra felépítését és megőrzését. Az extra nagy méretű krokettek rágásra ösztönöznek Nem tartalmaz cukrot és szóját Nem tartalmaz mesterséges tartósítószereket, színezékeket és ízesítőanyagokat Állatorvosok és táplálkozástudományi szakemberek együttműködésével kifejlesztve Gyártás helye: Németország Analitikai összetevők: 30% fehérje, 10% zsírtartalom, 5% nyershamu, 10% nyersrost, 1,1% kalcium, 0,8% foszfor, 0,5% omega-3 zsírsavak, 2,5% omega-6 zsírsavak Összetétel: friss csirkehús (24%), rizs (24%), csirkefehérje (22%), rizsliszt (10%), lignocellulóz (10%), hidrolizált baromfifehérje (1,5%), baromfizsír (1,5%), lenmag (1%), sörélesztő (1%), szárított répaszeletek (1%), napraforgóolaj (1%), lazacolaj (1%), kálium-klorid, egész tojáspor, cikória (0,1% = 0,06% inulin), Yucca schidigera (0,05%), kondroitin-szulfát (0,025%), glükózamin (0,025%). Nyomokban tartalmazhat egyéb összetevőket. Adalékanyag/kg: 15000 NE A-vitamin, 1200 NE D3-vitamin, 1300 mg DL-metionin, 90 mg cink (cink-oxid), 60 mg L-lizin, 45 mg cink (aminosav-cinkkelát, hidrát), 10 mg réz (réz(II)-szulfát, pentahidrát), 2 mg jód (kalcium-jodát, vízmentes), 0,2 mg szelén (nátrium-szelenit) Táplálási javaslat: (Elérni kívánt) végleges súly Súlymegtartás Súlycsökkentés 26 kg 255g 215 g 30 kg 285g 240 g 35 kg 320 g 265 g 40 kg 355 g 295 g 45 kg 385 g 320 g 50 kg 420 g 350 g 60 kg 480 g 400 g 70 kg 540 g 450 g 80 kg 595 g 495 g A SELECT GOLD egy teljes értékű eledel (nincs szükség hozzátáplálásra). Mindig biztosítson friss ivóvizet kutyájának. Az eledel váltásakor ügyeljen arra, hogy az eddigi eledelt fokozatosan helyettesítse a SELECT GOLD eledellel (kb. egy hét alatt). Így az átmeneti időszakban is biztosított az optimális emésztés és az új eledel elfogadása. Tovább olvasok"}
{"breadcrumb": "Főoldal/Kutya/Eledelek/Száraz eledelek/SELECT GOLD Light kutya szárazeledel medium adult csirke 12kg", "product_name": "SELECT GOLD Light kutya szárazeledel medium adult csirke 12kgSELECT GOLD Light kutya szárazeledel medium adult csirke 12kg", "brand": "SELECT GOLDLight10,1 – 12kgFelnőttszárnyaslightközepes testű 11-25kg", "regular_price": "26 999", "selling_price": "22 999", "price_per_unit": "1 kg=1917 Ft", "product_url": "https://webshop.fressnapf.hu/termekek/select-gold-medium-light-szaraz-kutyaeledel-12-kg/", "product_description": "A csupán 10%-os zsírtartalom lehetővé teszi a csökkentett kalóriamennyiségű táplálást, és ezáltal a hatékony testsúlykontrollt Friss csirkehúst tartalmaz Búzamentes receptúra A SELECT GOLD Light MEDIUM Adult Csirke egy speciálisan kifejlesztett, kiegyensúlyozott, prémium minőségű száraz eledel túlsúlyra hajlamos (11-25 kg testsúlyú) közepes termetű felnőtt kutyák számára kb. 12 hónapos kortól. A SELECT GOLD Light MEDIUM Adult Csirke egy speciálisan kifejlesztett, kiegyensúlyozott, prémium minőségű száraz eledel túlsúlyra hajlamos (11-25 kg testsúlyú) közepes termetű felnőtt kutyák számára kb. 12 hónapos kortól. Ez a kiváló minőségű száraz eledel figyelembe veszi a túlsúlyos kutyák különleges energia- és tápanyagigényét, és többek között csupán 10%-os zsírtartalmával támogatja a csökkentett kalóriájú táplálást, és ezáltal a hatékony testsúlykontrollt. A receptúra emellett optimálisan igazodik a közepes termetű kutyák táplálkozásfiziológiai igényeihez. Az előnyök áttekintése: LIGHT: A csupán 10%-os zsírtartalom lehetővé teszi a csökkentett kalóriamennyiségű táplálást, és ezáltal a hatékony testsúlykontrollt •    LIGHT: Az élelmi és növényi rostok hosszan tartó telítettségi érzést biztosíthatnak. •    MEDIUM: A mannán-oligoszacharidok (MOS) támogatják a test védekezőképességét •    ADULT: A lazacolajból, dióolajból és napraforgóolajból származó értékes omega-3 és omega-6 zsírsavak, valamint a cink és a sörélesztő fogyasztása egészséges bőrt és szép szőrzetet eredményez. •    Friss csirkehúst tartalmaz •    Búzamentes receptúra •    A prebiotikus inulin segíti a stabil bélflóra felépítését és megőrzését •    Nem tartalmaz cukrot és szóját. Nem tartalmaz mesterséges tartósítószereket, színezékeket és ízesítőanyagokat •    Állatorvosok együttműködésével kifejlesztve Analitikai összetevők: 30% fehérje, 10% zsírtartalom, 5% nyershamu, 10% nyersrost, 1,1% kalcium, 0,8% foszfor, 0,5% omega-3 zsírsavak, 2,5% omega-6 zsírsavak Összetétel: friss csirkehús (24%), rizs (24%), csirkefehérje (22%), rizsliszt (10%), lignocellulóz (10%), hidrolizált baromfifehérje (1,5%), baromfizsír (1,5%), lenmag (1%), sörélesztő (1%), szárított répaszeletek (1%), napraforgóolaj (1%), lazacolaj (1%), kálium-klorid, egész tojáspor, cikória (0,1% = 0,06% inulin), Yucca schidigera (0,05%), mannán-oligoszacharidok (0,05%). Nyomokban tartalmazhat egyéb összetevőket. Adalékanyag/kg: 15000 NE A-vitamin, 1200 NE D3-vitamin, 1300 mg DL-metionin, 90 mg cink (cink-oxid), 60 mg L-lizin, 45 mg cink (aminosav-cinkkelát, hidrát), 10 mg réz (réz(II)-szulfát, pentahidrát), 2 mg jód (kalcium-jodát, vízmentes), 0,2 mg szelén (nátrium-szelenit) Táplálási javaslat: Végleges súly Súlymegtartás Súlycsökkentés 11 kg 135 g 110 g 15 kg 170 g 140 g 17,5 kg 190 g 160 g 20 kg 210 g 175 g 22,5 kg 230 g 190 g 25 kg 250 g 205 g A SELECT GOLD egy teljes értékű eledel (nincs szükség hozzátáplálásra). Mindig biztosítson friss ivóvizet kutyájának. Az eledel váltásakor ügyeljen arra, hogy az eddigi eledelt fokozatosan helyettesítse a SELECT GOLD eledellel (kb. egy hét alatt). Így az átmeneti időszakban is biztosított az optimális emésztés és az új eledel elfogadása. Tovább olvasok"}
{"breadcrumb": "Főoldal/Kutya/Eledelek/Száraz eledelek/SELECT GOLD Light kutya szárazeledel medium adult csirke 4kg", "product_name": "SELECT GOLD Light kutya szárazeledel medium adult csirke 4kgSELECT GOLD Light kutya szárazeledel medium adult csirke 4kg", "brand": "SELECT GOLDLight1,1kg – 4kgFelnőttszárnyaslightközepes testű 11-25kg", "regular_price": "10 499", "selling_price": "9 999", "price_per_unit": "1 kg=2500 Ft", "product_url": "https://webshop.fressnapf.hu/termekek/select-gold-medium-light-szaraz-kutyaeledel-4-kg/", "product_description": "A csupán 10%-os zsírtartalom lehetővé teszi a csökkentett kalóriamennyiségű táplálást, és ezáltal a hatékony testsúlykontrollt Friss csirkehúst tartalmaz Búzamentes receptúra A SELECT GOLD Light MEDIUM Adult Csirke egy speciálisan kifejlesztett, kiegyensúlyozott, prémium minőségű száraz eledel túlsúlyra hajlamos (11-25 kg testsúlyú) közepes termetű felnőtt kutyák számára kb. 12 hónapos kortól. A SELECT GOLD Light MEDIUM Adult Csirke egy speciálisan kifejlesztett, kiegyensúlyozott, prémium minőségű száraz eledel túlsúlyra hajlamos (11-25 kg testsúlyú) közepes termetű felnőtt kutyák számára kb. 12 hónapos kortól. Ez a kiváló minőségű száraz eledel figyelembe veszi a túlsúlyos kutyák különleges energia- és tápanyagigényét, és többek között csupán 10%-os zsírtartalmával támogatja a csökkentett kalóriájú táplálást, és ezáltal a hatékony testsúlykontrollt. A receptúra emellett optimálisan igazodik a közepes termetű kutyák táplálkozásfiziológiai igényeihez. Az előnyök áttekintése: LIGHT: A csupán 10%-os zsírtartalom lehetővé teszi a csökkentett kalóriamennyiségű táplálást, és ezáltal a hatékony testsúlykontrollt •    LIGHT: Az élelmi és növényi rostok hosszan tartó telítettségi érzést biztosíthatnak. •    MEDIUM: A mannán-oligoszacharidok (MOS) támogatják a test védekezőképességét •    ADULT: A lazacolajból, dióolajból és napraforgóolajból származó értékes omega-3 és omega-6 zsírsavak, valamint a cink és a sörélesztő fogyasztása egészséges bőrt és szép szőrzetet eredményez. •    Friss csirkehúst tartalmaz •    Búzamentes receptúra •    A prebiotikus inulin segíti a stabil bélflóra felépítését és megőrzését •    Nem tartalmaz cukrot és szóját. Nem tartalmaz mesterséges tartósítószereket, színezékeket és ízesítőanyagokat •    Állatorvosok együttműködésével kifejlesztve Analitikai összetevők: 30% fehérje, 10% zsírtartalom, 5% nyershamu, 10% nyersrost, 1,1% kalcium, 0,8% foszfor, 0,5% omega-3 zsírsavak, 2,5% omega-6 zsírsavak Összetétel: friss csirkehús (24%), rizs (24%), csirkefehérje (22%), rizsliszt (10%), lignocellulóz (10%), hidrolizált baromfifehérje (1,5%), baromfizsír (1,5%), lenmag (1%), sörélesztő (1%), szárított répaszeletek (1%), napraforgóolaj (1%), lazacolaj (1%), kálium-klorid, egész tojáspor, cikória (0,1% = 0,06% inulin), Yucca schidigera (0,05%), mannán-oligoszacharidok (0,05%). Nyomokban tartalmazhat egyéb összetevőket. Adalékanyag/kg: 15000 NE A-vitamin, 1200 NE D3-vitamin, 1300 mg DL-metionin, 90 mg cink, 60 mg L-lizin, 45 mg cink (cink-oxid), 10 mg réz (réz(II)-szulfát, pentahidrát),  2 mg jód (kalcium-jodát, vízmentes), 0,2 mg szelén (nátrium-szelenit) Táplálási javaslat: (Elérni kívánt) testsúly Súlymegtartás Súlycsökkentés 11 kg 135 g 110 g 15 kg 170 g 140 g 17,5 kg 190 g 160 g 20 kg 210 g 175 g 22,5 kg 230 g 190 g 25 kg 250 g 205 g A SELECT GOLD egy teljes értékű eledel (nincs szükség hozzátáplálásra). Mindig biztosítson friss ivóvizet kutyájának. Az eledel váltásakor ügyeljen arra, hogy az eddigi eledelt fokozatosan helyettesítse a SELECT GOLD eledellel (kb. egy hét alatt). Így az átmeneti időszakban is biztosított az optimális emésztés és az új eledel elfogadása. Tovább olvasok"}
{"breadcrumb": "Főoldal/Kutya/Eledelek/Száraz eledelek/Select Gold Light mini adult száraz kutyaeledel csirke 2,5kg", "product_name": "Select Gold Light mini adult száraz kutyaeledel csirke 2,5kgSelect Gold Light mini adult száraz kutyaeledel csirke 2,5kg", "brand": "SELECT GOLDLight1,1kg – 4kgszárnyaslight", "regular_price": "4 999", "selling_price": "4 599", "price_per_unit": "1 kg=1840 Ft", "product_url": "https://webshop.fressnapf.hu/termekek/select-gold-light-mini-adult-szaraz-kutyaeledel-csirke-25kg/", "product_description": "SELECT GOLD Light MINI Adult Csirke egy speciálisan kifejlesztett, kiegyensúlyozott, prémium minőségű szárazeledel hízásra hajlamos kis termetű (10kg-os vagy kisebb súlyú) kifejlett kutyák számára kb. 8 hónapos kortól. Ez a kiváló minőségű szárazeledel figyelembe veszi a túlsúlyos kutyák sajátos energia és tápanyagszükségletét, egyebek mellett a mindössze 10% zsír lehetővé teszi a csökkentett kalóriatartalmú táplálást, hozzájárulva a testsúly hatékony ellenőrzéséhez. A receptúra ezen kívül optimálisan alkalmazkodik a kis termetű kutyák táplálkozás-élettani igényeihez. Teljes értékű eledel hízásra hajlamos kis termetű (10kg-os vagy kisebb súlyú) kifejlett kutyák számára kb. 8 hónapos kortól. Búzamentes receptúra. Alacsony energiatartalmú speciálisan kifejlesztett receptúra. Állatorvosok közreműködésével kifejlesztve. LIGHT: A mindössze 10%-os zsírtartalom és a kiegyensúlyozott receptúra lehetővé teszi a kalóriaszegény táplálást. A ballasztanyagok és a növényi rostok hosszabb ideig tartó teltségérzetet biztosítanak. Hozzáadott cukor és szója nélkül. Mesterséges színezékek és aromaanyagok felhasználása nélkül. Különösen apró krokettek, kifejezetten a kis termetű kutyák állkapcsához igazítva. Összetétel: friss csirkehús (24%), rizs (24%), szárított csirkefehérje (22%), rizsliszt (13%), lignocellulóz, hidrolizált csirkefehérje, csirkezsír (1,5%), szárított répaszeletek (1%), szárított sörélesztő (1%), lenmag (1%), napraforgóolaj (1%), lazacolaj (1%), ásványi anyagok, kálium-klorid, tojáspor, szárított cikóriagyökér (természetes inulin és FOS forrás), zöld tea, Yucca schidigera. Nyomokban egyéb összetevőket is tartalmazhat. Analitikai összetevők: Fehérje 30%, zsírtartalom 10%, nyershamu 5,5%, nyersrost 10%, kalcium 1,1%, foszfor 0,8%, omega-3 zsírsavak 0,5%, omega-6 zsírsavak 2,5%. Adalékanyagok kilogrammonként: A-vitamin 15000 NE, D3-vitamin 1200 NE, E-vitamin 870 mg, réz 10 mg, jód (3b202) 1,5 mg, szelén (3b801) 0,2 mg, cink (3b603) 100 mg, vas (3b103) 100 mg, mangán (3b502) 15 mg, DL-metionin 1300 mg, L-lizin 60 mg. Tovább olvasok"}
{"breadcrumb": "Főoldal/Kutya/Eledelek/Gyógyhatású eledelek/Select Gold Medica csökkentett kalóriatartalmú hipoallergén száraz kutyaeledel lazac&burgonya 2,5kg", "product_name": "Select Gold Medica csökkentett kalóriatartalmú hipoallergén száraz kutyaeledel lazac&burgonya 2,5kgSelect Gold Medica csökkentett kalóriatartalmú hipoallergén száraz kutyaeledel lazac&burgonya 2,5kg", "brand": "SELECT GOLD Medica1,1kg – 4kgFelnőtthal&tenger gyümölcseihipoallergén", "regular_price": "7999", "selling_price": "", "price_per_unit": "1 kg=3200 Ft", "product_url": "https://webshop.fressnapf.hu/termekek/select-gold-medica-csokkentett-kaloriatartalmu-hipoallergen-szaraz-kutyaeledel-lazacburgonya-25kg/", "product_description": "Teljes értékű diétás szárazeledel felnőtt kutyák számára. A kezdeti termék- és tápanyag-intolerancia tüneteinek csökkentése. Válogatott és részben hidrolizált fehérjeforrások és válogatott szénhidrátforrások. Támogatja a bőrműködést dermatózis és túlzott szőrhullás esetén. Magas a linolsav (LA), az eikozapentaénsav (EPA) és a dokozahexaénsav (DHA) tartalma. Ellenjavallatok: nincsenek. Állatorvosi diéta: állatorvosi elméleten és gyakorlaton alapuló, takarmányozásra és dietetikára szakosodott állatorvossal közösen kifejlesztett étrend. A SELECT GOLD MEDICA hipoallergén kalóriaszegény diétát kifejezetten állatorvosokkal közösen fejlesztették ki ételintoleranciában vagy ételallergiában szenvedő kutyák számára. A SELECT GOLD MEDICA Hypoallergen kizárólagos étrendként is használható allergia gyanúja esetén. Analitikai összetevők Fehérje 23%, zsírtartalom 6,5%, nyershamu 6%, nyersrost 5%, kalcium 1%, foszfor 0,8%, omega-3 zsírsavak 1,0%, omega-6 zsírsavak 1,3%, linolsav 1,3%, alfa-linolénsav 0,5%, EPA 0,24%, DHA 0,26%. EHA + DHA összege 0,5%. Energiaérték (ME az NRC, 2006 szerint) 3259 kcal/kg. Összetétel Rizs (31%), kukorica (31%), lazacfehérje (23%), hidrolizált lazacfehérje (4%), lignocellulóz (3,5%), szárított répapép (2%), lenmag (2%), lazacolaj (1,5%), ásványi anyagok, Csirkezsír (1%), élesztő, hidrolizált (0,5%), frukto-oligoszacharidok (0,5%), algaolaj (0,3%), yucca schidigera, rozmaring, citrom, kurkuma, szegfűszeg, citromfű. Adalékanyagok kilogrammonként Táplálkozási adalékanyagok: A-vitamin 20000 NE, D3-vitamin 1500 NE, réz (3b405) 5mg, vas (3b103) 50mg, jód (3b202) 1,5mg, mangán (3b502) 35mg, szelén (3b801) 0,1mg, cink (3b605) 65mg. Technológiai adalékanyagok: Bentonit 5000mg. Nyomokban egyéb összetevőket tartalmazhat. Etetési javaslat: Felhasználás előtt állatorvos véleményének kikérése javasolt. Az adatok tájékoztató értékek. A tényleges tápanyagszükséglet fajtától, életkortól és aktivitástól függ. Mindig adjon friss ivóvizet. Ajánlott felhasználási időszak: A kiindulási termék- és tápanyag-intolerancia tüneteinek csökkenéséig. Tápanyag-intolerancia tünetei: három-nyolc hét: Amikor az intoleranciák tünetei eltűnnek, ez az eledel kezdetben akár egy évig is használható. Bőrműködés támogatása dermatózis és túlzott szőrhullás esetén. Túlzott szőrhullás: kezdetben legfeljebb két hónapig. Tovább olvasok"}
{"breadcrumb": "Főoldal/Kutya/Eledelek/Gyógyhatású eledelek/Select Gold Medica csökkentett zsírtartalmú kutya konzerv emésztőrendszeri problémákra 6x400g", "product_name": "Select Gold Medica csökkentett zsírtartalmú kutya konzerv emésztőrendszeri problémákra 6x400gSelect Gold Medica csökkentett zsírtartalmú kutya konzerv emésztőrendszeri problémákra 6x400g", "brand": "SELECT GOLD Medica201g – 400gFelnőttvegyespástétomérzékeny emésztésűkonzerv", "regular_price": "7794", "selling_price": "", "price_per_unit": "1 299 Ft", "product_url": "https://webshop.fressnapf.hu/termekek/select-gold-medica-csokkentett-zsirtartalmu-kutya-konzerv-emesztorendszeri-problemakra-6x400g/", "product_description": "Teljes értékű diétás eledel kutyák számára. Bélrendszeri felszívódási (abszorpciós) rendellenességek csökkentése. Magas nátrium- és káliumtartalmú, könnyen emészthető eledel. Rossz emésztés kiegyenlítése. Exokrin hasnyálmirigy elégtelenség. Lipidanyagcsere támogatása hiperlipidémia esetén. Alacsony zsírtartalom. Ellenjavallatok: nincsenek. Állatorvosi diéta: állatgyógyászati elmélet és gyakorlat alapján kifejlesztve. SELECT GOLD MEDICA Csökkentett zsírtartalmú kímélő diétás eledel — gyomor- és bélpanaszokkal küzdő kutyáknak. Összetétel: sertés (szív, máj), csirke 24% (zúza, hús), rizs, rizsliszt, sárgarépa, ásványi anyagok, cikóriainulin, élesztők, napraforgóolaj, fermentált rizs. Könnyen emészthető összetevőforrások: sertés, csirke, rizs. Nyomokban egyéb összetevőket is tartalmazhat. Analitikai összetevők: fehérje 9%, zsírtartalom 2,8%, nyershamu 2,5%, nyersrost 0,5%, nátrium 0,23%, kálium 0,39%. Nedvesség 78%. Adalékanyagok/kg: tápértékkel rendelkező adalékanyagok: D3-vitamin 127 NE, réz (3b405) lmg, jód (3b202) 0,5mg, mangán (3b503) 3mg, cink (3b605) 15mg. Technológiai adalékanyagok: üledékes eredetű klinoptilolit 2000mg. Etetési javaslat: Felhasználás előtt vagy a felhasználási időszak meghosszabbítása előtt állatorvos véleményének kikérése javasolt. Ajánlott felhasználási időszak: Rossz emésztés kiegyenlítése: legfeljebb 12 hét; Exokrin hasnyálmirigy elégtelenség: kezdetben legfeljebb 12 hét, de krónikus hasnyálmirigy-elégtelenség esetén az egész élettartam folyamán alkalmazható; Lipidanyagcsere támogatása hiperlipidémia esetén: kezdetben legfeljebb 2 hónap. Tovább olvasok"}
{"breadcrumb": "Főoldal/Kutya/Eledelek/Gyógyhatású eledelek/Select Gold Medica csontízület gyulladás elleni száraz kutyaeledel 2,5kg", "product_name": "Select Gold Medica csontízület gyulladás elleni száraz kutyaeledel 2,5kgSelect Gold Medica csontízület gyulladás elleni száraz kutyaeledel 2,5kg", "brand": "SELECT GOLD Medica1,1kg – 4kgFelnőttszárnyascsonterősítő", "regular_price": "7999", "selling_price": "", "price_per_unit": "1 kg=3200 Ft", "product_url": "https://webshop.fressnapf.hu/termekek/select-gold-medica-csontizulet-gyulladas-elleni-szaraz-kutyaeledel-25kg/", "product_description": "Teljes értékű diétás szárazeledel kifejlett kutyák számára Ízületi funkciók elősegítése ízületi gyulladás (ostheoarthritis) esetén. Ellenjavallatok: nincsenek. Állatorvosi étrend: állatorvosi elméleten és gyakorlaton alapuló, takarmányozásra és dietetikára szakosodott állatorvossal közösen kifejlesztett étrend. A SELECT GOLD MEDICA Csontízületi gyulladás elleni diétás eledelt állatorvosok közreműködésével, kifejezetten csontízületi gyulladással küzdő kutyáknak fejlesztették ki. Az ízületek anyagának építőkövei, például a glükózamin és a kondroitin, valamint a magasabb omega-3 zsírsav-tartalom elősegítheti az ízületek egészségének megőrzését. Analitikai összetevők Fehérje 25%, zsírtartalom 12%, nyershamu 6,5%, nyersrost 4%, kalcium 1%, foszfor 0,8%, omega-3 zsírsavak 2,9%, eikozapentaénsav 0,9%, E-vitamin 0,05%. Nedvesség 9%. Összetétel Csirkefehérje (25%), kukorica (18%), barna rizs (18%), rizs (18%), lazacolaj (5%), lenmag (4%), szárított répapép (4%), csirkemáj, hidrolizált (3%), ásványi anyagok, egész tojáspor (0,5%), sörélesztő (0,5%), lignocellulóz (0,5%), algaolaj (0,5%), frukto-oligoszacharidok (0,5%), élesztő, hidrolizált (0,5%), zöldajkú kagyló (0,2%), glükózamin-hidroklorid (0,1%), kondroitin-szulfát (0,01%). Adalékanyagok kilogrammonként Táplálkozási adalékanyagok: A-vitamin 20000 NE, D3-vitamin 1500 NE, taurin 100 mg, réz (3b405) 5 mg, vas (3b103) 50 mg, jód (3b202) 1,5 mg, mangán (3b502) 35 mg, szelén (3b801) 0,1 mg, cink (3b605) 65 mg, L-karnitin (3a910) 100 mg. Technológiai adalékanyagok: Bentonit 5000mg. Nyomokban egyéb összetevőket tartalmazhat. Etetési javaslat: Felhasználás előtt vagy a felhasználási időszak meghosszabbítása előtt állatorvos véleményének kikérése javasolt. Az adatok tájékoztató értékek. A tényleges tápanyagszükséglet fajtától, életkortól és aktivitástól függ. Mindig adjon friss ivóvizet. Ajánlott felhasználási időszak: kezdetben legfeljebb 3 hónap. Tovább olvasok"}
{"breadcrumb": "Főoldal/Kutya/Eledelek/Gyógyhatású eledelek/Select Gold Medica diabétesz baromfi száraz kutyaeledel 10kg", "product_name": "Select Gold Medica diabétesz baromfi száraz kutyaeledel 10kgSelect Gold Medica diabétesz baromfi száraz kutyaeledel 10kg", "brand": "SELECT GOLD Medica4,1kg – 10kgFelnőttszárnyasdiabétesz", "regular_price": "30399", "selling_price": "", "price_per_unit": "1 KG=3040 Ft", "product_url": "https://webshop.fressnapf.hu/termekek/select-gold-medica-diabetesz-baromfi-szaraz-kutyaeledel-10kg/", "product_description": "Teljes értékű diétás takarmány kifejlett kutyák számára Glükózellátás szabályozása (Diabetes mellitus). Alacsony mono- és diszacharidtartalom. Ellenjavallatok: vemhes és szoptató kutyáknak, kölyökkutyáknak nem adható. Állatorvosi diéta: állatorvosi elméleten és gyakorlaton alapuló, takarmányozásra és dietetikára szakosodott állatorvossal közösen kifejlesztett étrend. A SELECT GOLD MEDICA Cukorbetegség elleni diétás eledelt állatorvosok közreműködésével, kifejezetten a kutyák cukorbetegségének kiegészítő kezelésére fejlesztették ki. A receptúra glikémiás indexe (=GI) alacsony, Az összetett szénhidrátok alacsony részaránya miatt a glükóz csak lassan szabadul fel. Összetétel: baromfifehérje (30,8%), árpa (29,9%), szárított répaszeletek (8%), árpapehely (7,8%), friss baromfihús (7%), cellulóz (5%), hántolt lóbab (4%), halolaj (3,4%), baromfizsír (1,3%), napraforgóolaj (1,2%), hidrolizált baromfimáj (0,5%), nátrium-klorid (0,2%). Szénhidrátforrások: árpa, szárított répaszeletek, cellulóz, lóbab. Analitikai összetevők: fehérje 30%, zsírtartalom 13%, nyershamu 6%, nyersrost 8%, kalcium 1,2%, foszfor 0,9%, keményítő 22%, összes cukor 1,65%, linolsav 2,45%, arachidonsav 0,035%, alfa-linolénsav 0,185%, eikozapentaénsav (EPA) 0,13%, dokozahexaénsav (DHA) 0,13%. Adalékanyagok/kg: tápértékkel rendelkező adalékanyagok: A-vitamin 18500 NE, D3-vitamin 1009 NE, taurin 590mg, réz (3b405) 8,4mg, vas (3b103) 48mg, jód (3b202) 0,8mg, mangán (3b502) 17mg, szelén (3b801) 0,1mg, cink (3b605) 70mg. Technológiai adalékanyagok: antioxidánsok. Nyomokban egyéb összetevőket is tartalmazhat. Etetési javaslat: Felhasználás előtt és a felhasználási időszak meghosszabbítása előtt állatorvos véleményének kikérése javasolt. Ajánlott felhasználási időszak: kezdetben legfeljebb 6 hónap. Tovább olvasok"}
{"breadcrumb": "Főoldal/Kutya/Eledelek/Gyógyhatású eledelek/Select Gold Medica diabétesz száraz kutyaeledel baromfi 2,5kg", "product_name": "Select Gold Medica diabétesz száraz kutyaeledel baromfi 2,5kgSelect Gold Medica diabétesz száraz kutyaeledel baromfi 2,5kg", "brand": "SELECT GOLD Medica1,1kg – 4kgFelnőttszárnyasdiabétesz", "regular_price": "7999", "selling_price": "", "price_per_unit": "1 KG=3200 Ft", "product_url": "https://webshop.fressnapf.hu/termekek/select-gold-medica-diabetesz-szaraz-kutyaeledel-baromfi-25kg/", "product_description": "Teljes értékű diétás takarmány kifejlett kutyák számára Glükózellátás szabályozása (Diabetes mellitus). Alacsony mono- és diszacharidtartalom. Ellenjavallatok: vemhes és szoptató kutyáknak, kölyökkutyáknak nem adható. Állatorvosi diéta: állatorvosi elméleten és gyakorlaton alapuló, takarmányozásra és dietetikára szakosodott állatorvossal közösen kifejlesztett étrend. A SELECT GOLD MEDICA Cukorbetegség elleni diétás eledelt állatorvosok közreműködésével, kifejezetten a kutyák cukorbetegségének kiegészítő kezelésére fejlesztették ki. A receptúra glikémiás indexe (=GI) alacsony, Az összetett szénhidrátok alacsony részaránya miatt a glükóz csak lassan szabadul fel. Összetétel: baromfifehérje (30,8%), árpa (29,9%), szárított répaszeletek (8%), árpapehely (7,8%), friss baromfihús (7%), cellulóz (5%), hántolt lóbab (4%), halolaj (3,4%), baromfizsír (1,3%), napraforgóolaj (1,2%), hidrolizált baromfimáj (0,5%), nátrium-klorid (0,2%). Szénhidrátforrások: árpa, szárított répaszeletek, cellulóz, lóbab. Analitikai összetevők: fehérje 30%, zsírtartalom 13%, nyershamu 6%, nyersrost 8%, kalcium 1,2%, foszfor 0,9%, keményítő 22%, összes cukor 1,65%, linolsav 2,45%, arachidonsav 0,035%, alfa-linolénsav 0,185%, eikozapentaénsav (EPA) 0,13%, dokozahexaénsav (DHA) 0,13%. Adalékanyagok/kg: tápértékkel rendelkező adalékanyagok: A-vitamin 18500 NE, D3-vitamin 1009 NE, taurin 590mg, réz (3b405) 8,4mg, vas (3b103) 48mg, jód (3b202) 0,8mg, mangán (3b502) 17mg, szelén (3b801) 0,1mg, cink (3b605) 70mg. Technológiai adalékanyagok: antioxidánsok. Nyomokban egyéb összetevőket is tartalmazhat. Etetési javaslat: Felhasználás előtt és a felhasználási időszak meghosszabbítása előtt állatorvos véleményének kikérése javasolt. Ajánlott felhasználási időszak: kezdetben legfeljebb 6 hónap. Tovább olvasok"}
{"breadcrumb": "Főoldal/Kutya/Eledelek/Gyógyhatású eledelek/Select Gold Medica hipoallergén kutya konzerv pulyka&burgonya 6x400g", "product_name": "Select Gold Medica hipoallergén kutya konzerv pulyka&burgonya 6x400gSelect Gold Medica hipoallergén kutya konzerv pulyka&burgonya 6x400g", "brand": "SELECT GOLD Medica201g – 400gFelnőttszárnyaspástétomhipoallergénkonzerv", "regular_price": "8394", "selling_price": "", "price_per_unit": "1 399 Ft", "product_url": "https://webshop.fressnapf.hu/termekek/select-gold-medica-hipoallergen-kutya-konzerv-pulykaburgonya-6x400g/", "product_description": "Pástétom Pulyka Burgonyával. Teljes értékű diétás eledel kifejlett kutyák számára. Valamennyi összetevővel vagy táplálóanyaggal szembeni érzékenység csökkentésére. Egy-egy fehérje- és szénhidrátforrás megfelelő kombinációja. Bőrfunkció erősítésére dermatózis és erős szőrhullás esetén. Magas linolénsav-tartalom (LA), valamint az eikozapentaénsav (EPA) és a dokozahexaénsav (DHA) összege. Ellenjavallatok: nem alkalmas ismert pulyka- vagy burgonya-intolerancia esetén. Állatorvosi diéta: állatgyógyászati elmélet és gyakorlat alapján kifejlesztve. A SELECT GOLD MEDICA Hipoallergén egyetlen kiválasztott fehérjeforrást (pulyka), valamint szénhidrátforrást (burgonya) tartalmaz, így jelentősen enyhülhetnek a táplálékintolerancia tünetei. Összetétel: pulyka 60% (szív, hús, zúza, máj, nyak), burgonya 6%, ásványi anyagok, halolaj. Fehérjeforrás: pulyka. Szénhidrátforrás: burgonya. Nyomokban egyéb összetevőket is tartalmazhat. Analitikai összetevők: fehérje 10,2%, zsírtartalom 5,1%, nyershamu 2,2%, nyersrost 0,4%, kalcium 0,2%, foszfor 0,16%, EPA+DHA 1,9%, linolsav 0,9%. Nedvesség 80%. Adalékanyagok/kg: tápértékkel rendelkező adalékanyagok: D3-vitamin 200 NE, réz (3b405) 1mg, jód (3b202) 0,75mg, mangán (3b503) 1,4mg, cink (3b605) 25mg. Etetési javaslat: Felhasználás előtt és a felhasználási időszak meghosszabbítása előtt állatorvos véleményének kikérése javasolt. Az adatok tájékoztató értékek. A tényleges tápanyagszükséglet fajtától, életkortól és aktivitástól függ. Mindig adjon friss ivóvizet. Felbontás után hűtőszekrényben tárolandó. Az eledel etetéskor szobahőmérsékletű legyen. Ajánlott felhasználási időszak: 3–8 hét: ha az intolerancia jelei megszűnnek, ez az eledel kezdetben legfeljebb egy évig használható; kezdetben legfeljebb 2 hónap. Tovább olvasok"}
{"breadcrumb": "Főoldal/Kutya/Eledelek/Gyógyhatású eledelek/Select Gold Medica hipoallergén kutya tálka pulyka&burgonya 10x150g", "product_name": "Select Gold Medica hipoallergén kutya tálka pulyka&burgonya 10x150gSelect Gold Medica hipoallergén kutya tálka pulyka&burgonya 10x150g", "brand": "SELECT GOLD Medica101g – 200gFelnőttszárnyaspástétomhipoallergéntálka", "regular_price": "6790", "selling_price": "", "price_per_unit": "679 Ft", "product_url": "https://webshop.fressnapf.hu/termekek/select-gold-medica-hipoallergen-kutya-talka-pulykaburgonya-10x150g/", "product_description": "Hipoallergén pástétom Pulyka Burgonyával. Teljes értékű diétás eledel kifejlett kutyák számára. Valamennyi összetevővel vagy táplálóanyaggal szembeni érzékenység csökkentésére. Egy-egy fehérje- és szénhidrátforrás megfelelő kombinációja. Bőrfunkció erősítésére dermatózis és erős szőrhullás esetén. Magas linolénsav-tartalom (LA), valamint az eikozapentaénsav (EPA) és a dokozahexaénsav (DHA) összege. Ellenjavallatok: nem alkalmas ismert pulyka- vagy burgonya-intolerancia esetén. Állatorvosi diéta: állatgyógyászati elmélet és gyakorlat alapján kifejlesztve. Összetétel: Pulyka 60% (szív, hús, zúza, máj, nyak), burgonya 6%, ásványi anyagok, halolaj. Fehérjeforrás: pulyka. Szénhidrátforrás: burgonya. Analitikai összetevők: Fehérje 10,2%, zsírtartalom 5,1%, nyershamu 2,2%, nyersrost 0,4%, kalcium 0,2%, foszfor 0,16%, EPA+DHA 1,9%, linolsav 0,9%. Nedvesség 80%. Adalékanyagok/kg: Tápértékkel rendelkező adalékanyagok: D3-vitamin 200 NE, réz (3b405) 1mg, jód (3b202) 0,75mg, mangán (3b503) 1,4mg, cink (3b605) 25mg. Etetési javaslat: Felhasználás előtt és a felhasználási időszak meghosszabbítása előtt állatorvos véleményének kikérése javasolt. Az adatok tájékoztató értékek. A tényleges tápanyagszükséglet fajtától, életkortól és aktivitástól függ. Mindig adjon friss ivóvizet. Felbontás után hűtőszekrényben tárolandó. Az eledel etetéskor szobahőmérsékletű legyen. Ajánlott felhasználási időszak: 3-8 hét: ha az intolerancia jelei megszűnnek, ez az eledel kezdetben legfeljebb egy évig használható; kezdetben legfeljebb 2 hónap. Tovább olvasok"}
{"breadcrumb": "Főoldal/Kutya/Eledelek/Gyógyhatású eledelek/Select Gold Medica hipoallergén száraz kutyaeledel 2,5kg", "product_name": "Select Gold Medica hipoallergén száraz kutyaeledel 2,5kgSelect Gold Medica hipoallergén száraz kutyaeledel 2,5kg", "brand": "SELECT GOLD Medica1,1kg – 4kgFelnőtthal&tenger gyümölcseihipoallergén", "regular_price": "7999", "selling_price": "", "price_per_unit": "1 kg=3200 Ft", "product_url": "https://webshop.fressnapf.hu/termekek/select-gold-medica-hipoallergen-szaraz-kutyaeledel-25kg/", "product_description": "Teljes értékű diétás szárazeledel kifejlett kutyák számára. Valamennyi összetevővel vagy táplálóanyaggal szembeni érzékenység csökkentésére. Válogatott és részben hidrolizált fehérjeforrások, valamint válogatott szénhidrátforrások. Bőrfunkció erősítése dermatózis és erős szőrhullás esetén. Magas linolénsav-tartalom (LA), valamint az eikozapentaénsav (EPA) és a dokozahexaénsav (DHA) összege. Ellenjavallatok: nincsenek. Állatorvosi étrend: állatorvosi elméleten és gyakorlaton alapuló, takarmányozásra és dietetikára szakosodott állatorvossal közösen kifejlesztett étrend. A SELECT GOLD MEDICA Hipoallergén eledelt állatorvosok közreműködésével, kifejezetten a étel-intoleranciával, illetve -allergiával küzdő kutyáknak fejlesztették ki. A SELECT GOLD MEDICA Hipoallergén diétás eledel allergia gyanúja esetén kizáró diétához is használható. Analitikai összetevők Fehérje 18%, zsírtartalom 15%, nyershamu 5%, nyersrost 1,5%, kalcium 0,8%, foszfor 0,5%, omega-3 zsírsavak 1,0%, omega-6 zsírsavak 2,9%, linolsav 2,8%, alfa-linolénsav 0,6%, EPA 0,18%, DHA 0,22%. EHA + DHA összege 0,4%. Összetétel Rizs (30%), barna rizs (30%), lazacfehérje (16%), csirkezsír (11%), lazacfehérje, hidrolizált (4%), szárított répapép (4%), ásványi anyagok, lazacolaj (0,5%), élesztő, hidrolizált (0,5%), algaolaj (0,3%), yucca schidigera. Adalékanyagok kilogrammonként Táplálkozási adalékanyagok: A-vitamin 20000 NE, D3-vitamin 1500 NE, réz (3b405) 5mg, vas (3b103) 50mg, jód (3b202) 1,5mg, mangán (3b502) 35mg, szelén (3b801) 0,1mg, cink (3b605) 65mg. Technológiai adalékanyagok: Bentonit 5000mg. Nyomokban egyéb összetevőket tartalmazhat. Etetési javaslat: Felhasználás előtt és a felhasználási időszak meghosszabbítása előtt állatorvos véleményének kikérése javasolt. Az adatok tájékoztató értékek. A tényleges tápanyagszükséglet fajtától, életkortól és aktivitástól függ. Mindig adjon friss ivóvizet. Ajánlott felhasználási időszak: valamely összetevővel vagy táplálóanyaggal szembeni érzékenység csökkentésére: 3-8 hét: ha az intolerancia jelei megszűnnek, ez a takarmány kezdetben legfeljebb egy évig használható; borfunkció erősítése dermatózis és erős szőrhullás esetén: kezdetben legfeljebb 2 hónap. Tovább olvasok"}
{"breadcrumb": "Főoldal/Kutya/Eledelek/Gyógyhatású eledelek/Select Gold Medica hipoallergén száraz kutyaeledel kacsa 10kg", "product_name": "Select Gold Medica hipoallergén száraz kutyaeledel kacsa 10kgSelect Gold Medica hipoallergén száraz kutyaeledel kacsa 10kg", "brand": "SELECT GOLD Medica4,1kg – 10kgFelnőttszárnyas", "regular_price": "7 194", "selling_price": "5 394", "price_per_unit": "1 KG=3040 Ft", "product_url": "https://webshop.fressnapf.hu/termekek/select-gold-medica-hipoallergen-szaraz-kutyaeledel-kacsa-10kg/", "product_description": "Teljes értékű diétás eledel kifejlett kutyák számára Valamely összetevővel vagy táplálóanyaggal szembeni érzékenység csökkentésére. Válogatott és részben hidrolizált fehérjeforrások, illetve válogatott szénhidrátforrások. Bőrfunkció erősítése dermatózis és erős szőrhullás esetén. Magas linolénsav-tartalom (LA), valamint az eikozapentaénsav (EPA) és a dokozahexaénsav (DHA) összege. Ellenjavallat: nincs. Állatorvosi diéta: állatorvosi elméleten és gyakorlaton alapuló, takarmányozásra és dietetikára szakosodott állatorvosokkal közösen kifejlesztett étrend. A SELECT GOLD MEDICA Hipoallergén diétás eledelt állatorvosok közreműködésével, kifejezetten az étel-intoleranciával küzdő kutyáknak fejlesztették ki. A SELECT GOLD MEDICA Hipoallergén diétás eledel allergia gyanúja esetén kizáró diétához is használható. Összetétel: tápióka (50,2%), kacsafehérje (25,4%), friss kacsahús (8%), baromfizsír (6,5%), szárított répaszeletek (2,6%), kendermag (2,5%), napraforgóolaj (1%), halolaj (0,9%), nátrium-klorid (0,6%), hidrolizált baromfimáj (0,5%), cellulóz (0,2%), kálium-klorid (0,2%), borágóolaj (0,1%). Fehérjeforrások: kacsa, tápióka, hidrolizált baromfimáj. Szénhidrátforrások: tápióka, szárított répaszeletek. Analitikai összetevők: fehérje 21,5%, zsírtartalom 14%, nyershamu 8,5%, nyersrost 4%, kalcium 1,35%, foszfor 0,8%, gamma-linolénsav 0,02%, linolsav 3,35%, alfa-linolénsav 0,39%, arachidonsav 0,05%, eikozapentaénsav (EPA) 0,1%, dokozahexaénsav (DHA) 0,1%. EPA + DHA összege 0,2%. Adalékanyagok/kg: tápértékkel rendelkező adalékanyagok: A-vitamin 23220 NE, D3-vitamin 1267 NE, taurin 260mg, réz (3b405) 10,6mg, vas (3b103) 60mg, jód (3b202) 1,1mg, mangán (3b502) 21mg, szelén (3b801) 0,13mg, cink (3b605) 89mg. Technológiai adalékanyagok: antioxidánsok. Nyomokban egyéb összetevőket is tartalmazhat. Etetési javaslat: Felhasználás előtt és a felhasználási időszak meghosszabbítása előtt állatorvos véleményének kikérése javasolt. Ajánlott felhasználási időszak: valamely összetevővel vagy tápanyaggal szembeni érzékenység csökkentésére: 3-8 hét: ha az intolerancia jelei megszűnnek, ez a takarmány kezdetben legfeljebb egy évig használható; bőrfunkció erősítése dermatózis és erős szőrhullás esetén: kezdetben legfeljebb 2 hónap. Tovább olvasok"}
{"breadcrumb": "Főoldal/Kutya/Eledelek/Gyógyhatású eledelek/Select Gold Medica hipoallergén száraz kutyaeledel kacsa 2,5kg", "product_name": "Select Gold Medica hipoallergén száraz kutyaeledel kacsa 2,5kgSelect Gold Medica hipoallergén száraz kutyaeledel kacsa 2,5kg", "brand": "SELECT GOLD Medica1,1kg – 4kgFelnőttszárnyashipoallergén", "regular_price": "7 194", "selling_price": "5 394", "price_per_unit": "1 KG=4000 Ft", "product_url": "https://webshop.fressnapf.hu/termekek/select-gold-medica-hipoallergen-szaraz-kutyaeledel-kacsa-25kg/", "product_description": "Teljes értékű diétás eledel kifejlett kutyák számára Valamely összetevővel vagy táplálóanyaggal szembeni érzékenység csökkentésére. Válogatott és részben hidrolizált fehérjeforrások és válogatott szénhidrátforrások. Bőrfunkció erősítése dermatózis és erős szőrhullás esetén. Magas linolénsav-tartalom (LA), valamint az eikozapentaénsav (EPA) és a dokozahexaénsav (DHA) összege. Ellenjavallat: nincs. Állatorvosi diéta: állatorvosi elméleten és gyakorlaton alapuló, takarmányozásra és dietetikára szakosodott állatorvossal közösen kifejlesztett étrend. A SELECT GOLD MEDICA Hipoallergén diétás eledelt állatorvosok közreműködésével, kifejezetten a takarmány-intoleranciával küzdő kutyáknak fejlesztették ki. A SELECT GOLD MEDICA Hipoallergén diétás eledel allergia gyanúja esetén kizáró diétához is használható. Összetétel: tápióka (50,2%), kacsafehérje (24,4%), friss kacsahús (8%), baromfizsír (6,5%), szárított répaszeletek (2,6%), kendermag (2,5%), napraforgóolaj (1%), halolaj (0,9%), nátrium-klorid (0,6%), hidrolizált baromfimáj (0,5%), cellulóz (0,2%), kálium-klorid (0,2%), borágóolaj (0,1%). Fehérjeforrások: kacsa, tápióka, hidrolizált baromfimáj. Szénhidrátforrások: tápióka, szárított répaszeletek. Analitikai összetevők: fehérje 21,5%, zsírtartalom 14%, nyershamu 8,5%, nyersrost 4%, kalcium 1,35%, foszfor 0,8%, gamma-linolénsav 0,02%, linolsav 3,35%, alfa-linolénsav 0,39%, arachidonsav eikozapentaénsav (EPA) 0,1%, dokozahexaénsav (DHA) 0,1%. EPA + DHA összege 0,2%. Adalékanyagok/kg: tápértékkel rendelkező adalékanyagok: A-vitamin 23220 NE, D3-vitamin 1267 NE, taurin 260mg, réz (3b405) 10,6mg, vas (3b103) 60mg, jód (3b202) 1,1mg, mangán (3b502) 21mg, szelén (3b801) 0,13mg, cink (3b605) 89mg. Technológiai adalékanyagok: antioxidánsok. Nyomokban egyéb összetevőket is tartalmazhat. Etetési javaslat: Felhasználás előtt és a felhasználási időszak meghosszabbítása előtt állatorvos véleményének kikérése javasolt. Ajánlott felhasználási időszak: valamely összetevővel vagy tápanyaggal szembeni érzékenység csökkentésére: 3-8 hét: ha az intolerancia jelei megszűnnek, ez a takarmány kezdetben legfeljebb egy évig használható; bőrfunkció erősítése dermatózis és erős szőrhullás esetén: kezdetben legfeljebb 2 hónap. Tovább olvasok"}
{"breadcrumb": "Főoldal/Kutya/Eledelek/Gyógyhatású eledelek/Select Gold Medica hipoallergén száraz kutyaeledel lazac&burgonya 10kg", "product_name": "Select Gold Medica hipoallergén száraz kutyaeledel lazac&burgonya 10kgSelect Gold Medica hipoallergén száraz kutyaeledel lazac&burgonya 10kg", "brand": "SELECT GOLD Medica4,1kg – 10kgFelnőtthal&tenger gyümölcseihipoallergén", "regular_price": "26999", "selling_price": "", "price_per_unit": "1 KG=2700 Ft", "product_url": "https://webshop.fressnapf.hu/termekek/select-gold-medica-hipoallergen-szaraz-kutyaeledel-lazacburgonya-10kg/", "product_description": "Teljes értékű diétás eledel kifejlett kutyák számára Valamely összetevővel vagy táplálóanyaggal szembeni érzékenység csökkentésére. Válogatott és részben hidrolizált fehérjeforrások és válogatott szénhidrátforrások. Bórfunkció erősítése dermatózis és erős szőrhullás esetén. Magas linolénsav-tartalom (LA), valamint az eikozapentaénsav (EPA) és a dokozahexaénsav (DHA) összege. Ellenjavallat: nincs. Állatorvosi diéta: állatorvosi elméleten és gyakorlaton alapuló, takarmányozásra és dietetikára szakosodott állatorvosokkal közösen kifejlesztett étrend. A SELECT GOLD MEDICA Hipoallergén PLUS diétás eledelt állatorvosok közreműködésével, kifejezetten a étel-intoleranciával küzdő kutyáknak fejlesztették ki. A válogatott és hidrolizált fehérjeforrásoknak, a válogatott szénhidrátforrásoknak és a gabonamentes receptúrának köszönhetően mérsékelhető a tápanyag-intolerancia. Összetétel: burgonyapehely (56,3%), hidrolizált lazacfehérje (19%), halolaj (9%), burgonyafehérje (6,5%), hidrolizált baromfimáj (2%), monokalcium-foszfát (1,7%), napraforgóolaj (1,5%), kalcium-karbonát (1,5%), baromfizsír (1,2%), nátrium-klorid (0,3%). Fehérjeforrások: hidrolizált lazacfehérje, burgonya, hidrolizált baromfimáj. Szénhidrátforrások: burgonya. Analitikai összetevők: fehérje 23,5%, zsírtartalom 16,5%, nyershamu 6,8%, nyersrost 2,6%, kalcium 1%, foszfor 0,6%, linolsav 1,55%, alfa-linolénsav 0,32%, arachidonsav 0,085%, eikozapentaénsav (EPA) 0,81%, dokozahexaénsav (DHA) 0,91%. EPA + DHA összege 1,72%. Adalékanyagok/kg: tápértékkel rendelkező adalékanyagok: A-vitamin 26400 NE, D3-vitamin 1440 NE, réz (3b405) 12mg, vas (3b103) 68mg, jód (3b202) 1,2mg, mangán (3b502) 24mg, szelén (3b801) 0,14mg, cink (3b605) 100mg. Technológiai adalékanyagok: antioxidánsok. Nyomokban egyéb összetevőket is tartalmazhat. Etetési javaslat: Felhasználás előtt és a felhasználási időszak meghosszabbítása előtt állatorvos véleményének kikérése javasolt. Ajánlott felhasználási időszak: valamely összetevővel vagy táplálóanyaggal szembeni érzékenység csökkentésére: 3-8 hét: ha az intolerancia jelei megszűnnek, ez a takarmány kezdetben legfeljebb egy évig használható; bőrfunkció erősítése dermatózis és erős szőrhullás esetén: kezdetben legfeljebb 2 hónap. Tovább olvasok"}
{"breadcrumb": "Főoldal/Kutya/Eledelek/Gyógyhatású eledelek/Select Gold Medica hipoallergén száraz kutyaeledel lazac&burgonya 2,5kg", "product_name": "Select Gold Medica hipoallergén száraz kutyaeledel lazac&burgonya 2,5kgSelect Gold Medica hipoallergén száraz kutyaeledel lazac&burgonya 2,5kg", "brand": "SELECT GOLD Medica1,1kg – 4kgFelnőtthal&tenger gyümölcsei", "regular_price": "9999", "selling_price": "", "price_per_unit": "1 KG=4000 Ft", "product_url": "https://webshop.fressnapf.hu/termekek/select-gold-medica-hipoallergen-szaraz-kutyaeledel-lazacburgonya-25kg/", "product_description": "Teljes értékű diétás eledel kifejlett kutyák számára Valamely összetevővel vagy táplálóanyaggal szembeni érzékenység csökkentésére. Válogatott és részben hidrolizált fehérjeforrások és válogatott szénhidrátforrások. Bórfunkció erősítése dermatózis és erős szőrhullás esetén. Magas linolénsav-tartalom (LA), valamint az eikozapentaénsav (EPA) és a dokozahexaénsav (DHA) összege. Ellenjavallat: nincs. Állatorvosi diéta: állatorvosi elméleten és gyakorlaton alapuló, takarmányozásra és dietetikára szakosodott állatorvosokkal közösen kifejlesztett étrend. A SELECT GOLD MEDICA Hipoallergén PLUS diétás eledelt állatorvosok közreműködésével, kifejezetten a étel-intoleranciával küzdő kutyáknak fejlesztették ki. A válogatott és hidrolizált fehérjeforrásoknak, a válogatott szénhidrátforrásoknak és a gabonamentes receptúrának köszönhetően mérsékelhető a tápanyag-intolerancia. Összetétel: burgonyapehely (56,3%), hidrolizált lazacfehérje (19%), halolaj (9%), burgonyafehérje (6,5%), hidrolizált baromfimáj (2%), monokalcium-foszfát (1,7%), napraforgóolaj (1,5%), kalcium-karbonát (1,5%), baromfizsír (1,2%), nátrium-klorid (0,3%). Fehérjeforrások: hidrolizált lazacfehérje, burgonya, hidrolizált baromfimáj. Szénhidrátforrások: burgonya. Analitikai összetevők: fehérje 23,5%, zsírtartalom 16,5%, nyershamu 6,8%, nyersrost 2,6%, kalcium 1%, foszfor 0,6%, linolsav 1,55%, alfa-linolénsav 0,32%, arachidonsav 0,085%, eikozapentaénsav (EPA) 0,81%, dokozahexaénsav (DHA) 0,91%. EPA + DHA összege 1,72%. Adalékanyagok/kg: tápértékkel rendelkező adalékanyagok: A-vitamin 26400 NE, D3-vitamin 1440 NE, réz (3b405) 12mg, vas (3b103) 68mg, jód (3b202) 1,2mg, mangán (3b502) 24mg, szelén (3b801) 0,14mg, cink (3b605) 100mg. Technológiai adalékanyagok: antioxidánsok. Nyomokban egyéb összetevőket is tartalmazhat. Etetési javaslat: Felhasználás előtt és a felhasználási időszak meghosszabbítása előtt állatorvos véleményének kikérése javasolt. Ajánlott felhasználási időszak: valamely összetevővel vagy táplálóanyaggal szembeni érzékenység csökkentésére: 3-8 hét: ha az intolerancia jelei megszűnnek, ez a takarmány kezdetben legfeljebb egy évig használható; bőrfunkció erősítése dermatózis és erős szőrhullás esetén: kezdetben legfeljebb 2 hónap. Tovább olvasok"}
{"breadcrumb": "Főoldal/Kutya/Eledelek/Gyógyhatású eledelek/Select Gold Medica hipoallergén száraz kutyaeledel lazac&rizs 10kg", "product_name": "Select Gold Medica hipoallergén száraz kutyaeledel lazac&rizs 10kgSelect Gold Medica hipoallergén száraz kutyaeledel lazac&rizs 10kg", "brand": "SELECT GOLD Medica4,1kg – 10kgFelnőtthal&tenger gyümölcseihipoallergén", "regular_price": "27999", "selling_price": "", "price_per_unit": "1 kg=2800 Ft", "product_url": "https://webshop.fressnapf.hu/termekek/select-gold-medica-hipoallergen-szaraz-kutyaeledel-lazacrizs-10kg/", "product_description": "Teljes értékű diétás szárazeledel kifejlett kutyák számára. Valamennyi összetevővel vagy táplálóanyaggal szembeni érzékenység csökkentésére. Válogatott és részben hidrolizált fehérjeforrások, valamint válogatott szénhidrátforrások. Bőrfunkció erősítése dermatózis és erős szőrhullás esetén. Magas linolénsav-tartalom (LA), valamint az eikozapentaénsav (EPA) és a dokozahexaénsav (DHA) összege. Ellenjavallatok: nincsenek. Állatorvosi étrend: állatorvosi elméleten és gyakorlaton alapuló, takarmányozásra és dietetikára szakosodott állatorvosokkal közösen kifejlesztett étrend. A SELECT GOLD MEDICA Hipoallergén csökkentett kalóriatartalmú eledelt állatorvosok közreműködésével, kifejezetten az étel-intoleranciával, illetve -allergiával küzdő kutyáknak fejlesztették ki. A SELECT GOLD MEDICA Hipoallergén diétás eledel allergia gyanúja esetén kizáró diétához is használható. Analitikai összetevők Fehérje 23%, zsírtartalom 6,5%, nyershamu 6%, nyersrost 5%, kalcium 1%, foszfor 0,8%, omega-3 zsírsavak 1,0%, omega-6 zsírsavak 1,3%, linolsav 1,3%, alfa-linolénsav 0,5%, EPA 0,24%, DHA 0,26%. EHA + DHA összege 0,5%. Energiaérték (ME az NRC, 2006 szerint) 3259 kcal/kg. Nedvesség: 9%. Összetétel Rizs (31%), kukorica (31%), lazacfehérje (23%), hidrolizált lazacfehérje (4%), lignocellulóz (3,5%), szárított répapép (2%), lenmag (2%), lazacolaj (1,5%), ásványi anyagok, Csirkezsír (1%), élesztő, hidrolizált (0,5%), frukto-oligoszacharidok (0,5%), algaolaj (0,3%), yucca schidigera, rozmaring, citrom, kurkuma, szegfűszeg, citromfű. Adalékanyagok kilogrammonként Táplálkozási adalékanyagok: A-vitamin 20000 NE, D3-vitamin 1500 NE, réz (3b405) 5mg, vas (3b103) 50mg, jód (3b202) 1,5mg, mangán (3b502) 35mg, szelén (3b801) 0,1mg, cink (3b605) 65mg. Technológiai adalékanyagok: Bentonit 5000mg. Nyomokban egyéb összetevőket tartalmazhat. Etetési javaslat: Felhasználás előtt és a felhasználási időszak meghosszabbítása előtt állatorvos véleményének kikérése javasolt. Az adatok tájékoztató értékek. A tényleges tápanyagszükséglet fajtától, életkortól és aktivitástól függ. Mindig adjon friss ivóvizet. Ajánlott felhasználási időszak: valamely összetevővel vagy táplálóanyaggal szembeni érzékenység csökkentésére: 3-8 hét: ha az intolerancia jelei megszűnnek, ez a takarmány kezdetben legfeljebb egy évig használható; bőrfunkció erősítése dermatózis és erős szőrhullás esetén: kezdetben legfeljebb 2 hónap. Tovább olvasok"}
{"breadcrumb": "Főoldal/Kutya/Eledelek/Gyógyhatású eledelek/Select Gold Medica hipoallergén száraz kutyaeledel ló&burgonya 10kg", "product_name": "Select Gold Medica hipoallergén száraz kutyaeledel ló&burgonya 10kgSelect Gold Medica hipoallergén száraz kutyaeledel ló&burgonya 10kg", "brand": "SELECT GOLD Medica4,1kg – 10kgFelnőttlóhipoallergén", "regular_price": "30399", "selling_price": "", "price_per_unit": "1 KG=3040 Ft", "product_url": "https://webshop.fressnapf.hu/termekek/select-gold-medica-hipoallergen-szaraz-kutyaeledel-loburgonya-10kg/", "product_description": "Teljes értékű diétás eledel kifejlett kutyák számára Valamely összetevővel vagy táplálóanyaggal szembeni érzékenység csökkentésére. Válogatott és részben hidrolizált fehérjeforrások és válogatott szénhidrátforrások. Bőrfunkció erősítése dermatózis és erős szőrhullás esetén. Magas linolénsav-tartalom (LA), valamint az eikozapentaénsav (EPA) és a dokozahexaénsav (DHA) összege. Ellenjavallat: nincs. Állatorvosi diéta: állatorvosi elméleten és gyakorlaton alapuló, takarmányozásra és dietetikára szakosodott állatorvossal közösen kifejlesztett étrend. A SELECT GOLD MEDICA Hipoallergén diétás eledelt állatorvosok közreműködésével, kifejezetten a takarmány-intoleranciával küzdő kutyáknak fejlesztették ki. A SELECT GOLD MEDICA Hipoallergén diétás eledel allergia gyanúja esetén kizáró diétához is használható. Összetétel: burgonya (27,5%), burgonyapehely (24,1%), burgonyafehérje (15,3%), friss lóhús (10%), baromfizsír (7,9%), lófehérje (4%), kendermag (2,5%), monokalcium-foszfát (1,9%), napraforgóolaj (1,2%), szárított répaszeletek (0,9%), halolaj (0,9%), hidrolizált baromfimáj (0,7%), cellulóz (0,6%), kálium-klorid (0,4%), borágóolaj (0,1%). Fehérjeforrások: ló, burgonya, hidrolizált baromfimáj. Szénhidrátforrások: burgonya, szárított répaszeletek, cellulóz. Analitikai összetevők: fehérje 23%, zsírtartalom 15%, nyershamu 6,3%, nyersrost 3,8%, kalcium 1%, foszfor 0,85%, linolsav 3,14%, alfa-linolénsav 0,46%, arachidonsav 0,026%, eikozapentaénsav (EPA) 0,1%, dokozahexaénsav (DHA) 0,1%. EPA + DHA összege 0,2%. Adalékanyagok/kg: tápértékkel rendelkező adalékanyagok: A-vitamin 18293 NE, D3-vitamin 1829 NE, taurin 740mg, réz (3b405) 12mg, vas (3b103) 69,5mg, jód (3b202) 1,2mg, mangán (3b502) 25mg, szelén (3b801) 0,15mg, cink (3b605) 122mg. Technológiai adalékanyagok: antioxidánsok. Nyomokban egyéb összetevőket is tartalmazhat. Etetési javaslat: Felhasználás előtt és a felhasználási időszak meghosszabbítása előtt állatorvos véleményének kikérése javasolt. Ajánlott felhasználási időszak: valamely összetevővel vagy tápanyaggal szembeni érzékenység csökkentésére: 3-8 hét: ha az intolerancia jelei megszűnnek, ez a takarmány kezdetben legfeljebb egy évig használható; bőrfunkció erősítése dermatózis és erős szőrhullás esetén: kezdetben legfeljebb 2 hónap. Tovább olvasok"}
{"breadcrumb": "Főoldal/Kutya/Eledelek/Gyógyhatású eledelek/Select Gold Medica hipoallergén száraz kutyaeledel ló&burgonya 2,5kg", "product_name": "Select Gold Medica hipoallergén száraz kutyaeledel ló&burgonya 2,5kgSelect Gold Medica hipoallergén száraz kutyaeledel ló&burgonya 2,5kg", "brand": "SELECT GOLD Medica1,1kg – 4kgFelnőttlóhipoallergén", "regular_price": "9999", "selling_price": "", "price_per_unit": "1 KG=4000 Ft", "product_url": "https://webshop.fressnapf.hu/termekek/select-gold-medica-hipoallergen-szaraz-kutyaeledel-loburgonya-25kg/", "product_description": "Teljes értékű diétás eledel kifejlett kutyák számára Valamely összetevővel vagy táplálóanyaggal szembeni érzékenység csökkentésére. Válogatott és részben hidrolizált fehérjeforrások és válogatott szénhidrátforrások. Bőrfunkció erősítése dermatózis és erős szőrhullás esetén. Magas linolénsav-tartalom (LA), valamint az eikozapentaénsav (EPA) és a dokozahexaénsav (DHA) összege. Ellenjavallat: nincs. Állatorvosi diéta: állatorvosi elméleten és gyakorlaton alapuló, takarmányozásra és dietetikára szakosodott állatorvossal közösen kifejlesztett étrend. A SELECT GOLD MEDICA Hipoallergén diétás eledelt állatorvosok közreműködésével, kifejezetten a takarmány-intoleranciával küzdő kutyáknak fejlesztették ki. A SELECT GOLD MEDICA Hipoallergén diétás eledel allergia gyanúja esetén kizáró diétához is használható. Összetétel: burgonya (27,5%), burgonyapehely (24,1%), burgonyafehérje (15,3%), friss lóhús (10%), baromfizsír (7,9%), lófehérje (4%), kendermag (2,5%), monokalcium-foszfát (1,9%), napraforgóolaj (1,2%), szárított répaszeletek (0,9%), halolaj (0,9%), hidrolizált baromfimáj (0,7%), cellulóz (0,6%), kálium-klorid (0,4%), borágóolaj (0,1%). Fehérjeforrások: ló, burgonya, hidrolizált baromfimáj. Szénhidrátforrások: burgonya, szárított répaszeletek, cellulóz. Analitikai összetevők: fehérje 23%, zsírtartalom 15%, nyershamu 6,3%, nyersrost 3,8%, kalcium 1%, foszfor 0,85%, linolsav 3,14%, alfa-linolénsav 0,46%, arachidonsav 0,026%, eikozapentaénsav (EPA) 0,1%, dokozahexaénsav (DHA) 0,1%. EPA + DHA összege 0,2%. Adalékanyagok/kg: tápértékkel rendelkező adalékanyagok: A-vitamin 18293 NE, D3-vitamin 1829 NE, taurin 740mg, réz (3b405) 12mg, vas (3b103) 69,5mg, jód (3b202) 1,2mg, mangán (3b502) 25mg, szelén (3b801) 0,15mg, cink (3b605) 122mg. Technológiai adalékanyagok: antioxidánsok. Nyomokban egyéb összetevőket is tartalmazhat. Etetési javaslat: Felhasználás előtt és a felhasználási időszak meghosszabbítása előtt állatorvos véleményének kikérése javasolt. Ajánlott felhasználási időszak: valamely összetevővel vagy tápanyaggal szembeni érzékenység csökkentésére: 3-8 hét: ha az intolerancia jelei megszűnnek, ez a takarmány kezdetben legfeljebb egy évig használható; bőrfunkció erősítése dermatózis és erős szőrhullás esetén: kezdetben legfeljebb 2 hónap. Tovább olvasok"}
{"breadcrumb": "Főoldal/Kutya/Eledelek/Gyógyhatású eledelek/Select Gold Medica hipoallergén száraz kutyaeledel rovar 10kg", "product_name": "Select Gold Medica hipoallergén száraz kutyaeledel rovar 10kgSelect Gold Medica hipoallergén száraz kutyaeledel rovar 10kg", "brand": "SELECT GOLD Medica4,1kg – 10kgFelnőttegzotikushipoallergén", "regular_price": "29999", "selling_price": "", "price_per_unit": "1 kg=12000 Ft", "product_url": "https://webshop.fressnapf.hu/termekek/select-gold-medica-hipoallergen-szaraz-kutyaeledel-rovar-10kg/", "product_description": "Teljes értékű diétás szárazeledel kifejlett kutyák számára. Valamennyi összetevővel vagy táplálóanyaggal szembeni érzékenység csökkentésére. Válogatott és részben hidrolizált fehérjeforrások, valamint válogatott szénhidrátforrások. Bőrfunkció erősítése dermatózis és erős szőrhullás esetén. Magas linolénsav-tartalom (LA), valamint az eikozapentaénsav (EPA) és a dokozahexaénsav (DHA) összege. Ellenjavallatok: nincsenek. Állatorvosi étrend: állatorvosi elméleten és gyakorlaton alapuló, takarmányozásra és dietetikára szakosodott állatorvossal közösen kifejlesztett étrend. A SELECT GOLD MEDICA Hipoallergén Rovarok eledelt állatorvosok közreműködésével, kifejezetten az étel-intoleranciával, illetve -allergiával küzdő kutyáknak fejlesztették ki. A SELECT GOLD MEDICA Hipoallergén diétás takarmány allergia gyanúja esetén kizáró diétához is használható. Analitikai összetevők Fehérje 23%, zsírtartalom 15%, nyershamu 6,5%, nyersrost 3%, kalcium 0,6%, foszfor 0,5%, omega-3 zsírsavak 1,3%, omega-6 zsírsavak 2,4%, linolsav 2,3%, alfa-linolénsav 0,9%, EPA 0,18%, DHA 0,22%. EHA + DHA összege 0,4%. Összetétel Rizs (44%), rovarfehérje (32%), csirkezsír (6%), szárított répapép (4%), lenmag (3%), sörélesztő, hidrolizált (3%), lazacolaj (1,5%), ásványi anyagok, frukto-oligoszacharidok (0,5%), élesztő, hidrolizált (0,5%), algaolaj (0,5%), yucca schidigera, rozmaring, citrom, kurkuma, szegfűszeg, citromfű. Adalékanyagok kilogrammonként Táplálkozási adalékanyagok: A-vitamin 20000 NE, D3-vitamin 1500 NE, réz (3b405) 5mg, vas (3b103) 50mg, jód (3b202) 1,5mg, mangán (3b502) 35mg, szelén (3b801) 0,1mg, cink (3b605) 65mg. Technológiai adalékanyagok: Bentonit 5000mg. Nyomokban egyéb összetevőket tartalmazhat. Etetési javaslat: Felhasználás előtt és a felhasználási időszak meghosszabbítása előtt állatorvos véleményének kikérése javasolt. Az adatok tájékoztató értékek. A tényleges tápanyagszükséglet fajtától, életkortól és aktivitástól függ. Mindig adjon friss ivóvizet. Ajánlott felhasználási időszak: valamely összetevővel vagy táplálóanyaggal szembeni érzékenység csökkentésére: 3-8 hét: ha az intolerancia jelei megszűnnek, ez az eledel kezdetben legfeljebb egy évig használható; bőrfunkció erősítése dermatózis és erős szőrhullás esetén: kezdetben legfeljebb 2 hónap Tovább olvasok"}
{"breadcrumb": "Főoldal/Kutya/Eledelek/Gyógyhatású eledelek/Select Gold Medica hipoallergén száraz kutyaeledel rovar 2,5kg", "product_name": "Select Gold Medica hipoallergén száraz kutyaeledel rovar 2,5kgSelect Gold Medica hipoallergén száraz kutyaeledel rovar 2,5kg", "brand": "SELECT GOLD Medica1,1kg – 4kgFelnőttegzotikushipoallergén", "regular_price": "9999", "selling_price": "", "price_per_unit": "1 kg=4000 Ft", "product_url": "https://webshop.fressnapf.hu/termekek/select-gold-medica-hipoallergen-szaraz-kutyaeledel-rovar-25kg/", "product_description": "Teljes értékű diétás szárazeledel kifejlett kutyák számára. Valamennyi összetevővel vagy táplálóanyaggal szembeni érzékenység csökkentésére. Válogatott és részben hidrolizált fehérjeforrások, valamint válogatott szénhidrátforrások. Bőrfunkció erősítése dermatózis és erős szőrhullás esetén. Magas linolénsav-tartalom (LA), valamint az eikozapentaénsav (EPA) és a dokozahexaénsav (DHA) összege. Ellenjavallatok: nincsenek. Állatorvosi étrend: állatorvosi elméleten és gyakorlaton alapuló, takarmányozásra és dietetikára szakosodott állatorvossal közösen kifejlesztett étrend. A SELECT GOLD MEDICA Hipoallergén Rovarok eledelt állatorvosok közreműködésével, kifejezetten az étel-intoleranciával, illetve -allergiával küzdő kutyáknak fejlesztették ki. A SELECT GOLD MEDICA Hipoallergén diétás eledel allergia gyanúja esetén kizáró diétához is használható. Analitikai összetevők Fehérje 23%, zsírtartalom 15%, nyershamu 6,5%, nyersrost 3%, kalcium 0,6%, foszfor 0,5%, omega-3 zsírsavak 1,3%, omega-6 zsírsavak 2,4%, linolsav 2,3%, alfa-linolénsav 0,9%, EPA 0,18%, DHA 0,22%. EHA + DHA összege 0,4%. Összetétel Rizs (44%), rovarfehérje (32%), csirkezsír (6%), szárított répapép (4%), lenmag (3%), sörélesztő, hidrolizált (3%), lazacolaj (1,5%), ásványi anyagok, frukto-oligoszacharidok (0,5%), élesztő, hidrolizált (0,5%), algaolaj (0,5%), yucca schidigera, rozmaring, citrom, kurkuma, szegfűszeg, citromfű. Adalékanyagok kilogrammonként Táplálkozási adalékanyagok: A-vitamin 20000 NE, D3-vitamin 1500 NE, réz (3b405) 5mg, vas (3b103) 50mg, jód (3b202) 1,5mg, mangán (3b502) 35mg, szelén (3b801) 0,1mg, cink (3b605) 65mg. Technológiai adalékanyagok: Bentonit 5000mg. Nyomokban egyéb összetevőket tartalmazhat. Etetési javaslat: Felhasználás előtt és a felhasználási időszak meghosszabbítása előtt állatorvos véleményének kikérése javasolt. Az adatok tájékoztató értékek. A tényleges tápanyagszükséglet fajtától, életkortól és aktivitástól függ. Mindig adjon friss ivóvizet. Ajánlott felhasználási időszak: valamely összetevővel vagy táplálóanyaggal szembeni érzékenység csökkentésére: 3-8 hét: ha az intolerancia jelei megszűnnek, ez az eledel kezdetben legfeljebb egy évig használható; bőrfunkció erősítése dermatózis és erős szőrhullás esetén: kezdetben legfeljebb 2 hónap. Tovább olvasok"}
{"breadcrumb": "Főoldal/Kutya/Eledelek/Gyógyhatású eledelek/Select Gold Medica húgykő elleni kutya konzerv 6x400g", "product_name": "Select Gold Medica húgykő elleni kutya konzerv 6x400gSelect Gold Medica húgykő elleni kutya konzerv 6x400g", "brand": "SELECT GOLD Medica201g – 400gFelnőttszárnyaspástétomhúgykő ellenikonzerv", "regular_price": "7794", "selling_price": "", "price_per_unit": "1 299 Ft", "product_url": "https://webshop.fressnapf.hu/termekek/select-gold-medica-hugyko-elleni-kutya-konzerv-6x400g/", "product_description": "Teljes értékű diétás eledel kutyák számára. Urátkőképződés csökkentése. Korlátozott fehérjetartalom és válogatott fehérjeforrások. Cisztinkőképződés csökkentése Alacsony válogatottfehérje-tartalom. Ellenjavallatok: nem adható vemhes és szoptató szukáknak, kölyökkutyáknak, ill. krónikus veseelégtelenség, metabolikus acidózis, szívelégtelenség, magas vérnyomás, vizeletsavasító gyógyszeres kezelés esetén, valamint nagyon érzékeny gyomrú kutyáknak. Állatorvosi diéta: állatgyógyászati elmélet és gyakorlat alapján kifejlesztve. SELECT GOLD MEDICA Urát- és cisztinkőképződés elleni diétás eledel – húgyúti betegségben szenvedő kutyák számára. Összetétel: csirkehús, rizsliszt, szója(bab)fehérje- koncentrátum, kukorica, ásványi anyagok, napraforgóolaj, halolaj, porcellulóz, fermentált rizs. Fehérjeforrások: csirke, szója. Nyomokban egyéb összetevőket is tartalmazhat. Analitikai összetevők: fehérje 6,25%, zsírtartalom 4%, nyershamu 1,8%, nyersrost 0,8%, nátrium 0,247%, kálium 0,24%, klorid 0,29%, vizeletlúgosító anyagok 0,2%, kéntartalmú aminosavak 0,21%. Nedvesség 75%. Adalékanyagok/kg: tápértékkel rendelkező adalékanyagok: D3-vitamin 102 NE, réz (3b405) 1,75mg, cink (3b605) 35mg. Etetési javaslat: Felhasználás előtt vagy a felhasználási időszak meghosszabbítása előtt állatorvos véleményének kikérése javasolt. Ajánlott felhasználási időszak: Urátkőképződés csökkentése: legfeljebb 6 hónap, de a húgysavanyagcsere irreverzibilis (helyre nem állítható) zavara esetén a teljes élettartam folyamán adagolható; Cisztinkőképződés csökkentése: kezdetben legfeljebb 6 hónap. Tovább olvasok"}
{"breadcrumb": "Főoldal/Kutya/Eledelek/Gyógyhatású eledelek/Select Gold Medica húgykő elleni kutya marha&csirke 6x400g", "product_name": "Select Gold Medica húgykő elleni kutya marha&csirke 6x400gSelect Gold Medica húgykő elleni kutya marha&csirke 6x400g", "brand": "SELECT GOLD Medica201g – 400gFelnőttvegyespástétomhúgykő ellenikonzerv", "regular_price": "8394", "selling_price": "", "price_per_unit": "1 399 Ft", "product_url": "https://webshop.fressnapf.hu/termekek/select-gold-medica-hugyko-elleni-kutya-marhacsirke-6x400g/", "product_description": "Pástétom Csirkével és Marhával. Teljes értékű diétás eledel kifejlett kutyák számára. Struvit kövek (húgykövek) feloldása. A vizelet struvittelítettségét csökkentő tulajdonságok és vizeletsavasító tulajdonságok. Struvit kövek kiújulásának csökkentése. A struvit tekintetében a vizelet telítettségét csökkentő vagy metastabilizáló tulajdonságok és vizeletsavasító tulajdonságok. Ellenjavallatok: növekedés, vemhesség, szoptatás, valamint vizeletsavasító gyógyszeres kezelés, metabolikus acidózis, krónikus veseelégtelenség, szívbetegségek, magas vérnyomás esetén és nagyon érzékeny gyomrú kutyáknak sem ajánlott. Állatorvosi diéta: állatgyógyászati elmélet és gyakorlat alapján kifejlesztve. A SELECT GOLD MEDICA Húgykő elleni diétás eledel Struvit csökkentett magnéziumtartalmú diétás eledel vizeletsavasító hatású (pH < 6,5). Ez lehetővé teszi a vizeletmiliőjének szabályozását a struvit kövek hatékony feloldódása érdekében. Összetétel: csirke 24% (zúza, zsír), tök, marha 18% (szív, hús), rizs, ásványi anyagok. Nyomokban egyéb összetevőket is tartalmazhat. Analitikai összetevők: fehérje 7%, zsírtartalom 6,5%, nyershamu 2,2%, nyersrost 0,7%, kalcium 0,18%, foszfor 0,16%, klorid 0,21%, magnézium 0,025%, kálium 0,22%, kén 0,14%, nátrium 0,1%. Nedvesség 76%. Adalékanyagok/kg: tápértékkel rendelkező adalékanyagok: D3-vitamin 200 NE, DL-metionin 4000mg, réz (3b405) 2mg, jód (3b202) 0,75mg, mangán (3b503) 1,4mg, cink (3b605) 25mg. Etetési javaslat: Felhasználás előtt vagy a felhasználási időszak meghosszabbítása előtt állatorvos véleményének kikérése javasolt. Az adatok tájékoztató értékek. Víz mindig álljon rendelkezésre. Legfeljebb naponta 2 étkezés. Felbontás után hűtőszekrényben tárolandó. Az eledel etetéskor szobahőmérsékletű legyen. Ajánlott felhasználási időszak: 5-12 hét; kezdetben legfeljebb 6 hónap. Tovább olvasok"}
